3780 6120
154 283 200 346 dat
238 281 314 340 mu.
333 274 651 344 autom-tmuium,
663 276 751 345 ETC„
763 277 828 335 SEU
848 279 925 335 cett.
945 278 1149 336 CAROLfolS.
1162 277 1395 335 -aPP.-btss.
1410 277 1453 334 DE
1468 276 1554 333 utet.
1566 276 1645 335 ΟΤΤ.
1660 281 1681 336 l.
1720 282 1774 337 003
1854 315 1859 325 ·

155 413 215 455 rere
227 409 309 466 quam
325 392 440 461 diploma
457 391 668 447 Lmletieianum
687 391 935 462 prescientiam·
951 406 1086 472 patttem,
1100 397 1133 452 de
1147 413 1202 467 quo
1218 397 1314 467 agitur,
1340 398 1411 453 bunc
1426 399 1451 452 itt
1471 400 1579 455 niodum
1595 402 1771 470 exprimitur:

154 465 265 540 gnenda,
284 477 318 517 ne
329 463 451 517 civitates
463 463 566 516 dottatm
579 463 722 530 pristinum
736 477 805 516 onus
816 464 937 519 subirent
987 464 1112 520 Firmiter
1128 467 1229 520 onfetmt
1240 468 1358 537 optineri.
1376 466 1456 522 Sttfuo
1473 469 1500 521 in
1513 470 1632 525 omnibus
1646 481 1773 543 potestate

153 553 210 593 cnm
223 533 344 602 reliquis,
367 540 414 585 aut
439 531 548 585 donatio
569 546 623 584 uuo
640 529 787 601 eodemque
810 533 837 585 iu
852 532 876 587 di
898 533 938 588 lo·
986 545 1084 599 nostro,
1107 546 1130 589 et
1158 536 1208 605 filii
1228 546 1439 609 posterorumque
1462 546 1609 592 nostrorum
1627 541 1772 596 recaredum

152 616 221 662 mate
235 603 355 658 illusoria
374 601 520 682 videretur.
548 600 648 654 Verum
666 600 689 654 si
708 601 744 655 ita
756 600 854 681 factum
872 548 937 657 fitis-
1003 604 1053 657 uotf
1067 605 1094 657 in
1103 615 1206 675 paetoet
1218 605 1440 659 constitutionem
1453 607 1632 676 promissionis
1645 608 1781 677 pirrnitate.

150 685 200 738 set,
223 673 360 744 ingenium
374 671 464 724 seculi
480 671 635 724 tlltttsesset
649 671 868 750 utinusettdens.
984 620 1097 742 ilupenii
1122 674 1251 745 pontificis
1272 691 1499 745 successorumque
1518 673 1589 729 illius
1614 679 1772 745 continetur,

182 743 265 800 xxii.
285 740 394 808 Quodsi
406 755 440 794 ex
450 739 587 809 predictis
598 738 630 793 de
641 739 936 809 dtplomatisOttoniaui
985 742 1187 798 idemutomuis
1209 742 1368 804 clerus,etc.
1399 744 1496 798 Fateor
1509 745 1631 812 equidem
1650 762 1692 800 ute
1719 763 1772 803 nott
1802 740 1810 755 ⁰

149 814 303 870 siuomitate
314 818 429 873 cunstat,
445 826 478 863 ex
493 808 666 877 sequentibus
676 809 883 878 Lttdutictauutn
895 826 937 864 re-
986 826 1016 864 as
1023 812 1091 880 sequi
1107 822 1204 876 mente,
1229 828 1277 865 cut·
1286 810 1398 867 Codices
1409 828 1504 867 omnes
1515 823 1671 869 constanter
1682 815 1773 887 legant

197 891 276 938 entes
289 879 348 934 falsi
360 894 392 934 ae
407 879 566 933 temeritatis
581 887 739 948 arguuntur.
762 879 842 933 Aede
857 879 937 933 disci·
985 881 1062 945 idest,
1077 897 1138 936 cum
1154 883 1180 935 iu
1194 883 1358 951 autographo
1375 883 1471 937 litteris
1488 883 1563 937 valde
1576 886 1723 954 perspicuis
1735 886 1774 939 lo-

175 969 217 1006 ma
268 949 339 1004 idem
352 948 563 1003 consecrationis
576 948 720 1018 pontificiae
734 948 824 1002 ditiiu
856 964 958 1003 nece·¹
985 960 1063 1018 gatar
1081 951 1232 1020 idemquod
1251 951 1409 1006 hauddubie
1427 952 1475 1022 pro
1497 952 1770 1025 item-estpositnm;

148 1023 220 1077 denti
250 1018 430 1075 issertatioue.
457 1017 498 1071 Ab
511 1017 545 1072 iis
556 1017 654 1080 rerbiS,
671 1016 802 1071 Pretereo
816 964 869 1071 aiio
884 1020 936 1072 mi·
985 1019 1002 1072 d
1015 1020 1087 1074 euim
1099 1021 1124 1074 iu
1136 1030 1146 1074 t
1156 1031 1184 1075 et
1195 1021 1311 1074 uicissim
1327 1021 1491 1089 frequentem
1512 1023 1685 1077 uttttationem
1699 1025 1773 1079 inve-

149 1107 223 1156 nore,
244 1088 281 1144 nil
295 1087 367 1155 aliud
380 1087 498 1143 occurrit
508 1102 589 1156 quam
603 1086 723 1139 Letharii
736 1086 936 1142 constitutionis
984 1088 1036 1143 uiri
1051 1090 1120 1170 apud
1133 1097 1237 1144 ueteres
1247 1100 1412 1159 compertum
1432 1101 1483 1145 est.
1516 1090 1696 1157 Quamobrem
1719 1095 1771 1149 tria

147 1160 209 1215 anni
220 1158 276 1216 824
288 1157 407 1227 Eugenio
426 1156 445 1211 ll
456 1171 595 1211 assensum
610 1155 688 1226 153
701 1157 845 1223 praebente,
856 1157 935 1225 paule
985 1156 1079 1212 referri
1092 1159 1190 1213 debent
1208 1160 1241 1212 ad
1252 1167 1412 1227 potestatem
1425 1160 1563 1229 principis,
1576 1162 1632 1216 sire
1643 1164 1676 1218 ad
1687 1164 1771 1218 bonu-

148 1230 206 1283 aliis
224 1226 387 1299 quandoque
396 1226 485 1280 ternis
500 1226 648 1294 ordineque
666 1225 860 1293 aliquantulum
871 1227 933 1291 alio,
984 1227 1153 1291 rificentiam,
1166 1236 1212 1282 aut
1224 1229 1351 1284 bonorem
1363 1238 1391 1284 et
1403 1231 1580 1284 reuerentiam
1594 1231 1680 1286 eidem
1696 1233 1771 1288 debi-

147 1298 232 1354 flefis
244 1297 398 1365 exscriptio.
416 1294 529 1350 Ponitur
542 1296 614 1349 euim
630 1294 689 1349 luco
705 1295 792 1362 primo
809 1305 889 1366 caput
906 1297 933 1361 5,
984 1305 1049 1361 tatu,
1067 1306 1097 1352 ut
1111 1295 1227 1351 loannes
1240 1296 1445 1354 flletNicolatts
1458 1300 1477 1353 ll
1491 1298 1603 1380 (Concil.
1617 1309 1671 1355 totn
1683 1301 1727 1365 lx,
1742 1317 1769 1371 p.

147 1367 243 1424 ιΙείιιιιε
255 1373 337 1435 eaput
347 1366 373 1430 f,
386 1373 467 1433 atque
478 1379 510 1418 ex
523 1373 637 1433 unoque
645 1365 826 1434 compingitur
836 1367 936 1420 eonsti-
983 1365 1036 1420 502
1048 1374 1075 1420 et
1087 1365 1165 1448 ttut)
1182 1381 1239 1421 eam
1251 1368 1398 1434 appellant:
1412 1368 1568 1433 Pronnssio,
1577 1382 1623 1423 scu
1639 1369 1771 1439 professio

147 1440 224 1503 tutio,
238 1437 378 1508 qnaeapud
389 1434 543 1489 dunelmum
555 1434 703 1488 Lunensem
724 1434 782 1506 (lib.
797 1450 833 1498 tt,
853 1449 877 1488 c.
888 1435 934 1504 ab)
983 1435 1128 1505 pontilicis,
1151 1435 1359 1505 tustarEugeuii
1375 1437 1410 1502 ll;
1431 1445 1629 1492 sacramentum
1650 1439 1715 1496 cleri
1743 1449 1771 1496 et

146 1508 218 1563 audit
231 1505 584 1590 constitutioirnpcrotorupt
596 1502 801 1573 primiOtltonit,
821 1513 844 1557 et
856 1504 934 1573 prim
983 1506 1073 1573 populi
1087 1507 1119 1560 de
1130 1505 1260 1560 canettiea
1277 1514 1304 1559 et
1323 1505 1396 1575 justa
1409 1507 1554 1571 electione,
1584 1516 1610 1561 et
1634 1509 1771 1578 pontificia

147 1575 271 1642 llenrier';
289 1585 317 1631 at
344 1590 435 1630 revera
449 1583 490 1629 est
500 1572 631 1637 bethurii,
658 1583 688 1627 ut
703 1582 776 1642 patet
794 1588 827 1627 et
847 1572 934 1640 capite
984 1573 1075 1627 eadem
1109 1573 1221 1631 rofessiu
1233 1590 1323 1629 curam
1336 1577 1424 1631 missis
1444 1575 1627 1646 imperialibus
1649 1577 1771 1635 facienda

146 1644 439 1727 eiuslintcgreallato
452 1652 513 1713 post
532 1643 731 1712 duopraedicta,
747 1642 818 1723 quud
832 1641 934 1723 incon·
984 1641 1082 1700 Leonis
1091 1590 1126 1699 fv
1139 1644 1271 1713 exemplo.
1290 1644 1497 1701 immissionem
1509 1645 1663 1701 vetuistam
1682 1662 1714 1703 eo
1729 1664 1772 1705 re-

142 1717 284 1773 stitutione
304 1716 338 1770 tis
361 1714 489 1784 Augustis
513 1714 625 1776 tributa,
653 1711 715 1766 licet
732 1712 933 1767 scriniariorum
950 1714 1104 1808 Baperuisse
1115 1713 1242 1779 arbitror,
1258 1722 1287 1768 ut
1296 1716 1519 1784 quemadmodum
1534 1731 1580 1770 ret
1588 1716 1772 1773 Romanorum

146 1785 302 1856 compositio
311 1793 392 1846 esset,
408 1783 585 1838 desideratur.
622 1781 769 1850 Utratuque
780 1794 827 1850 per
848 1780 932 1835 otium
985 1792 1128 1852 autequam
1141 1785 1285 1853 imperator
1302 1800 1350 1853 per
1368 1787 1569 1842 coronationem
1581 1785 1667 1851 tieret,
1683 1802 1772 1843 sama·

146 1854 280 1910 consules
299 1855 334 1909 ud
348 1852 513 1908 fluistenium
533 1851 610 1933 (Coti.
627 1851 704 1905 flonn
719 1866 778 1920 par.
792 1867 821 1914 tt,
840 1865 866 1919 p.
880 1848 933 1905 208
984 1861 1075 1908 mento
1089 1852 1225 1907 fidelitatis
1238 1869 1267 1908 sc
1278 1855 1443 1924 astringebat
1458 1856 1578 1909 Romano
1585 1855 1716 1925 pontifici,
1734 1858 1771 1914 ita

146 1923 259 1994 matt).
310 1939 374 1977 uum
399 1922 461 1977 inde
488 1920 703 1990 judtciutuesto,
730 1935 793 1973 num
804 1919 933 1974 Lttdorici
983 1919 1063 1975 ltont.
1076 1922 1195 2003 pontifex
1209 1923 1328 1979 vicissim
1340 1939 1370 1979 se
1382 1925 1535 1994 imperatori
1545 1925 1684 1995 obligaret,
1699 1926 1772 1995 quod

146 1993 259 2062 diploma
269 1992 308 2048 nil
320 1994 415 2047 burum
425 1991 576 2055 continens,
592 1990 654 2058 quia
662 1989 780 2044 nondum
788 1990 932 2067 constituta
983 1990 1094 2062 Eugenti
1115 1991 1204 2048 flecto
1222 1993 1330 2049 foederis
1352 1995 1461 2049 nomine
1485 1993 1597 2074 exprimi
1619 1997 1769 2050 consuerit.

147 2061 260 2127 iterant,
281 2071 354 2118 reete
372 2061 595 2122 commentitium,
611 2057 688 2126 juxta
704 2059 868 2138 precipitem
889 2072 933 2112 se·
983 2059 1063 2116 Certe
1082 2061 1273 2132 Luitpraudtts,
1302 2062 1358 2117 site
1379 2062 1437 2131 ejus
1458 2071 1630 2118 continuator
1652 2062 1768 2131 (fleret.
1833 2113 1837 2121 .

146 2132 291 2187 nariomnt
304 2133 473 2194 senentiam,
482 2137 660 2199 nuncupetur.
684 2127 748 2182 llibi
760 2141 830 2181 entm
840 2127 934 2182 sedulo
983 2129 1070 2202 fmpp.
1084 2141 1108 2187 et
1124 2131 1188 2200 fleg.
1201 2130 1219 2185 l.
1232 2147 1267 2195 t't,
1281 2145 1306 2186 c.
1318 2130 1345 2203 6)
1365 2132 1455 2193 refert,
1475 2131 1605 2188 luatmem
1619 2132 1666 2188 lfll
1679 2134 1772 2201 liuius·

146 2201 325 2257 mnsideranti
350 2201 524 2257 Ottonianum
552 2199 676 2269 diploma,
704 2197 775 2266 quod
794 2196 874 2267 Pagio
892 2205 934 2253 est
983 2200 1538 2272 modisacramentumpraestitisseOttuni:
1556 2219 1565 2252 t
1581 2200 1770 2272 inspirandum

147 2270 326 2326 eructatum
336 2270 504 2338 antiquitatis
516 2276 727 2330 monumentum,
742 2266 934 2324 etLudurieia-
983 2285 1047 2325 rere
1060 2271 1095 2324 ab
1114 2270 1208 2325 eedem
1230 2286 1298 2341 papa
1321 2269 1423 2326 luanne
1446 2287 1526 2342 supra
1547 2273 1770 2341 pretiosissimum

147 2355 218 2405 aum,
232 2341 307 2410 qttod
317 2339 528 2395 commentitium
542 2339 629 2393 eidem
642 2338 757 2402 ridetur,
781 2336 833 2392 boc
848 2337 935 2393 since·
983 2355 1080 2408 corpus
1091 2339 1173 2404 Petri,
1196 2348 1276 2410 atque
1288 2342 1412 2396 omuibus
1427 2341 1543 2396 ciuitatis
1558 2343 1724 2410 proceribus,
1739 2359 1769 2398 sc

147 2410 477 2479 utatispleuumapparet,
491 2408 703 2477 quiebistoriam
721 2423 752 2461 ac
765 2407 933 2477 disciplinam
984 2424 1119 2478 uunquam
1133 2409 1293 2479 berengario
1305 2419 1385 2478 atque
1407 2409 1550 2465 adelberto
1576 2412 1770 2467 auxiliaturum

147 2479 184 2533 ttti
199 2480 331 2550 temporis
352 2481 489 2545 cotttinet;
508 2492 539 2533 ac
555 2479 722 2540 detrationes,
741 2493 802 2547 qum
820 2485 884 2531 tuuc
904 2476 931 2529 in
983 2480 1097 2548 accepit.
1113 2499 1122 2532 t
1144 2478 1236 2548 ltaque
1249 2481 1320 2550 quod
1340 2481 1367 2534 in
1389 2480 1532 2552 diplomate
1544 2479 1672 2536 badonici
1684 2483 1772 2536 sauei-

149 2548 353 2612 architectum,
376 2549 519 2619 diligenter
542 2549 738 2617 nullaquecum
755 2545 932 2616 repugnantia
983 2557 1039 2603 tunt
1048 2549 1132 2604 fuisse
1143 2549 1268 2614 vidimus,
1282 2558 1311 2604 ut
1320 2551 1521 2621 postpontillcis
1530 2553 1769 2614 consecrationem,
1804 2592 1808 2599 .

148 2619 276 2674 enuntiat.
308 2617 447 2674 Ottuuiaui
465 2632 528 2673 reto
542 2618 724 2673 sinceritatem
741 2615 873 2686 indigesta
889 2631 934 2669 ru·
985 2618 1105 2688 «Legati
1123 2617 1156 2673 ad
1171 2634 1236 2684 nus,
1255 2619 1298 2674 rel
1318 2620 1351 2674 ad
1375 2635 1545 2675 successores
1566 2630 1673 2675 nostros
1694 2634 1772 2690 reges

148 2686 236 2758 lisque
246 2689 417 2756 compositio,
432 2688 604 2744 donationum
618 2685 783 2740 confusione
798 2685 932 2754 repetitio,
983 2686 1149 2743 Francorum
1162 2688 1321 2757 dirigantur,
1335 2691 1381 2758 qui
1396 2690 1467 2743 iuter
1479 2705 1537 2754 uos,
1564 2698 1592 2745 et
1602 2690 1663 2744 illos
1678 2690 1772 2743 amici-

148 2770 247 2813 tecnou
261 2758 401 2828 disciplina
416 2758 560 2813 creationis
572 2754 715 2825 pontificia
727 2770 741 2807 a
751 2753 933 2809 Ludoriciatto
982 2756 1048 2810 tiam
1060 2767 1087 2811 et
1100 2758 1260 2812 charitat-nu
1273 2774 1304 2813 ac
1323 2774 1415 2828 pacem
1430 2759 1542 2823 socient,
1560 2777 1570 2811 t
1590 2759 1654 2814 ltine
1672 2758 1773 2827 colligi·

147 2841 198 2883 aro
210 2827 356 2882 admodum
367 2828 451 2889 varia,
466 2826 533 2881 milti
546 2827 670 2881 ridentur
688 2822 856 2892 praeseferre.
888 2823 933 2878 ti·
983 2832 1038 2890 tur,
1051 2826 1198 2897 Eugenium
1211 2827 1232 2882 ll
1249 2829 1295 2896 qui
1308 2828 1429 2883 Pascltali
1441 2827 1452 2881 f
1466 2829 1605 2892 successit,
1624 2836 1705 2896 atque
1720 2828 1773 2882 En·

147 2895 358 2953 featuratttemt
373 2899 426 2952 ime
441 2897 563 2962 illndpro
576 2904 651 2950 certo
663 2893 797 2948 affirmare
810 2909 863 2949 nou
884 2894 934 2947 du·
983 2897 1056 2966 genii
1080 2912 1250 2952 successores
1271 2899 1299 2951 in
1319 2898 1505 2968 promissione,
1531 2911 1577 2951 seu
1592 2897 1771 2967 professione,

146 2961 207 3028 litu,
236 2968 310 3036 qttod
332 2966 522 3029 Ludorieiano,
541 2967 611 3020 unde
632 2963 705 3028 Otto,
729 2963 932 3018 scriniariorum
984 2968 1195 3021 consecrationis
1211 2978 1332 3037 tempore
1351 2969 1507 3022 societatem
1527 2966 1598 3020 illam
1612 2967 1690 3036 155
1704 2968 1773 3021 atui-

144 3044 244 3091 sanctae
270 3037 343 3091 sedis
361 3052 452 3106 opera,
477 3034 614 3099 etoliiciu,
638 3035 665 3089 iu
692 3048 770 3088 suum
794 3033 932 3088 transtulit
984 3035 1257 3102 citiaeetcbaritatis,
1286 3037 1579 3106 acisqueetpressissc,
1600 3037 1771 3105 qnatttlegati

142 3115 310 3187 tutcmtnpue
331 3106 401 3161 iuter
419 3122 448 3160 se
466 3105 531 3160 uiltil
553 3112 685 3175 puguant,
710 3118 742 3158 ae
767 3102 932 3172 diligentiam
947 3083 968 3141 C
985 3104 1215 3175 adimperatorem
1226 3053 1371 3162 defirmat.
1403 3105 1468 3171 Quae
1480 3121 1523 3160 res
1537 3105 1659 3160 absonis
1669 3105 1702 3160 fil
1715 3120 1773 3161 tuc-

140 3175 348 3231 tcriuiartorum
362 3184 481 3230 veterum
494 3175 689 3240 demonstrant,
706 3172 831 3230 tatsttms
841 3181 932 3228 nutant
985 3175 1690 3260 cessetibnstlerieoepitooramimperialibusmissis,
1702 3176 1774 3245 quod

138 3237 251 3300 inurere
268 3245 389 3310 audacia,
402 3243 574 3301 0ttouiauum
584 3261 647 3301 tero
659 3247 687 3300 iu
698 3245 933 3310 dubiumrertere,
984 3246 1070 3316 liquet
1080 3263 1113 3301 ex
1130 3248 1323 3316 superioribus.

133 3312 252 3368 mentiri
272 3322 325 3369 est.
1022 3315 1115 3372 lllflll.
1135 3316 1292 3387 iliplomatis
1309 3331 1371 3386 pars
1391 3322 1522 3380 extrema,
1544 3329 1592 3371 seu
1605 3313 1773 3370 conssrtnatio

135 3395 139 3401 ·
166 3381 273 3440 mil.
296 3383 384 3440 llttttnt
398 3383 464 3444 mssti
489 3386 669 3442 adnotandum
686 3383 842 3447 exciderat,
862 3381 934 3452 quod
984 3392 1012 3440 et
1027 3387 1132 3457 siguum
1154 3387 1334 3456 imperatoris,
1359 3394 1439 3454 atque
1462 3386 1629 3454 optimatum,
1650 3384 1773 3452 siteepi·

130 3456 370 3519 mdtcmomnta
391 3456 425 3510 ad
448 3457 615 3525 disciplinam
633 3454 772 3510 electionis
792 3450 935 3506 coufirma-
985 3453 1774 3524 scoparumetcomitumsubscriptionessineetitatiutrius·

127 3524 281 3594 tmntsqne
298 3523 376 3578 Rout.
395 3527 529 3595 pontilicis
544 3541 638 3595 parum
660 3525 773 3579 solerter
790 3523 935 3577 creduntur
985 3539 1037 3593 que
1060 3525 1213 3594 diplomatis
1250 3525 1440 3608 suffragantur.
1476 3524 1534 3578 Non
1565 3525 1636 3578 euim
1665 3522 1774 3576 aliunde

126 3587 264 3663 incipere
279 3594 313 3649 ab
326 3594 359 3647 ils
374 3596 461 3650 retbis
475 3597 617 3650 nuendum
629 3593 708 3663 quod,
724 3600 788 3655 etc,
800 3589 934 3645 etettima
985 3595 1150 3650 consortium
1170 3594 1276 3652 Ottonis
1293 3596 1340 3649 filit
1361 3596 1472 3664 petitum
1487 3603 1538 3658 est,
1556 3608 1636 3663 quam
1660 3607 1695 3646 et
1717 3591 1772 3645 Lu·

123 3663 433 3719 conuitiouetttasatna
444 3665 472 3720 in
486 3665 604 3722 omnibus
618 3673 743 3734 potestate
756 3671 855 3722 nostro,
866 3668 932 3723 etc,
986 3662 1136 3729 doriciauo,
1156 3666 1199 3720 cui
1219 3673 1274 3720 tres
1307 3664 1435 3719 Ludoriei
1468 3664 1514 3717 filii
1541 3663 1770 3730 subscripserunt.

121 3727 368 3803 incipiuntalias
392 3736 523 3789 settlentia
540 3731 765 3802 earetpriucipio.
796 3729 831 3782 nt
843 3729 880 3782 ita
896 3728 935 3782 ia·
986 3729 1113 3798 Quamuis
1140 3743 1230 3788 autem
1256 3739 1318 3788 Otto
1344 3733 1415 3787 filius
1439 3749 1491 3787 non
1516 3732 1720 3794 subscribebat
1735 3730 1772 3784 illi

120 3803 272 3858 ciendum
283 3799 332 3856 fuit
343 3817 358 3855 a
370 3803 545 3872 scriptoribus
559 3811 660 3858 sancte
679 3802 735 3856 sedi
759 3798 886 3862 infensis,
905 3805 935 3852 ut
986 3801 1117 3867 fecerant,
1131 3805 1194 3872 quia
1221 3805 1325 3859 scilicet
1337 3816 1404 3872 puer
1416 3802 1442 3855 in
1468 3801 1613 3857 Germania
1637 3814 1774 3855 remanse-

121 3871 400 3940 noutilieibusquod
415 3888 493 3927 suurn
508 3882 576 3938 erat,
605 3873 750 3940 eriperent,
773 3869 935 3923 tribuerent·
986 3880 1037 3934 rat,
1059 3881 1148 3926 tamen
1169 3889 1220 3927 uua
1234 3888 1294 3927 enm
1327 3881 1385 3926 atre
1402 3869 1544 3933 inducitur,
1575 3877 1674 3924 sauctae
1701 3868 1774 3923 sedis

120 3954 194 4013 qne
205 3941 453 4023 principibusquod
467 3958 544 3999 suum
558 3959 610 3999 nott
625 3949 695 4005 erat,
707 3956 740 3994 ne
754 3938 828 3993 falsae
841 3952 934 3992 eorum
981 3937 1044 4009 iura
1059 3942 1232 4008 couftrmaus,
1251 3888 1325 4011 quos
1348 3940 1458 3994 minime
1477 3939 1575 3993 factum
1600 3938 1705 4001 fuisset,
1720 3937 1772 3992 nisi

122 4013 288 4093 opiniones
305 4009 339 4064 tle
357 4011 493 4082 pontificia
508 4012 690 4067 dominatione
715 4015 883 4072 eormerent,
903 4023 934 4062 ac
985 4010 1143 4066 abudorici
1157 4012 1218 4066 filiis
1228 4021 1366 4082 paternam
1394 4009 1624 4064 continuationem
1649 4007 1772 4062 roborari

123 4077 339 4147 videreturjus
355 4082 564 4150 imperatorium,
583 4092 776 4162 potestasque
795 4076 935 4147 privilegio
1021 4089 1154 4150 rspectum
1168 4091 1249 4137 esset.
1269 4081 1340 4137 luter
1361 4080 1560 4135 subscribentes
1577 4086 1666 4132 autem
1679 4077 1772 4145 palatii

123 4159 246 4205 unctae
259 4148 472 4206 sedisiuuititur.
496 4151 538 4206 Nil
548 4152 659 4215 facilius,
675 4167 754 4220 quam
766 4150 816 4208 ista
827 4160 936 4215 perver·
1009 4165 1152 4206 raucorum
1178 4153 1277 4215 officia,
1296 4166 1342 4207 seu
1363 4150 1517 4219 dignitates,
1542 4146 1770 4208 bibliothecarius.

124 4226 201 4276 lere
216 4219 245 4273 itt
258 4220 441 4275 exscribendis
453 4221 651 4290 diplomatibus,
664 4222 697 4276 de
710 4215 935 4290 quibusloquitur
987 4220 1191 4287 mansionarius,
1220 4222 1363 4277 bestiarius
1378 4236 1431 4275 nou
1455 4220 1634 4288 reperiuntur,
1657 4231 1773 4285 namque

121 4283 264 4344 loannes
285 4289 458 4344 fleutnaunus
484 4290 637 4362 (comment.
651 4291 683 4344 tle
702 4307 730 4344 re
743 4287 814 4359 [lipl.
831 4301 891 4411 cap
907 4285 933 4350 f,
987 4289 1038 4344 alia
1053 4300 1128 4345 eraut
1152 4300 1280 4362 tempora,
1299 4289 1344 4345 alii
1365 4288 1561 4345 Germanorum
1583 4302 1681 4342 mores.
1701 4284 1774 4340 Ptre-

125 4355 324 4482 'will-¹¹)
350 4374 382 4413 ex
398 4358 705 4416 ifabilfoniiebscrtatis
722 4359 751 4430 (Ι.
770 4375 789 4423 t,
809 4357 860 4414 e.f
883 4373 932 4421 ,ιι.
987 4368 1060 4414 terea
1079 4360 1144 4415 illud
1170 4363 1273 4432 proprie
1296 4376 1389 4414 munus
1415 4358 1549 4429 signaculo
1564 4359 1591 4413 in
1621 4355 1772 4412 Ottouiset

161 4427 189 4493 5,
202 4427 237 4481 dt
247 4443 276 4481 ιθ
289 4427 359 4498 Diti·
370 4429 391 4497 l,
413 4430 483 4499 quud
502 4438 530 4483 et
553 4428 714 4486 Godefridus
727 4429 811 4484 abbas
825 4426 935 4499 (Cliton.
950 4418 975 4477 Ι)
988 4430 1096 4484 llenrici
1112 4430 1301 4501 diplomatibus
1312 4431 1386 4484 bisce
1396 4443 1551 4494 occurrens,
1566 4428 1699 4482 undenam
1710 4440 1774 4495 pru-

130 4495 230 4552 Cotto.
256 4505 321 4552 tout.
337 4497 364 4561 l,
388 4498 406 4551 l.
423 4515 447 4564 t,
468 4498 522 4570 §tit
540 4508 567 4553 ct
585 4503 737 4568 quicunque.
754 4507 813 4568 post
828 4505 933 4551 tautum
985 4498 1094 4554 fluxisse
1107 4501 1269 4556 credendum
1287 4508 1337 4564 est,
1358 4499 1409 4553 nisi
1427 4515 1460 4554 er
1476 4498 1619 4567 diplomate
1632 4496 1771 4559 budotici,

129 4567 234 4622 *imru
259 4567 401 4636 scripsere,
423 4571 597 4624 continuant:
621 4569 760 4637 attritique
788 4566 934 4636 diplomata
985 4570 1057 4638 quod
1070 4583 1125 4637 prm
1148 4571 1272 4625 manibus
1287 4569 1489 4624 scriniariorum
1518 4567 1578 4632 fuit,
1595 4568 1666 4622 baud
1691 4565 1773 4620 dubie

135 4647 201 4690 uno
214 4638 293 4705 quasi
306 4653 386 4702 ttettt,
414 4639 494 4693 nullis
507 4638 777 4707 distittctiouissignis
792 4636 935 4704 interposi·
984 4640 1065 4693 etiam
1080 4637 1277 4695 0ttonis0eulis
1290 4639 1460 4707 subjeetum?
1479 4637 1600 4693 Profecto
1614 4637 1697 4690 abbas
1708 4635 1773 4689 Gut-

137 4706 339 4761 tisoobaerent.
358 4707 409 4775 Qui
422 4708 525 4763 tabulas
537 4710 774 4776 transcripserunt,
788 4706 876 4760 varias
888 4720 935 4758 no-
985 4709 1095 4764 tricens.
1127 4724 1199 4780 sape
1221 4709 1346 4764 fundatus
1372 4708 1480 4778 (Citron.
1506 4717 1571 4762 tem.
1586 4707 1605 4764 l.
1626 4706 1644 4759 l.
1661 4722 1691 4769 tt,
1705 4720 1730 4760 e.
1743 4706 1769 4767 5.

135 4781 189 4830 tas
212 4778 412 4847 ascripserunt,
433 4793 545 4847 quatum
567 4778 647 4850 15ss
669 4777 809 4832 arbitrium
835 4774 935 4829 rectius
984 4792 1011 4847 p.
1027 4778 1097 4847 ΓΠ),
1113 4794 1166 4850 quo
1182 4788 1316 4834 sertttttor
1334 4779 1401 4832 alius
1415 4778 1565 4832 Germaniae
1583 4791 1674 4847 regum
1691 4782 1773 4843 atque

139 4842 216 4900 [orte
226 4844 322 4901 lectori
347 4848 470 4902 relictum
481 4848 582 4902 fuisset.
610 4847 722 4913 Carolus
736 4847 846 4929 llagnus
860 4844 936 4913 equi·
986 4847 1168 4930 Augustorum
1183 4849 1336 4917 diligentior
1349 4864 1402 4902 nun
1419 4847 1577 4909 inuenietur,
1589 4845 1696 4900 Ottonis
1706 4847 1770 4899 sub-

139 4912 336 4981 elemblcuini,
352 4917 476 4972 etfaroli
489 4916 650 4973 Warueirbli
666 4932 716 4986 ope
732 4916 836 4971 codices
852 4915 935 4968 iuter·
985 4920 1174 4987 scriptionibus
1192 4920 1274 4972 variis
1287 4919 1313 4972 iu
1326 4918 1442 4971 medium
1457 4916 1554 4978 allatis,
1583 4923 1637 4968 tres
1655 4913 1716 4967 inde
1729 4928 1771 4967 re-

141 4985 336 5051 pmcuontbus
351 4987 521 5042 illustrandus
538 4989 657 5049 curarit:
672 5001 718 5041 eas
729 4996 819 5041 tamen
834 4985 935 5038 ebartte
985 4987 1061 5058 gulas
1086 5000 1176 5044 certas
1193 4988 1301 5042 educit:
1318 4989 1337 5041 l.
1349 4985 1474 5040 Ottouem
1501 5000 1582 5038 narra
1597 4983 1712 5052 propriu,
1729 4983 1770 5034 rel

145 5051 287 5123 aliquanto
307 5057 394 5111 serius
418 5065 586 5126 receperunt.
603 5078 612 5111 t
644 5057 719 5123 Quod
737 5056 837 5109 dictum
854 5053 934 5106 velim
984 5073 1078 5111 monus
1093 5060 1205 5128 proprie
1217 5059 1291 5129 sipno
1308 5064 1463 5112 constanter
1477 5056 1516 5108 uti
1531 5055 1558 5107 in
1569 5051 1767 5121 diplomatibus.

143 5133 197 5246 pro
222 5124 256 5178 iis
275 5126 508 5195 qui0ttonianunt
523 5129 718 5196 autographum
735 5124 933 5178 nuttrideruut.
985 5124 1016 5178 ff.
1036 5127 1142 5189 rinntdi,
1170 5136 1196 5181 et
1226 5127 1306 5197 sigilli
1335 5140 1428 5180 recem
1455 5125 1606 5193 pmmiscue
1629 5134 1768 5187 usurpare.

170 5196 355 5250 urtasseeuim
371 5211 530 5265 persuasum
543 5197 635 5251 iisdem
657 5196 719 5260 erit,
739 5193 826 5246 omnia
839 5193 935 5246 distin·
984 5193 1027 5248 ΙΙΙ.
1047 5194 1182 5267 lusipniri,
1209 5197 1367 5268 subsignari,
1396 5194 1523 5256 roborari,
1550 5190 1721 5249 corroborari,
1736 5190 1771 5240 si·

148 5262 245 5318 ctieuis
263 5266 338 5333 signa
352 5266 413 5320 inde
431 5266 513 5320 etiam
537 5266 640 5330 altesse,
660 5281 691 5319 ac
713 5272 853 5333 propterea
866 5276 935 5331 pnn—
985 5263 1083 5334 pillari,
1095 5267 1178 5336 nitigi,
1202 5266 1315 5335 firmari,
1339 5265 1446 5328 muniri,
1463 5261 1623 5332 sentimenti,
1641 5257 1768 5311 vocabuit

148 5328 359 5389 ecaterinae
379 5336 519 5404 superiora
535 5336 630 5390 referri
652 5335 760 5403 impune
781 5346 869 5402 posse.
899 5332 935 5385 m
985 5347 1092 5402 semper
1104 5337 1240 5390 adbibere.
1260 5336 1347 5391 Unam
1370 5334 1464 5388 saltem
1482 5332 1612 5386 extribus
1636 5328 1710 5382 bisce
1724 5342 1768 5381 re-

150 5414 224 5458 secus
241 5404 324 5458 estin
340 5403 477 5460 Ottoniaui
495 5405 648 5476 diplomatis
670 5401 936 5482 autograpbozsnis
985 5403 1055 5475 gulis
1067 5412 1200 5458 servasset
1217 5403 1281 5459 Otto
1308 5405 1335 5458 iu
1357 5405 1409 5459 ltoc
1435 5403 1587 5525 diplomate,
1615 5406 1644 5452 ut
1667 5411 1768 5452 morem

150 5471 245 5543 quippe
255 5473 480 5542 mtterpunctiouis
498 5476 614 5529 varietas
629 5472 821 5527 sctttcutiarum
840 5470 937 5524 distin·
985 5489 1063 5528 suunt
1080 5473 1199 5528 imitatus
1213 5489 1272 5529 esse
1284 5473 1439 5528 rideretur!
1484 5480 1494 5524 t
1509 5479 1604 5524 contra
1616 5482 1770 5536 proitianus

149 5541 248 5609 guitur.
279 5542 398 5599 Tametsi
408 5545 548 5614 scripture
562 5543 728 5600 continuatio
741 5541 842 5594 nullum
857 5555 889 5594 ert
903 5542 936 5594 iis
985 5543 1101 5612 propriae
1122 5543 1208 5624 signo,
1235 5545 1337 5613 proprie
1359 5559 1452 5596 munus
1477 5537 1631 5662 riprando,
1657 5551 1707 5618 pro
1721 5552 1770 5590 att·

150 5611 280 5679 aptttbus
291 5615 425 5679 admittat,
450 5631 476 5668 tu
501 5631 560 5684 quae
573 5630 631 5684 ego,
655 5611 760 5668 Baronii
783 5609 935 5678 exemplum
986 5614 1060 5677 ttulo,
1074 5614 1114 5667 rel
1131 5614 1219 5683 sigillo
1244 5613 1375 5681 insigniri,
1389 5619 1442 5665 etc.
1454 5609 1499 5664 bul
1510 5625 1533 5664 a
1554 5616 1649 5663 nostre
1663 5623 1765 5677 ineptes

151 5692 265 5748 tecutus,
288 5682 352 5738 illud
366 5701 415 5756 pro
429 5701 516 5741 rerum
532 5685 662 5740 intimate
678 5681 810 5740 distribui.
848 5679 936 5736 Locus
985 5683 1058 5737 siour
1080 5683 1221 5753 obsipumi.
1244 5682 1315 5737 l'ulsi
1338 5681 1420 5750 igitur
1441 5678 1610 5736 insimuletur
1629 5675 1769 5746 diplotna?
