3780 6120
104 192 173 249 fiii
838 184 1000 242 subsstis
1669 184 1737 237 itini

101 301 304 363 exaltationem.
329 298 365 359 Ut
386 316 447 372 quae
463 317 536 359 nune
555 302 702 360 saevissima
727 316 892 374 paganorum
908 304 929 359 b
944 299 1114 371 eleemosyna
1128 308 1220 355 nostra
1234 299 1268 356 ad
1282 300 1403 355 earrrdcm
1428 314 1505 355 suam
1517 299 1607 357 sedern
1621 298 1739 370 aliquam

105 393 179 449 rabie
190 389 293 461 dejecta
308 398 335 448 et
349 392 508 449 eoneuleata
520 393 641 449 cernitur
655 402 748 449 nostro
761 392 892 463 imperiali
945 391 1095 460 portionem
1115 391 1293 456 baereditatis,
1308 406 1388 460 quam
1411 390 1569 460 llotgandus
1582 389 1738 460 Langobar-

103 484 172 555 erigi
187 499 237 539 eon
241 521 296 537 .....
312 491 374 537 atur
391 482 568 557 [consoletur]
584 497 705 540 munere.
724 484 895 555 Quapropter
945 487 1009 551 dus,
1024 494 1051 541 ct
1071 500 1216 556 germanus
1232 484 1303 540 illius
1315 484 1391 539 Felix
1403 484 1474 538 intra
1487 483 1624 538 civitatem
1637 482 1679 538 rel
1694 481 1737 538 fo-

106 578 154 633 bas
177 583 346 647 praecepta...
360 589 391 630 cs
410 574 606 648 [praeceptales]
624 575 730 631 litteras
750 573 894 628 omninoa
945 576 984 629 ris
1005 590 1089 644 prope
1105 575 1204 630 moenia
1222 574 1340 630 civitatis
1354 574 1438 644 ipsius
1451 573 1617 639 babuerunt,
1636 582 1664 628 et
1676 588 1739 643 pso-

105 664 452 740 nostronuncju...[jnre]
474 668 667 724 bansfudimus
682 664 766 735 injus
769 703 822 718 .....
841 671 896 719 sta·
945 675 1006 735 pter
1023 681 1117 720 eorum
1131 665 1332 729 infidelitatem,
1350 665 1486 734 quincum
1498 662 1739 733 Rotgandoquon·

106 769 160 816 tem
175 759 214 832 [et
227 758 402 831 potestatem]
415 753 898 828 domnisupradictiPaulinipatriar·
946 756 1008 811 darn
1036 756 1139 812 iufnleli
1165 756 1242 829 daeg
1263 754 1371 810 fuemnt
1386 753 1531 819 interfecti,
1555 754 1582 808 in
1603 754 1739 823 publicum

106 854 164 908 cbae
176 851 270 906 omniu
273 888 327 905 .....
339 849 401 905 llius
415 848 599 922 [omniumque
612 846 695 918 illius]
707 859 895 902 srrccessorum
946 858 1069 906 nostrum
1083 849 1230 905 secundum
1241 847 1327 918 legem
1343 847 1510 903 Francorum
1523 847 1565 900 vel
1582 846 1739 917 Langobar-

106 958 154 999 ses
164 957 242 1013 ep...
254 950 335 1013 patus
350 939 553 1015 [episcopatusl.
569 938 656 995 Unum
666 937 798 992 videlic...
813 934 899 1008 [tide-
947 947 1043 1001 dorum
1056 944 1215 1010 devenerat;
1227 951 1255 997 et
1265 951 1326 1012 post
1336 941 1444 997 iilomm
1454 941 1569 996 duorum
1582 939 1696 995 fratrum
1707 941 1741 995 de

107 1032 182 1106 litet}
201 1032 423 1089 concordiensem
447 1032 473 1086 ²1
475 1070 530 1086 ·····
548 1030 668 1087 inensem
696 1026 897 1103 [utinensenp
948 1036 999 1090 bae
1018 1035 1079 1090 luce
1092 1032 1197 1088 obitum
1212 1032 1321 1102 quidam
1339 1030 1426 1086 fidelis
1439 1037 1533 1085 noster
1542 1030 1651 1084 nomine
1668 1028 1742 1083 Lan-

108 1122 219 1179 tertium
244 1121 330 1188 illum,
355 1121 401 1193 qui
415 1121 487 1193 sputi
508 1119 646 1176 civitatem
666 1133 766 1174 uotam
788 1116 900 1175 Histria
947 1125 1008 1181 dola
1027 1139 1076 1195 per
1091 1110 1215 1179 nostrffln
1234 1121 1322 1176 tenuit
1346 1119 1523 1185 beneficium,
1542 1126 1571 1174 et
1586 1126 1647 1189 post
1662 1116 1742 1186 hujus

108 1232 124 1272 e
126 1254 181 1270 .....
193 1215 323 1270 nstitutus
336 1208 522 1286 [constitutus]
535 1224 595 1266 0⁸⁸0
614 1210 755 1277 noscitur,
771 1216 900 1280 quartam
949 1219 1099 1276 discessum
1118 1217 1212 1272 Βοιιηο
1235 1214 1307 1270 filius
1330 1214 1390 1282 ejus
1411 1214 1542 1270 haetenus
1557 1221 1649 1268 tenere
1669 1211 1744 1268 visus

109 1321 175 1362 teto
199 1302 549 1377 acsimanensium
572 1299 900 1368 Penetettsem‚⁸e¹tt¹m
948 1307 1010 1373 fuit,
1023 1308 1192 1363 traderemus
1202 1304 1244 1360 sel
1254 1304 1486 1367 confirmaremus,
1501 1310 1633 1372 quatenm
1646 1316 1745 1372 oppor-

111 1440 167 1458 .....
180 1400 373 1457 arsaticensem
384 1393 619 1471 [farsatieuaeml.
630 1393 760 1451 Volumus
772 1393 899 1464 de..·.q..
950 1400 1042 1454 tunius
1057 1405 1139 1467 atque
1149 1394 1289 1451 decentius
1300 1393 1370 1447 atria
1380 1391 1421 1448 vel
1431 1392 1551 1461 reliquas
1564 1389 1745 1446 construetio-

112 1486 251 1565 [denique]
273 1502 306 1545 ac
327 1500 376 1558 per
386 1487 437 1541 bas
458 1492 560 1541 nostrae
571 1482 778 1555 magnificentiae
797 1481 902 1537 litteras
950 1504 1015 1555 nes,
1034 1503 1095 1559 qum
1107 1487 1142 1542 ad
1155 1487 1286 1541 bonorem
1303 1483 1375 1539 illins
1386 1482 1437 1538 loci
1452 1483 1632 1554 pertinerent;
1648 1497 1745 1538 secun·

110 1578 261 1635 tintittttss
276 1574 413 1645 jubemus,
431 1583 462 1630 ut
485 1574 513 1629 in
528 1573 570 1630 hia
590 1571 793 1644 praenominatis
804 1570 863 1627 lo...
877 1570 902 1629 is
951 1579 1014 1634 dum
1027 1578 1099 1648 quod
1111 1578 1168 1647 ipse
1183 1582 1273 1631 mente
1284 1573 1396 1644 provida
1410 1581 1584 1639 tractaverat,
1596 1572 1745 1645 adimplere

111 1666 201 1742 [loeis]
224 1668 366 1741 episcopos
385 1667 527 1725 ordinandi
549 1681 583 1722 ae
603 1662 716 1735 regendi
742 1663 799 1719 sire
818 1662 900 1719 dandi
917 1666 1049 1727 Bvaleat.
1065 1665 1120 1723 Nos
1132 1680 1196 1722 vero
1205 1665 1239 1720 de
1252 1672 1306 1719 tarn
1314 1663 1437 1734 preclari
1446 1664 1536 1734 operis
1543 1663 1745 1719 constructione

112 1757 314 1828 uubusjmvcl
334 1765 495 1829 potestatem
518 1757 621 1813 babere
648 1770 697 1813 seu
711 1769 839 1812 exercere
854 1753 903 1811 ali·
952 1759 1095 1815 exhilarati
1116 1759 1301 1815 condonamus
1327 1765 1409 1828 atque
1434 1757 1627 1814 confirmamus
1650 1772 1746 1828 snpra·

112 1848 219 1920 quando
231 1855 394 1919 praesumat,
409 1854 509 1919 praeter
523 1862 602 1913 eum,
619 1846 665 1918 qui
679 1853 781 1902 sancta
793 1843 904 1917 aqune-
952 1850 1052 1905 dictam
1064 1849 1216 1921 portionem
1228 1848 1342 1905 duorum
1352 1847 1544 1918 praedictamm
1557 1845 1671 1903 fratrum
1684 1845 1745 1902 infi-

109 1936 196 2007 itnsis
207 1937 330 1995 ecclesias
352 1937 535 2009 gubernaculo
553 1937 691 1993 videbitur
704 1950 817 2006 tedere,
833 1941 863 1990 ti
874 1940 904 1988 ut
953 1941 1054 1996 delium
1071 1940 1205 2012 Rotgandi
1232 1939 1359 1998 videlicet
1376 1948 1404 1995 et
1429 1937 1543 2004 Felicis,
1570 1953 1631 2008 quae
1648 1938 1683 1995 ad
1699 1935 1746 2008 jus

112 2043 152 2083 ³³⁰
162 2026 243 2101 [haec]
267 2026 416 2082 auctoritas
426 2025 531 2082 “tutior
549 2026 691 2089 habetitur»
706 2040 738 2079 tc
751 2022 824 2079 ⁰le
836 2030 904 2079 itm·
953 2040 1077 2089 nostmm
1091 2033 1229 2105 pertinere
1243 2032 1454 2105 dignoscebatur
1471 2031 1497 2086 in
1513 2031 1684 2101 eleemosyna
1695 2045 1746 2086 no-

113 2135 178 2190 pore
190 2118 286 2176 metim
297 2126 481 2183 mereremur,
493 2133 576 2173 marn
585 2117 694 2189 propria
708 2117 803 2173 subter
814 2113 905 2171 tlrma-
954 2131 1010 2177 stra
1036 2123 1230 2193 promerearis
1242 2123 1340 2177 aalma
1358 2130 1458 2177 nostras
1470 2128 1646 2191 augmentum
1658 2119 1746 2177 eccle-

113 2210 211 2275 rimus,
229 2218 258 2265 et
270 2210 304 2265 de
316 2209 416 2266 annulo
428 2218 522 2265 nostro
534 2206 795 2280 sigillarijnssimus.
954 2214 1002 2269 siae
1012 2212 1059 2268 bei
1072 2220 1173 2269 sancta
1185 2212 1326 2285 genitricis
1339 2212 1438 2278 Mariae,
1455 2211 1497 2268 vel
1507 2212 1541 2267 ad
1556 2210 1642 2282 ipsam
1654 2211 1745 2269 moen

149 2299 262 2370 Signum
275 2298 364 2356 Caroli
377 2298 566 2370 gloriosissimi
581 2298 764 2370 imperatoris.
954 2302 1172 2376 aquilejensem,
1190 2315 1221 2361 ut
1233 2305 1361 2376 perennis
1374 2304 1541 2376 temporibus
1553 2306 1587 2361 ad
1601 2307 1686 2377 ipsam
1703 2321 1746 2365 se·

149 2387 266 2444 ]θωῦὓῦ
278 2390 312 2444 ²¹¹
322 2389 409 2445 Vifeffl
423 2387 523 2453 3ῧᾶού
535 2388 646 2461 iffiiffl
659 2396 687 2445 ‘i
697 2387 867 2463 ῦῦῧῦὓῐῑβῦῑῑ·
955 2401 1016 2455 dem
1029 2389 1289 2477 sanetam'protlciat
1305 2405 1333 2461 in
1348 2400 1499 2477 augmentis
1521 2423 1527 2459 :
1548 2403 1575 2462 id
1586 2411 1626 2462 esi
1641 2404 1744 2471 donatos,

150 2478 217 2533 ”ab
231 2478 318 2554 praue
340 2478 430 2540 ninas
444 2477 578 2556 lagunas
595 2496 666 2539 ³¹¹110
681 2493 713 2539 ¹1¹
730 2482 837 2554 amaena
856 2494 904 2537 ¹¹⁰·
955 2495 1073 2552 carratam
1085 2510 1147 2552 cum
1158 2496 1297 2562 normam,
1311 2496 1537 2561 enarratores,
1549 2496 1646 2560 vinea,
1660 2496 1745 2562 sitris,

116 2573 175 2637 stri,
189 2573 412 2631 indictionerero
425 2591 445 2629 ¹·
954 2586 1059 2657 pratis,
1081 2601 1128 2643 seu
1157 2585 1308 2658 portionem
1328 2585 1421 2652 illam,
1446 2599 1527 2655 quam
1550 2584 1578 2639 in
1599 2592 1679 2656 portu
1696 2583 1747 2641 tlu-

150 2665 248 2719 dotum
263 2665 394 2720 Romaein
410 2664 456 2720 bei
471 2664 581 2720 nomine
601 2661 725 2719 feliciter.
739 2661 836 2718 nmen.
956 2675 1055 2742 minas,
1078 2676 1150 2746 quoq
1175 2684 1288 2732 ,magur
1303 2675 1469 2741 passionis,
1494 2676 1594 2733 parm
1616 2676 1667 2731 ,ng
1689 2674 1747 2735 gg..

489 2783 534 2838 lll.
956 2775 1037 2832 runt,
1055 2768 1125 2824 sicut
1137 2766 1260 2837 superius
1275 2767 1543 2839 comprehendimus;
1563 2765 1693 2836 quidquid
1702 2764 1746 2823 iu·

117 2873 452 2957 slliplomcsroiillcgm·
460 2874 815 2949 pflmgqopqmmgm
826 2875 908 2949 ΑΜ,
958 2864 1000 2912 tra
1012 2856 1148 2912 civitatem
1161 2857 1203 2912 vel
1217 2854 1290 2913 foras
1306 2871 1390 2928 prope
1412 2871 1504 2912 muros
1516 2856 1634 2912 civitatis
1653 2854 1750 2911 ditioni

320 2943 412 3014 tejenst
426 2943 535 2999 ecclesio
545 2945 703 3016 reparando.
959 2952 1059 3001 nostrae
1070 2961 1104 3001 er
1122 2946 1180 3016 ipsa
1195 2945 1353 3003 haereditate
1371 2947 1507 3017 pertinere
1520 2946 1654 3012 videatur,
1666 2946 1751 3003 tradi-

420 3033 510 3107 (dnuo
525 3033 601 3107 sta.)
919 3010 945 3074 c
960 3051 1021 3092 mus
1032 3036 1323 3106 atqueconfrrmamus,
1338 3045 1366 3092 et
1378 3037 1577 3109 inperpetuum
1592 3053 1750 3094 mansurum

154 3126 184 3180 ln
197 3124 308 3183 nominc
319 3124 418 3191 Patris,
437 3133 466 3180 ct
476 3124 554 3192 Filii,
568 3135 596 3180 et
612 3124 837 3199 Spiritussancti.
959 3126 1165 3183 essevolumus.
1182 3126 1290 3183 Tertius
1307 3126 1415 3197 quidem
1428 3126 1512 3182 frater
1524 3126 1631 3182 illemm
1641 3127 1751 3185 nomine

156 3214 270 3271 Carolus
282 3214 473 3273 serenissimus
487 3214 663 3286 augustana
684 3217 741 3275 neo
752 3227 908 3284 coronatus,
960 3216 1142 3289 landulphus,
1166 3216 1254 3287 quiin
1273 3216 1432 3273 infidelitate
1448 3230 1544 3273 eorum
1557 3232 1611 3271 non
1626 3231 1750 3287 perseve-

121 3303 233 3373 llagnus
245 3304 373 3373 pacificus
388 3306 544 3374 imperator,
563 3307 747 3364 llomanomm
758 3311 911 3380 gubernans
961 3307 1041 3370 rasit,
1058 3322 1134 3363 suam
1150 3307 1239 3363 adbuc
1250 3314 1323 3363 tenet
1334 3307 1497 3377 portionem.
1512 3305 1565 3362 Per
1579 3307 1684 3377 reliqua
1699 3322 1750 3363 an·

123 3392 274 3463 imperium,
298 3394 384 3464 quiet
406 3409 455 3464 per
472 3397 688 3454 misericordiam
698 3399 747 3456 liei
762 3414 811 3455 rex
824 3401 910 3456 fraa-
961 3407 1016 3452 lem
1029 3397 1088 3454 leea
1101 3397 1139 3452 ibi
1152 3405 1179 3452 et
1196 3397 1243 3453 ubi
1263 3396 1364 3466 aliquid
1375 3397 1409 3452 dc
1426 3396 1644 3467 supradictorum
1656 3397 1752 3453 infide-

121 3497 214 3538 eorum
231 3491 258 3536 et
270 3481 519 3553 Langobardorum.
961 3484 1025 3539 lium
1036 3485 1192 3540 haereditate
1202 3485 1236 3539 ad
1246 3484 1437 3554 nosperrentr,
1452 3493 1552 3540 nostras
1561 3485 1696 3556 imperiali
1710 3501 1753 3542 re-

156 3570 290 3641 Qnidquid
302 3572 467 3631 obamorem
483 3575 532 3631 liei
549 3575 749 3648 omnipotentis,
764 3585 793 3633 et
805 3576 910 3634 selloca
961 3574 1129 3630 sanavimus
1141 3574 1316 3631 ordinationi.
1330 3574 1522 3647 Praecipieutes
1534 3591 1599 3648 ergo
1614 3577 1752 3648 jubemus.

120 3678 229 3719 suorum
251 3664 446 3720 venerabilium
462 3680 514 3737 pro
535 3668 668 3724 mercedis
689 3669 786 3723 animae
812 3675 912 3725 nostrae
960 3671 991 3719 ut
1003 3663 1092 3720 nullus
1105 3652 1223 3719 fidelium
1238 3674 1392 3721 nostrorum
1405 3664 1549 3733 cujuslibet
1564 3667 1684 3733 ordinis,
1695 3666 1754 3723 ofli-

120 3761 267 3824 augmento
286 3753 407 3809 cedimus
419 3762 446 3810 et
459 3755 654 3823 condonamus,
665 3757 717 3814 boc
728 3755 911 3827 nobisprocul
961 3753 1008 3818 eii,
1029 3753 1199 3810 auctoritatis
1216 3763 1298 3824 atquc
1321 3755 1432 3812 bonoris
1444 3755 1572 3827 deinceps
1589 3756 1618 3812 in
1632 3756 1753 3813 futurum

120 3843 202 3897 dubio
212 3842 246 3897 ad
256 3850 385 3897 aeternam
396 3843 910 3916 beatitudinempertinereconlldimus.
962 3842 996 3898 ue
1016 3843 1153 3913 predictis
1170 3843 1263 3908 rebus,
1276 3859 1343 3914 quas
1357 3845 1549 3915 perpetualiter
1570 3846 1643 3903 circa
1664 3847 1752 3918 ipsum

121 3933 204 4003 igitur
215 3941 307 3988 notum
322 3932 358 3988 sit
373 3933 494 3989 omnium
504 3933 624 3990 fidelium
638 3942 793 3991 nostrorum
805 3934 911 4006 magni·
962 3939 1086 3991 sanctum
1105 3932 1195 3989 locum
1218 3932 1400 4006 delegavimus
1412 3941 1494 4005 atque
1515 3935 1752 4003 confirmavimus,

122 4022 206 4076 tudini
219 4021 392 4092 praesentium
402 4022 507 4078 scilieet
518 4032 547 4079 et
562 4024 724 4090 futuromm,
740 4022 858 4094 qualiter
867 4023 911 4078 vir
962 4027 1082 4076 rectores
1105 4018 1191 4089 ipsius
1212 4027 1313 4075 sanna
1330 4019 1378 4075 bei
1400 4019 1528 4076 Ecclesiae
1544 4022 1754 4092 praenominatas

120 4110 283 4166 venerabilis
304 4109 456 4167 lfaxentius
472 4112 627 4182 patriarcba
646 4112 790 4170 Serenitati
808 4122 910 4170 nesure
962 4125 1007 4166 rcs
1030 4110 1064 4165 ab
1082 4108 1164 4165 ullius
1184 4109 1415 4177 contradictione,
1445 4111 1590 4181 tranquille
1609 4120 1637 4168 et
1663 4112 1755 4182 quiete

121 4202 265 4274 suggessit,
292 4217 326 4258 eo
344 4200 416 4272 quod
433 4203 542 4269 sedem,
557 4218 619 4274 quar
639 4203 780 4275 aquilegia
802 4204 913 4261 civitate
959 4200 1022 4271 jure
1031 4198 1311 4270 perpetuopossidere
1325 4199 1464 4272 impediat.
1484 4201 1559 4263 bant
1572 4203 1630 4259 ltaec
1646 4203 1754 4260 traditio

120 4293 218 4365 priscis
233 4291 399 4361 temporibus
419 4300 574 4351 constructa
595 4294 699 4362 bremt,
717 4304 745 4352 st
762 4295 798 4353 ab
810 4303 911 4353 metum
964 4298 992 4346 et
1003 4288 1174 4346 confirmatio
1193 4297 1285 4346 nostra
1302 4290 1417 4348 firmiter
1435 4291 1581 4359 habeatur,
1596 4307 1629 4348 ac
1646 4308 1695 4364 per
1710 4292 1754 4349 fu·

122 4383 163 4437 vel
174 4380 314 4453 perfidiam
326 4379 681 4449 Gotbonrmetnvaronrm,
694 4398 743 4439 seu
753 4391 912 4440 caeterarum
928 4342 1025 4439 ¹>tura
1051 4391 1172 4454 tempora
1195 4382 1292 4440 melius
1314 4394 1505 4452 eormervetur,
1522 4372 1618 4443 'manu
1644 4389 1753 4460 propria

121 4472 260 4526 nationum
271 4469 400 4527 derelicta
411 4484 445 4526 ae
454 4471 591 4528 destructa
602 4472 732 4530 hactenus
744 4484 913 4531 remanserat
963 4475 1187 4547 subscripsimus,
1207 4483 1236 4532 et
1253 4476 1288 4533 de
1301 4477 1401 4534 annulo
1423 4487 1518 4535 nostro
1531 4481 1628 4537 subtus
1641 4481 1755 4553 sigillari

121 4564 217 4621 diebus
229 4564 339 4630 nostris,
351 4563 436 4620 divini
454 4565 555 4621 amoris
572 4563 632 4622 face
646 4579 792 4632 aecensus,
806 4566 913 4624 cbristo
959 4562 1101 4633 jussimus.

120 4661 287 4726 protegente,
302 4668 355 4709 una
368 4669 430 4709 cnm
444 4662 539 4711 nostro
556 4654 690 4726 adiutorio
703 4640 861 4714 eonstmcre
872 4666 913 4717 at-
998 4654 1066 4709 llata
1083 4669 1123 4709 su
1141 4652 1200 4709 Kal.
1217 4653 1339 4711 tannarii
1359 4671 1486 4712 annexu
1506 4656 1617 4715 Christo
1636 4661 1754 4732 propitio

121 4759 175 4814 que
196 4756 323 4814 reparare
342 4745 376 4801 ad
391 4745 536 4814 pristinum
554 4746 688 4802 bonorem
707 4747 849 4817 cupiebat;
863 4748 910 4805 sed
964 4745 1069 4815 imperii
1092 4747 1188 4812 nostri,
1212 4755 1240 4803 et
1253 4749 1393 4819 suvregni
1415 4749 1442 4803 in
1458 4749 1592 4818 Francia,
1615 4767 1707 4808 xsxrn
1727 4752 1755 4807 in

121 4836 184 4904 quia
202 4834 286 4898 locus,
304 4834 394 4905 inquo
407 4836 559 4892 bocfaeere
572 4837 691 4906 optabat,
710 4835 856 4893 admodum
866 4824 912 4895 arss
964 4836 1051 4903 ltalia,
1066 4838 1278 4895 indictionevb.

120 4937 180 4983 etus
197 4926 240 4982 vel
259 4927 370 4983 strictus
384 4928 544 4995 habebatur,
557 4938 587 4984 ut
598 4926 730 4998 condigne
745 4928 845 4984 ibidem
859 4930 911 4987 boc
997 4928 1095 4985 Actum
1113 4928 1275 5000 aquisgrani
1290 4930 1317 4984 in
1330 4927 1433 5000 palatio
1444 4936 1528 5003 regio,
1542 4933 1570 4988 iu
1584 4933 1631 4989 liei
1644 4934 1754 4991 nomirtc

120 5016 210 5074 facere
228 5032 282 5072 non
299 5018 404 5083 valeat,
425 5018 504 5088 petiit
525 5018 684 5075 Celsitudini
707 5027 818 5087 nostrae,
833 5028 863 5076 ut
883 5021 910 5077 in
963 5019 1088 5077 feliciter.
1101 5019 1198 5075 Arnen.

156 5162 169 5191 ¹
183 5148 257 5204 lnter
266 5150 353 5204 chart.
366 5151 472 5205 comm.
486 5147 519 5204 de
530 5147 652 5205 blaniaco
662 5162 696 5203 ex
710 5146 759 5204 lib.
775 5148 911 5205 'fbesauri
964 5168 1026 5211 cum
1042 5162 1132 5207 tamen
1150 5168 1205 5207 non
1217 5153 1355 5209 concurrit
1367 5168 1455 5209 annus
1467 5169 1560 5211 xxxvu
1573 5156 1753 5227 regniltnlicl,

121 5218 150 5275 S.
155 5218 312 5345 1,ΑἳιιιιίΙςῙοιι
326 5219 400 5301 beel.
520 5289 553 5302 ..
674 5287 680 5301 .
762 5286 769 5301 .
961 5223 1066 5304 duobus
1084 5223 1163 5304 annis
1183 5220 1381 5280 deficientibus.
1398 5224 1576 5305 scribendum
1589 5240 1655 5308 ergo
1670 5237 1753 5310 esset,

182 5286 910 5431 2,aa,tarantasiensi-:rartarn
961 5292 1753 5419 cristianitatis·

120 5444 219 5484 aarum
241 5430 399 5498 qnadatum
420 5428 472 5483 luit
484 5428 611 5500 diploma,
631 5442 692 5488 esse
710 5442 831 5494 necersi,
854 5442 908 5498 quc

241 5652 376 5712 Parnon.
398 5650 539 5715 xct'ltl.
