3780 6120
127 336 196 396 iifl

415 440 528 498 darer
541 440 632 495 xtlll.

306 534 460 605 conjuratio
470 531 594 584 adversita
605 527 738 583 Ceruium.

164 630 218 686 Sed
236 636 427 683 extraneorum
450 621 537 674 metor
561 617 684 681 Carolus,
710 617 859 686 apropriis
871 627 910 673 est

51 711 67 724 “
128 701 196 756 mira
219 699 339 768 quidem,
356 693 404 748 sed
418 706 495 746 cassa
512 688 826 742 frauderirenmventus.
847 686 914 744 Nain

127 772 161 827 de
176 769 280 825 Selinitis
295 767 328 819 ad
343 776 423 832 regna
439 774 588 830 regressus,
615 773 630 812 a
644 756 699 811 filio
719 771 767 837 per
782 758 914 813 concubi.

126 856 189 896 nam
202 837 352 909 progenito,
366 832 474 887 nomine
486 828 674 898 gloriosissimi
683 826 787 896 Pippmi
800 836 916 908 amatre

126 909 280 964 ominaliter
294 903 429 972 insignito,
450 914 517 968 peric
532 906 637 968 eaptus,
656 906 684 951 et
697 904 827 965 quantum
840 913 867 950 in
881 913 915 957 eo

127 980 188 1044 fuit,
213 986 256 1033 est
274 973 354 1029 morti
370 973 521 1025 damnatus.
542 968 618 1033 Quod
628 968 679 1021 hoe
694 967 773 1021 modo
789 981 909 1035 comper·

126 1056 181 1104 tuin
195 1056 246 1103 est.
259 1046 327 1102 Curii
336 1043 362 1096 iii
372 1040 486 1096 ecelesia
498 1038 583 1093 saneti
595 1035 667 1091 Petri
679 1036 838 1107 proceribus
848 1051 915 1090 eon.

126 1120 244 1191 gregatis
255 1117 288 1172 de
301 1123 388 1168 morte
400 1109 570 1192 imperatoris
584 1107 742 1163 consiliatus
755 1105 820 1170 fuit,
835 1106 912 1162 finite

125 1189 238 1245 consilio
257 1184 347 1242 omnia
359 1188 416 1234 tuta
430 1191 538 1242 timeris,
550 1176 631 1246 jussit
641 1176 791 1247 explorare,
810 1176 833 1230 si
850 1176 911 1244 quis

125 1274 239 1328 usquam
253 1257 282 1310 in
300 1249 404 1321 angulis
418 1258 465 1313 aut
482 1249 576 1304 auhter
590 1246 720 1301 altaribus
739 1244 836 1301 fuisset
849 1247 914 1301 alts-

125 1343 232 1385 eonsus.
245 1327 278 1381 Et
290 1337 363 1385 ecee,
379 1329 408 1374 ut
419 1319 576 1381 timuerunt,
589 1317 750 1371 invenerunt
762 1330 845 1369 unum
858 1314 913 1371 cli·

126 1399 210 1454 ileum
223 1397 319 1452 subtus
333 1390 418 1444 altare
431 1388 557 1446 celatum.
582 1385 667 1453 Quem
681 1384 913 1455 apprehendentes

125 1469 158 1523 nd
177 1463 365 1535 jusjurandum
397 1457 595 1528 compulerunt,
613 1471 646 1511 ne
670 1455 792 1525 proditor
815 1468 912 1511 eorum

124 1535 273 1593 molitionis
284 1535 371 1587 lieret.
387 1528 490 1595 Quinc
505 1527 587 1582 vitani
602 1525 736 1596 perderet,
751 1531 781 1578 ut
793 1523 913 1604 dictave·

124 1617 195 1669 runt,
211 1604 305 1675 iurare
316 1616 369 1656 non
383 1599 485 1652 abnuit.
508 1596 562 1652 Sed
572 1595 625 1651 illis
635 1595 823 1650 recedentibus
835 1609 913 1661 iura-

124 1684 244 1731 mentum
266 1671 330 1728 illud
337 1666 497 1737 sacrilegum
509 1665 717 1738 parvipendens,
736 1664 769 1718 ad
780 1663 910 1732 palatium

124 1744 290 1816 properavit.
312 1740 433 1806 Cumque
451 1752 512 1792 cuni
537 1736 655 1790 maxima
683 1732 839 1790 difficultate
859 1748 909 1802 per

124 1827 229 1884 septem
243 1811 316 1868 fores
327 1819 353 1865 et
365 1809 434 1863 ostia
451 1807 557 1862 tandem
577 1805 610 1859 ad
620 1803 772 1860 cubiculum
792 1800 911 1871 impera·

124 1887 191 1941 toris
235 1888 380 1942 netrasset,
392 1875 499 1946 pulsato
510 1876 583 1931 aditu
594 1874 829 1945 vigilantissimum
838 1888 911 1928 sem·

124 1971 171 2025 per
209 1952 313 2009 arolam
326 1951 361 2004 ad
379 1948 524 2003 maximam
545 1945 672 2016 perduxit
690 1943 908 2009 admirationem,

125 2026 185 2093 quis
197 2039 229 2079 eo
245 2031 366 2091 tempore
377 2033 439 2074 euni
458 2013 810 2086 praesumeretinqaietare;
841 2028 911 2083 prae·

123 2095 195 2163 cepit
210 2102 300 2147 tamen
326 2088 441 2147 feminis,
463 2102 523 2155 quae
536 2085 569 2138 ad
581 2085 738 2152 obsequium
755 2085 855 2153 regiam
867 2083 909 2136 vel

123 2165 238 2219 filiamm
262 2176 324 2221 eum
339 2157 463 2214 comitari
478 2155 610 2218 solebant,
638 2163 667 2206 ut
691 2153 796 2207 exirent
818 2153 910 2208 videre

122 2234 263 2303 quisesset
273 2232 307 2285 ad
315 2228 437 2297 januam,
452 2225 493 2280 vel
508 2225 573 2293 quid
587 2224 754 2291 inquireret:
769 2223 909 2277 Exeuntes

122 2311 368 2375 cognoscentesque
399 2310 542 2365 personam
572 2294 745 2356 vilissimam,
774 2293 910 2348 obseratis

121 2375 199 2429 ostiis
213 2387 274 2427 enin
294 2367 396 2441 ingenti
413 2367 470 2421 risu
485 2372 512 2420 et
525 2364 658 2418 caehinno
672 2378 702 2418 se
714 2378 763 2433 per
783 2362 906 2433 angulos,

123 2445 243 2499 restibus
254 2457 303 2496 ora
315 2452 456 2508 repressae,
472 2433 640 2490 conabantur
651 2433 828 2487 abscondere.
854 2431 909 2487 Sed

122 2530 150 2569 sa
169 2502 480 2578 aoissimus'imperator,
504 2520 584 2574 quem
598 2503 664 2558 nihil
675 2504 725 2558 sub
740 2503 909 2572 cieloposset

121 2530 250 2655 effingere,
276 2580 418 2650 diligenter
440 2592 455 2630 a
481 2574 640 2629 mulieiihns
663 2573 817 2642 exquisivit,
844 2572 910 2641 quid

122 2653 261 2715 noluerent,
286 2649 399 2718 velquis
412 2646 512 2701 ostium
534 2645 670 2715 pulsaret3
695 2658 909 2711 responsumque

120 2724 177 2778 aiei
193 2723 266 2787 iens,
278 2717 470 2790 quodquidam
488 2730 571 2770 eoeao
585 2713 640 2786 [dl.
666 2712 769 2785 coccio]
784 2715 906 2778 derasus,

122 2739 249 2855 insuisus,
275 2799 303 2846 et
316 2788 463 2851 insaniens,
485 2786 555 2841 linea
569 2793 673 2839 tantum
684 2793 712 2838 et
734 2782 909 2839 femoralibus

121 2861 282 2925 indelessa
299 2861 402 2929 absque
426 2872 501 2911 mora
512 2853 660 2926 postularet
686 2853 802 2922 alloqui;
825 2851 909 2921 jussit

121 2948 182 2987 eum
202 2931 380 2987 intromittere
395 2945 401 2991 ;
423 2928 468 2996 qui
484 2927 576 2981 statim
595 2938 724 2978 corruens
736 2924 771 2979 al
783 2922 908 2993 pedesii·

121 3002 173 3058 lius
188 3009 283 3058 cuneta
297 2998 422 3070 patefecit
435 3014 469 3053 ex
482 2996 587 3051 ordine.
898 3058 905 3075 .

157 3073 228 3127 Nihil
256 3086 320 3125 vero
341 3071 431 3123 minus
450 3068 629 3136 suspicantes,
661 3070 724 3118 ante
744 3063 839 3117 boram
853 3062 906 3117 diei

350 330 471 387 saepto
490 325 520 385 tl.
537 326 728 385 distentet.
750 357 784 369 -
803 327 848 382 DE
865 320 989 382 Gestis
1009 325 1038 377 ti.
1058 317 1183 379 CAROLl
1204 320 1313 379 machi
1342 356 1378 365 -
1397 324 1461 379 LlB.
1482 323 1515 378 ll.

1689 322 1759 378 itha

971 445 1000 490 ut
1014 438 1088 493 olera
1103 437 1256 492 necessaria
1274 436 1387 492 liheriiis
1401 452 1560 492 excrescere
1575 437 1692 492 valeant.
1709 436 1757 504 lgi-

970 517 1015 560 tur
1026 507 1064 561 illi
1093 508 1185 561 tristes
1195 508 1394 571 abscesserunt,
1407 508 1484 576 quasi
1503 508 1550 577 qui
1562 508 1628 562 nihil
1640 508 1756 562 ratione·

969 575 1023 630 hile
1036 584 1216 646 reportarent.
1232 576 1376 633 Venientes
1390 586 1480 630 autem
1506 579 1539 631 ad
1555 578 1756 647 imperatorem,

968 654 996 698 et
1006 647 1129 715 requisiti
1143 647 1208 728 quid
1228 645 1373 710 referrent,
1403 648 1541 715 conquesti
1556 656 1618 702 sunt
1636 662 1665 702 se
1680 654 1756 701 tanto

968 712 1061 770 lahore
1075 727 1104 770 et
1131 715 1228 771 itinere
1243 731 1276 771 ne
1301 716 1328 768 in
1344 731 1399 770 uno
1420 717 1528 786 quidem
1548 733 1674 772 sermone
1696 732 1755 772 cer·

969 783 1062 838 tiorari
1072 787 1191 855 potuisse
1206 803 1213 840 ε
1226 785 1501 855 Sagaeissinioaiitem
1511 788 1755 857 regeperordinem

968 853 1162 926 interrogante,
1177 856 1222 911 uhi
1235 870 1308 919 eum,
1323 856 1364 908 vel
1376 856 1440 923 quid
1452 866 1576 925 agentem
1589 857 1753 926 repererint,

965 925 1096 994 quidquid
1112 927 1232 994 responsi
1246 925 1299 980 illis
1312 925 1468 989 reddiderit,
1484 927 1610 981 illiciunt
1623 943 1629 980 :
1644 926 1671 979 ln
1692 926 1752 980 trie

966 996 1009 1048 elo
1032 996 1169 1049 rusticatio
1184 995 1322 1050 sedentem
1335 1009 1396 1048 enm
1412 995 1572 1050 invenimus.
1599 1006 1626 1051 et
1637 997 1753 1050 tridente

966 1064 1085 1118 areolam
1107 1065 1211 1119 olerum
1235 1065 1436 1130 novellantem,
1468 1081 1632 1137 euersumque
1649 1066 1754 1122 itineris

965 1135 1051 1189 nostri
1080 1134 1262 1197 revolventes,
1289 1135 1340 1190 hoe
1368 1135 1454 1190 solum
1480 1137 1514 1189 ab
1538 1151 1570 1189 eo
1594 1151 1753 1206 responsum

966 1205 1071 1272 magnis
1083 1203 1295 1275 flagitationibus
1315 1213 1477 1273 extorquere
1499 1206 1635 1275 potuimus
1650 1225 1655 1259 :
1670 1205 1752 1271 binii,

963 1273 1063 1338 aiente,
1087 1274 1160 1329 aliud
1173 1275 1198 1329 ei
1213 1275 1355 1337 demando,
1380 1276 1431 1329 nisi
1452 1277 1522 1345 quod
1537 1275 1624 1340 facio;
1646 1275 1753 1331 inutilia

964 1353 1134 1398 recrementa
1147 1345 1271 1408 extraho,
1283 1354 1313 1399 ut
1327 1345 1400 1399 olera
1415 1347 1567 1400 necessaria
1580 1347 1692 1401 liberius
1706 1360 1754 1399 eir-

961 1423 1088 1468 crescere
1102 1413 1218 1469 valeant.
1236 1415 1283 1470 llis
1296 1415 1396 1469 aiiditis
1411 1424 1470 1469 astii
1489 1431 1541 1469 non
1553 1432 1650 1471 carens
1670 1423 1697 1470 et
1711 1431 1752 1469 sa·

960 1482 1064 1548 pientia
1086 1483 1189 1553 pollens
1202 1484 1350 1554 diigustus,
1378 1485 1535 1541 confricatis
1551 1486 1662 1540 auribus
1675 1494 1703 1538 et
1713 1486 1750 1540 in·

964 1552 1034 1608 flatis
1048 1555 1171 1617 naribus,
1196 1555 1265 1609 diiii
1278 1556 1311 1609 ad
1322 1570 1385 1609 eos:
1401 1555 1568 1610 ilationahilc
1582 1571 1750 1624 responsum,

962 1624 1056 1692 optimi
1074 1625 1180 1687 vasalli,
1207 1626 1375 1695 reportastis.
1403 1626 1560 1695 lllisitaqne
1584 1625 1617 1679 de
1631 1625 1751 1693 periculo

963 1693 1025 1747 vitoe
1039 1696 1232 1757 metuentibus,
1262 1695 1319 1764 ipse
1338 1696 1392 1748 vim
1409 1695 1541 1749 dictomm
1566 1695 1600 1749 ad
1626 1694 1751 1750 effectum

964 1763 1126 1832 perducens,
1143 1774 1255 1820 eunetos
1274 1764 1333 1819 illos
1348 1765 1519 1819 insidiatores
1533 1781 1596 1820 suos
1608 1765 1641 1819 de
1662 1766 1752 1820 medio

963 1832 1109 1887 viventium
1132 1835 1269 1896 auferens,
1295 1834 1417 1888 fidelihus
1436 1836 1492 1889 suis
1505 1844 1636 1904 occupata
1658 1836 1693 1888 ah
1709 1836 1751 1888 in-

962 1900 1110 1959 fructuosis
1127 1904 1196 1967 loca,
1221 1905 1361 1958 crescendi
1386 1913 1413 1960 et
1436 1920 1465 1958 se
1480 1905 1642 1959 extendendi
1669 1920 1752 1959 caiisa

961 1974 1104 2026 concessit.
1122 1973 1210 2028 Unum
1225 1988 1289 2028 vero
1303 1974 1533 2037 adversariorum,
1545 1975 1589 2042 qni
1601 1975 1754 2029 excelsissi⁴

961 2057 1034 2095 iiiiim
1050 2044 1076 2095 in
1090 2042 1205 2097 Francia
1220 2043 1331 2106 collem,
1354 2052 1381 2097 et
1405 2058 1573 2113 quaecunque
1591 2045 1623 2098 de
1642 2059 1674 2098 eo
1689 2059 1752 2114 pro·

961 2112 1065 2179 spicere
1082 2121 1183 2180 posset,
1211 2112 1261 2166 sihi
1281 2114 1306 2166 in
1319 2115 1516 2181 possessionem
1540 2112 1648 2181 delegit,
1663 2115 1688 2167 in
1701 2128 1749 2168 eo·

960 2181 1021 2234 dem
1034 2183 1101 2236 colle
1112 2183 1250 2236 altissimae
1265 2184 1335 2238 trabi
1352 2187 1459 2236 allisum
1467 2181 1548 2249 jussit
1564 2183 1674 2237 elevari.
1690 2183 1719 2237 l’i

959 2251 1053 2318 pinum
1065 2269 1129 2306 vere
1142 2252 1252 2306 nothum
1263 2255 1390 2321 praecepit
1405 2253 1505 2323 eligere
1524 2252 1585 2313 sihi,
1617 2197 1753 2321 quomodo

960 2322 1044 2374 vitam
1056 2322 1152 2392 degere
1167 2322 1295 2376 voluisset
1307 2339 1314 2387 ;
1329 2325 1374 2391 qui
1388 2325 1496 2391 optione
1510 2337 1637 2376 concessu
1650 2327 1754 2392 optavit

960 2397 1047 2444 locuni
1062 2394 1089 2445 in
1099 2393 1215 2461 quodam
1232 2393 1396 2447 iiionasteiio
1410 2403 1473 2446 tune
1489 2392 1667 2456 nolilissimo,
1681 2409 1752 2449 nunc

959 2470 1050 2514 utitem
1066 2477 1119 2515 non
1131 2463 1274 2527 incertum,
1287 2463 1320 2517 de
1334 2478 1387 2532 qna
1401 2478 1481 2517 caiisa
1497 2463 1654 2529 desti·ucto;
1669 2480 1752 2532 quam

959 2539 1038 2583 antea
1065 2546 1118 2586 non
1147 2532 1260 2595 solvam,
1281 2548 1363 2602 quani
1392 2531 1607 2588 bernhardulum
1630 2541 1751 2589 vestram

960 2609 1038 2669 sputa
1052 2599 1142 2657 femur
1156 2603 1306 2658 accinctum
1318 2605 1493 2673 corispiciani.

1256 2695 1370 2751 caput
1401 2696 1462 2750 XX.

1272 2765 1311 2819 Dc
1325 2767 1438 2836 gigante.

994 2853 1150 2924 indignatus
1162 2866 1204 2910 est
1218 2865 1306 2911 antem
1332 2857 1518 2925 magnanimus
1542 2856 1664 2922 Carolus,
1681 2854 1754 2927 qnod

958 2924 1016 2994 ipse
1028 2925 1062 2980 ad
1083 2926 1213 2981 harhaias
1227 2927 1286 2981 illas
1297 2927 1422 2981 nationes
1442 2928 1476 2982 sii
1490 2928 1564 2982 exire
1581 2941 1752 2998 provocatus,

959 3010 1021 3050 cum
1039 2994 1153 3065 quilibet
1166 2997 1265 3052 dueum
1280 3013 1389 3052 suorum
1403 2998 1436 3051 ad
1451 2998 1502 3052 hoc
1516 2997 1651 3053 videretur
1667 3011 1679 3040 ι
1694 2998 1753 3054 iilo-

959 3081 1043 3131 neus;
1064 3067 1138 3135 qnod
1158 3068 1238 3123 etiam
1263 3068 1299 3122 ita
1322 3082 1382 3123 esse
1395 3083 1428 3123 ex
1446 3069 1526 3123 iniius
1541 3069 1753 3138 comprovincia·

121 3144 229 3197 tertiam
241 3156 336 3196 omnes
357 3140 394 3194 illi
405 3137 591 3206 conjuratores
604 3135 761 3258 dignissima
774 3149 851 3203 piena
866 3133 1027 3204 velclium
1051 3151 1172 3192 meorum
1200 3137 1272 3193 facto
1301 3140 1430 3207 probabo.
1453 3138 1518 3193 Erat
1543 3139 1754 3209 quidamvirde

120 3214 224 3268 exsiliis
236 3212 368 3280 deportati
383 3218 455 3271 sunt,
472 3207 623 3276 autpnniti.
648 3221 693 3275 pse
706 3219 812 3273 quoque
822 3218 910 3260 nanus

120 3291 148 3337 et
172 3284 299 3352 gihhosus
311 3281 438 3350 Pippinus
457 3277 653 3332 immanissime
669 3290 754 3330 caesus
772 3283 799 3328 et
813 3274 909 3355 deton3

121 3367 166 3407 sus
185 3353 219 3405 ad
230 3352 324 3407 cellum
338 3350 422 3406 sancti
436 3346 586 3414 Gallique
605 3345 710 3400 eunctis
724 3344 790 3399 loeis
804 3343 910 3425 imperi!

121 3422 245 3478 latissimi
262 3421 407 3491 pauperior
421 3420 478 3473 visa
494 3424 577 3473 estet
592 3415 742 3484 angustior,
759 3413 911 3484 castigandi

120 3493 206 3563 gratia
222 3493 255 3547 ad
269 3500 373 3560 tempus
397 3487 593 3559 aliquantulum
608 3484 757 3541 destinatus
769 3491 820 3538 est.

427 3607 540 3664 CAPUT
557 3604 629 3660 XlK.

183 3702 289 3774 Pippini
303 3716 453 3772 responsum
467 3698 499 3752 de
516 3693 699 3753 exscindendis
713 3690 737 3744 F
740 3692 836 3746 rancis.

156 3816 210 3873 Nec
225 3817 310 3872 multo
325 3822 386 3887 post
396 3811 506 3898 quidam
521 3811 555 3867 de
567 3806 732 3880 primoribus
743 3803 908 3858 Francorum

83 3927 84 3932 κ
121 3885 148 3942 in
163 3902 252 3958 regem
268 3902 363 3942 manus
378 3893 485 3940 mittere
498 3882 656 3943 voluerunt3
679 3875 826 3946 quodcum
842 3888 903 3927 enin

121 3958 231 4012 minime
246 3957 352 4022 lateret,
377 3963 507 4008 ettamen
527 3966 580 4006 non
590 3950 705 4003 libenter
720 3961 767 4000 eos
784 3944 908 4026 perderet

121 4026 196 4111 (qiiia
209 4028 232 4082 si
247 4027 316 4083 hene
330 4025 487 4089 voluissent,
512 4035 638 4104 magnum
661 4017 824 4072 Christianis
850 4029 910 4066 rnn-

120 4112 210 4152 mmen
226 4112 285 4152 esse
298 4095 471 4167 potuissent),
486 4093 584 4147 direxit
596 4091 774 4168 legatossnos
787 4085 821 4166 ad
833 4098 909 4166 eum3

121 4169 181 4222 deni
202 4167 356 4237 Pippinum,
382 4163 569 4221 sciscitansah
591 4176 633 4224 eo,
661 4159 725 4227 quid
740 4155 835 4238 'deins
850 4152 907 4208 liert

121 4246 267 4306 oporteret.
296 4239 380 4303 Quem
395 4251 455 4290 enin
472 4235 499 4288 in
514 4233 593 4286 horto
604 4244 665 4285 eum
690 4226 842 4308 semoribus
852 4223 908 4306 fra·

121 4308 209 4361 trihus
229 4305 390 4375 finitionibus
407 4305 440 4360 ad
460 4301 561 4370 majora
571 4314 651 4369 opera
663 4294 791 4364 detentis)
806 4303 908 4374 iirttcas

121 4388 148 4431 et
161 4376 240 4430 noxia
256 4392 367 4447 qumque
384 4375 500 4437 tridente
518 4371 704 4427 extrahentem
731 4371 906 4448 reperissent,

121 4456 150 4500 ut
164 4447 224 4501 usiii
239 4447 357 4515 prolicua
373 4445 492 4500 vivacius
506 4453 663 4497 excrescere
683 4437 815 4518 valerent,
838 4435 907 4516 mih·

121 4527 251 4571 caverunt
273 4519 296 4571 ei
313 4531 422 4571 causam
442 4515 573 4568 adventus
592 4510 643 4566 sui.
673 4508 707 4561 lit
723 4507 768 4560 ille
789 4520 825 4586 'er
844 4519 906 4586 imis

121 4587 278 4655 praecordiis
293 4588 408 4657 suspiria
432 4585 553 4646 trahens,
588 4588 721 4634 utomnes
734 4574 838 4631 debiles
853 4590 908 4628 am-

122 4656 252 4712 mosiores
263 4657 336 4711 sanis
346 4672 405 4711 esse
417 4659 624 4710 consueverunt.
649 4649 676 4703 iii
691 4648 750 4703 haec
763 4646 847 4700 verba
862 4658 906 4697 re-

121 4727 227 4794 spondit
242 4742 249 4780 r
266 4726 293 4781 Si
301 4727 414 4782 Carolus
425 4724 565 4779 consilium
574 4735 662 4775 meum
670 4718 840 4799 dignaretur,
855 4728 908 4767 noa

121 4798 154 4851 ad
168 4805 259 4852 tantas
273 4797 305 4851 de
343 4803 419 4851 neret
429 4792 552 4862 injurias.
561 4791 617 4860 Ego
630 4786 696 4842 nihil
708 4783 905 4868 illidemando,

121 4866 202 4920 dieite
215 4868 239 4923 ei
253 4867 299 4937 qui
333 4882 376 4921 mc
391 4882 405 4919 a
425 4873 512 4919 entem
525 4858 692 4916 inveneritis.
709 4856 744 4910 rit
755 4856 793 4936 ιΙΙι
809 4862 908 4934 tinien-

122 4945 162 4990 tcs
187 4937 377 4992 nesinecertu
391 4880 481 5003 aitqua
500 4944 628 5011 resperso
651 4928 684 4982 ad
707 4923 907 5006 formidabilem

121 5014 324 5062 reverterentur
342 5007 543 5076 imperatorem,
577 5010 675 5054 aterum
694 5004 782 5080 'atque
806 5001 907 5048 iterum

122 5077 296 5144 requirebant
310 5076 345 5130 ah
354 5090 387 5130 eo
399 5072 463 5145 quid
475 5072 583 5127 domino
595 5064 906 5146 renuntiareldehefent.

121 5145 197 5200 Tnnc
214 5147 259 5200 ille
280 5143 494 5201 stomachando:
510 5139 590 5202 Nihil,
614 5137 711 5208 inquit,
729 5135 803 5199 ahud
817 5149 842 5186 ci
858 5133 907 5187 de·

121 5216 231 5281 niamlo,
242 5215 293 5272 nisi
308 5214 468 5286 quodfacto.
480 5210 587 5266 inutilia
599 5213 766 5265 recrementa
780 5203 906 5266 extraho,

157 5354 170 5384 ¹
186 5342 233 5408 lh,
246 5343 411 5399 Crederetur.

159 5412 303 5484 benigue.

158 5493 168 5521 ⁰
186 5482 233 5545 lt,
248 5482 378 5537 Gisffere.

155 5552 168 5592 ¹¹
184 5552 265 5607 Forte
278 5552 424 5606 heronium
436 5549 570 5622 intelligit,
593 5546 703 5603 fluvium
717 5545 812 5603 Galliae
828 5543 912 5616 Aqui·

122 5624 200 5678 tanim
210 5621 443 5676 inGarumnamse
454 5627 655 5674 exoneranteni.
665 5617 746 5670 ilisa.
756 5617 911 5671 Dierninflu·

121 5694 194 5749 vium
208 5691 329 5761 intelligo
348 5705 363 5743 a
382 5705 436 5813 quo
459 5689 590 5759 flitrgoiiii
603 5685 738 5757 appellata
752 5695 803 5742 est.
826 5687 912 5741 liahet

121 5761 287 5818 historiolam
311 5760 368 5816 sive
402 5758 517 5815 abellam
535 5757 609 5813 illam
631 5755 734 5820 verius,
763 5755 911 5810 Αιιιιιὶιιιιι

963 3206 1118 3275 lltirgoniim
1134 3209 1158 3271 b,
1171 3206 1250 3275 junia
1267 3224 1365 3263 noitten
1385 3225 1472 3272 suum,
1491 3224 1585 3277 magna
1600 3224 1662 3278 pars
1677 3208 1754 3263 terri·

962 3275 1025 3331 hilis
1037 3278 1183 3339 exercitiis,
1197 3280 1327 3335 vocabulo
1342 3281 1382 3335 eis
1398 3280 1544 3335 fraeretante
1560 3291 1581 3341 ⁰,
1606 3280 1755 3347 procerita-

962 3347 1007 3410 tis,
1020 3359 1051 3401 ιιι
1064 3347 1096 3402 de
1108 3347 1238 3403 linaclrini
1249 3350 1332 3418 stirpe
1343 3358 1454 3404 exortus
1466 3350 1538 3404 credi
1552 3351 1692 3416 potuisset,
1703 3347 1754 3404 nisi

963 3424 1066 3470 tantum
1084 3426 1232 3487 temporum
1246 3436 1278 3475 ae
1293 3421 1414 3474 locorum
1437 3420 1594 3482 interesset;
1617 3420 1662 3487 qui
1687 3434 1755 3488 qno·

961 3486 1120 3555 tieseuiique
1134 3489 1168 3557 ad
1182 3486 1291 3542 fluvium
1310 3490 1409 3542 llnrani
1428 3487 1441 3527 d
1466 3487 1563 3556 alpinis
1591 3489 1753 3545 torrentihus

962 3555 1155 3619 tumefactum,
1185 3559 1419 3626 exundantemque
1442 3559 1577 3622 venisset,
1602 3573 1637 3612 ne
1661 3559 1753 3614 cahai-

960 3622 1016 3678 lum
1030 3626 1178 3679 maximum
1194 3628 1220 3679 in
1234 3625 1305 3693 ejus,
1317 3642 1371 3681 non
1393 3627 1481 3681 dicam
1504 3626 1613 3692 fluenta,
1633 3629 1678 3683 sed
1703 3644 1754 3684 nee

960 3692 1090 3764 liquentia
1113 3704 1204 3764 posset
1219 3695 1364 3766 impellere,
1377 3698 1551 3765 apprehensis
1566 3697 1678 3753 habenis
1697 3698 1754 3752 flui-

960 3771 1061 3820 tantem
1080 3773 1143 3834 post
1156 3780 1185 3819 se
1198 3768 1290 3830 traxit,
1309 3767 1432 3836 inquiens
1445 3785 1452 3819 :
1465 3766 1517 3820 Per
1529 3767 1667 3822 dominnm
1690 3767 1752 3822 Gal-

960 3832 1026 3899 lum,
1034 3834 1101 3889 velis
1113 3834 1182 3890 nolis
1193 3851 1235 3889 me
1245 3838 1321 3906 sequi
1334 3837 1453 3892 dehehis.
1463 3835 1487 3891 fs
1498 3837 1587 3906 imque
1601 3852 1662 3890 cum
1672 3838 1698 3891 iii
1706 3854 1752 3892 co·

960 3904 1055 3958 mitatn
1063 3903 1177 3959 Caesaris
1190 3905 1481 3971 Behemaiios,ll'ilzos,
1490 3915 1515 3960 et
1523 3907 1625 3962 Avares
1635 3919 1646 3946 ⁰
1657 3909 1682 3961 in
1695 3924 1752 3961 ιιιιι-

960 3973 1022 4028 dnm
1034 3975 1103 4044 prati
1112 3975 1227 4030 siccaret
1240 3976 1414 4049 [secaretiet
1428 3977 1452 4030 iii
1464 3977 1630 4030 aviculariun
1641 3979 1751 4032 modum

960 4043 993 4098 de
1006 4045 1095 4098 hastili
1113 4045 1298 4114 suspenderet,
1312 4048 1421 4102 domum
1438 4047 1524 4100 victor
1538 4061 1670 4110 reversus,
1694 4057 1751 4101 eta

960 4115 1129 4184 torpentibus
1141 4116 1331 4186 interrogatus,
1343 4111 1460 4186 qualiter
1475 4117 1501 4170 ei
1523 4118 1549 4170 in
1573 4117 1681 4185 regione
1694 4115 1752 4170 tlt-

959 4185 1052 4240 nidum
1078 4184 1273 4255 complaceret;
1293 4187 1353 4242 illos
1376 4186 1546 4256 dedignatus,
1570 4186 1666 4254 hisque
1682 4186 1751 4239 indi-

959 4263 1057 4326 gnatus
1069 4255 1158 4309 aiebat
1171 4271 1178 4309 r
1191 4255 1261 4323 Quid
1274 4257 1340 4311 mihi
1362 4255 1501 4310 ranunculi
1517 4255 1574 4310 illi‘l
1595 4262 1697 4323 septem
1710 4254 1751 4309 vcl

959 4335 1031 4386 octo,
1047 4325 1089 4379 vel
1103 4335 1178 4382 certe
1197 4342 1293 4381 novem
1305 4328 1338 4381 de
1356 4325 1407 4381 illis
1422 4326 1497 4382 hasta
1515 4341 1575 4380 mea
1588 4324 1750 4395 perforatos,

960 4404 987 4450 et
1008 4397 1100 4451 neseio
1120 4397 1185 4464 quid
1207 4404 1416 4460 murmurantes,
1437 4398 1489 4451 huc
1505 4397 1621 4465 illucque
1642 4403 1751 4464 portare

922 4464 1095 4544 „solebam
1112 4464 1211 4520 fmstra
1231 4467 1373 4521 adversum
1394 4466 1460 4522 tales
1479 4465 1641 4521 veiaiiieilos
1665 4465 1751 4520 domi·

961 4551 1012 4590 nus
1030 4551 1078 4590 rer
1089 4543 1179 4592 ethos
1192 4535 1297 4607 fatigati
1312 4552 1414 4592 sumas.

1247 4626 1361 4683 CAPUT
1386 4627 1458 4681 lilii.

1174 4697 1278 4752 Bellum
1302 4699 1330 4752 iii
1356 4697 1535 4753 Nonneniios.

996 4788 1097 4845 Eodem
1118 4789 1208 4859 itaque
1222 4797 1342 4858 tempore
1357 4803 1419 4842 eum
1436 4789 1582 4858 imperator
1592 4786 1750 4841 Hunnorum

960 4861 1030 4915 hello
1042 4869 1191 4914 extremam
1214 4875 1323 4913 marium
1350 4859 1508 4928 imponeret,
1535 4867 1563 4912 et
1584 4857 1752 4926 supradictas

961 4940 1054 4999 gentes
1075 4930 1101 4982 in
1119 4928 1282 4984 deditionem
1312 4929 1489 4996 suscepisset,
1511 4935 1640 4980 exeuntes
1662 4924 1751 4980 Nord-

961 5000 1052 5055 manni
1065 4998 1148 5054 Gallis
1162 5005 1189 5051 et
1202 4997 1313 5050 Francis
1334 5011 1458 5065 magnam
1479 4995 1689 5064 inquietudinem
1709 4994 1750 5048 fc-

961 5078 1065 5126 cerunt.
1088 5067 1225 5122 Reversus
1248 5074 1337 5121 autem
1361 5065 1552 5127 invictissimus
1576 5064 1688 5119 Carolus
1706 5064 1751 5117 iti-

961 5156 1026 5195 nere
1046 5136 1179 5199 terrestri,
1205 5135 1328 5204 quamtis
1343 5135 1455 5188 multum
1473 5142 1588 5204 angusto
1613 5143 1640 5188 ct
1667 5134 1749 5198 invio,

961 5209 1033 5267 domi
1056 5223 1103 5263 eos
1120 5205 1248 5261 invadere
1265 5205 1374 5260 molitus
1395 5214 1436 5259 est
1450 5203 1473 5257 f.
1492 5205 1546 5258 Sed
1560 5203 1601 5259 vcl
1625 5203 1672 5258 [lei
1689 5217 1752 5274 pro-

961 5358 989 5413 p.
1001 5340 1063 5404 555,
1086 5340 1152 5394 edit.
1165 5337 1323 5409 ingolstad,
1338 5336 1384 5406 qni
1397 5337 1468 5391 unde
1484 5335 1584 5460 gsiganti
1605 5334 1750 5392 AEnoiherl

962 5425 1059 5467 noincn
1080 5410 1174 5465 feccrit
1190 5409 1295 5473 nescim
1311 5417 1383 5462 certe
1404 5423 1466 5461 enm
1511 5405 1691 5476 urgellensem
1704 5421 1750 5461 no·

962 5491 1047 5538 strum
1067 5481 1091 5533 le
1111 5481 1163 5535 isse
1180 5494 1232 5532 troii
1259 5479 1346 5532 solum
1361 5491 1393 5530 ea
1414 5477 1466 5531 hoc
1484 5476 1553 5542 loco,
1570 5478 1616 5532 sed
1633 5491 1666 5532 cii
1684 5491 1749 5548 pag.

962 5552 1014 5607 522>
1026 5558 1053 5605 ct
1064 5497 1126 5613 3233,
1139 5556 1252 5603 constat.
1265 5546 1331 5626 Ωιι.

1000 5634 1011 5661 ⁰
1028 5621 1075 5681 tl..
1090 5620 1249 5681 Benionnos,
1262 5615 1382 5670 llinidos
1395 5625 1418 5671 et
1433 5617 1540 5673 :loitres

1002 5691 1011 5731 l
1027 5690 1094 5752 alit,
1110 5688 1235 5742 otonitna.
