<?xml version="1.0" encoding="UTF-8"?>
<!DOCTYPE html PUBLIC "-//W3C//DTD XHTML 1.0 Transitional//EN"
    "http://www.w3.org/TR/xhtml1/DTD/xhtml1-transitional.dtd">
<html xmlns="http://www.w3.org/1999/xhtml" xml:lang="en" lang="en">
 <head>
  <title>
</title>
<meta http-equiv="Content-Type" content="text/html;charset=utf-8" />
  <meta name='ocr-system' content='tesseract 3.04.00' />
  <meta name='ocr-capabilities' content='ocr_page ocr_carea ocr_par ocr_line ocrx_word'/>
</head>
<body>
  <div class='ocr_page' id='page_1' title='image "./patrologiaecurs17goog/patrologiaecurs17goog_0252.png"; bbox 0 0 3780 6120; ppageno 0'>
   <div class='ocr_carea' id='block_1_1' title="bbox 87 298 1812 367">
    <p class='ocr_par' dir='ltr' id='par_1_1' title="bbox 87 298 1812 367">
     <span class='ocr_line' id='line_1_1' title="bbox 87 298 1812 367; baseline -0.003 -4"><span class='ocrx_word' id='word_1_1' title='bbox 87 306 145 363; x_wconf 71' lang='grc'><strong>495</strong></span> <span class='ocrx_word' id='word_1_2' title='bbox 180 298 1644 367; x_wconf 67' lang='lat' dir='ltr'><strong>cob.btl³b.-ttou’t&#39;tt.,trt:.,suttcouuxcruciarius-uus.tut3cr.t130u&#39;tsttt.</strong></span> <span class='ocrx_word' id='word_1_3' title='bbox 1684 304 1739 361; x_wconf 85' lang='lat' dir='ltr'><strong>tbt</strong></span> <span class='ocrx_word' id='word_1_4' title='bbox 1808 338 1812 345; x_wconf 90' lang='lat'>-</span> 
     </span>
    </p>
   </div>
   <div class='ocr_carea' id='block_1_2' title="bbox 88 416 1742 494">
    <p class='ocr_par' dir='ltr' id='par_1_2' title="bbox 88 416 1742 494">
     <span class='ocr_line' id='line_1_2' title="bbox 88 416 1742 494; baseline -0.002 -13"><span class='ocrx_word' id='word_1_5' title='bbox 88 428 190 482; x_wconf 82' lang='lat' dir='ltr'><strong>tillcctn</strong></span> <span class='ocrx_word' id='word_1_6' title='bbox 204 426 233 480; x_wconf 91' lang='lat' dir='ltr'><strong>in</strong></span> <span class='ocrx_word' id='word_1_7' title='bbox 247 422 322 481; x_wconf 87' lang='lat' dir='ltr'><strong>tirbe</strong></span> <span class='ocrx_word' id='word_1_8' title='bbox 333 420 421 483; x_wconf 89' lang='lat' dir='ltr'><strong>alium</strong></span> <span class='ocrx_word' id='word_1_9' title='bbox 430 420 598 483; x_wconf 83' lang='lat' dir='ltr'><strong>dominatum</strong></span> <span class='ocrx_word' id='word_1_10' title='bbox 609 433 669 474; x_wconf 88' lang='lat' dir='ltr'><strong>csse</strong></span> <span class='ocrx_word' id='word_1_11' title='bbox 684 416 869 471; x_wconf 81' lang='lat' dir='ltr'><strong>meminissent</strong></span> <span class='ocrx_word' id='word_1_12' title='bbox 883 434 890 483; x_wconf 92' lang='lat'>;</span> <span class='ocrx_word' id='word_1_13' title='bbox 908 432 929 485; x_wconf 69' lang='grc' dir='ltr'><strong>,ι</strong></span> <span class='ocrx_word' id='word_1_14' title='bbox 945 421 962 474; x_wconf 92' lang='lat' dir='ltr'><strong>li</strong></span> <span class='ocrx_word' id='word_1_15' title='bbox 973 437 1002 475; x_wconf 91' lang='lat' dir='ltr'><strong>re</strong></span> <span class='ocrx_word' id='word_1_16' title='bbox 1015 420 1099 475; x_wconf 80' lang='lat' dir='ltr'><strong>vicies</strong></span> <span class='ocrx_word' id='word_1_17' title='bbox 1111 428 1222 473; x_wconf 76' lang='lat' dir='ltr'><strong>ccidi-ita</strong></span> <span class='ocrx_word' id='word_1_18' title='bbox 1236 420 1318 473; x_wconf 87' lang='lat' dir='ltr'><strong>millia</strong></span> <span class='ocrx_word' id='word_1_19' title='bbox 1334 419 1360 473; x_wconf 92' lang='lat' dir='ltr'><strong>in</strong></span> <span class='ocrx_word' id='word_1_20' title='bbox 1384 418 1538 475; x_wconf 89' lang='lat' dir='ltr'><strong>alimoniam</strong></span> <span class='ocrx_word' id='word_1_21' title='bbox 1554 438 1702 494; x_wconf 90' lang='lat' dir='ltr'><strong>paitpertiin</strong></span> <span class='ocrx_word' id='word_1_22' title='bbox 1714 438 1742 482; x_wconf 87' lang='lat' dir='ltr'><strong>et</strong></span> 
     </span>
    </p>
   </div>
   <div class='ocr_carea' id='block_1_3' title="bbox 87 489 901 4504">
    <p class='ocr_par' dir='ltr' id='par_1_3' title="bbox 87 489 896 1537">
     <span class='ocr_line' id='line_1_3' title="bbox 87 489 893 567; baseline -0.011 -16"><span class='ocrx_word' id='word_1_23' title='bbox 87 497 226 553; x_wconf 74' lang='lat' dir='ltr'>Adrianus</span> <span class='ocrx_word' id='word_1_24' title='bbox 247 495 341 549; x_wconf 79' lang='lat' dir='ltr'><strong>Roma</strong></span> <span class='ocrx_word' id='word_1_25' title='bbox 359 494 486 567; x_wconf 81' lang='lat' dir='ltr'><strong>prinecps</strong></span> <span class='ocrx_word' id='word_1_26' title='bbox 500 506 562 547; x_wconf 91' lang='lat' dir='ltr'><strong>euin</strong></span> <span class='ocrx_word' id='word_1_27' title='bbox 572 489 741 559; x_wconf 87' lang='lat' dir='ltr'><strong>principibus</strong></span> <span class='ocrx_word' id='word_1_28' title='bbox 759 490 893 543; x_wconf 74' lang='lat' dir='ltr'><strong>Constan-</strong></span> 
     </span>
     <span class='ocr_line' id='line_1_4' title="bbox 89 558 891 637; baseline -0.012 -14"><span class='ocrx_word' id='word_1_29' title='bbox 89 566 243 637; x_wconf 89' lang='lat' dir='ltr'><strong>tinopoleos</strong></span> <span class='ocrx_word' id='word_1_30' title='bbox 257 566 417 633; x_wconf 69' lang='lat' dir='ltr'><strong>loquebatur</strong></span> <span class='ocrx_word' id='word_1_31' title='bbox 429 578 480 634; x_wconf 89' lang='lat' dir='ltr'><strong>pro</strong></span> <span class='ocrx_word' id='word_1_32' title='bbox 491 562 621 633; x_wconf 81' lang='lat' dir='ltr'><strong>dignitate</strong></span> <span class='ocrx_word' id='word_1_33' title='bbox 634 576 666 613; x_wconf 87' lang='lat' dir='ltr'><strong>ac</strong></span> <span class='ocrx_word' id='word_1_34' title='bbox 680 558 819 628; x_wconf 83' lang='lat' dir='ltr'><strong>majestate</strong></span> <span class='ocrx_word' id='word_1_35' title='bbox 832 574 891 613; x_wconf 93' lang='lat' dir='ltr'><strong>sua.</strong></span> 
     </span>
     <span class='ocr_line' id='line_1_5' title="bbox 89 628 894 707; baseline -0.012 -14"><span class='ocrx_word' id='word_1_36' title='bbox 89 637 164 693; x_wconf 85' lang='lat' dir='ltr'><strong>Talis</strong></span> <span class='ocrx_word' id='word_1_37' title='bbox 174 635 297 707; x_wconf 83' lang='lat' dir='ltr'><strong>prolecto</strong></span> <span class='ocrx_word' id='word_1_38' title='bbox 311 636 338 689; x_wconf 92' lang='lat' dir='ltr'><strong>iu</strong></span> <span class='ocrx_word' id='word_1_39' title='bbox 354 634 436 699; x_wconf 81' lang='lat' dir='ltr'><strong>Urbe,</strong></span> <span class='ocrx_word' id='word_1_40' title='bbox 453 634 515 687; x_wconf 82' lang='lat' dir='ltr'><strong>uilis</strong></span> <span class='ocrx_word' id='word_1_41' title='bbox 531 634 558 686; x_wconf 93' lang='lat' dir='ltr'><strong>iit</strong></span> <span class='ocrx_word' id='word_1_42' title='bbox 572 629 666 685; x_wconf 86' lang='lat' dir='ltr'><strong>Galliis</strong></span> <span class='ocrx_word' id='word_1_43' title='bbox 677 628 814 683; x_wconf 83' lang='lat' dir='ltr'><strong>ltoinauus</strong></span> <span class='ocrx_word' id='word_1_44' title='bbox 826 646 894 701; x_wconf 78' lang='lat' dir='ltr'><strong>poa-</strong></span> 
     </span>
     <span class='ocr_line' id='line_1_6' title="bbox 90 699 893 764; baseline -0.015 -1"><span class='ocrx_word' id='word_1_45' title='bbox 90 706 154 764; x_wconf 79' lang='lat' dir='ltr'><strong>tilcx</strong></span> <span class='ocrx_word' id='word_1_46' title='bbox 168 707 332 761; x_wconf 82' lang='lat' dir='ltr'><strong>habebatur.</strong></span> <span class='ocrx_word' id='word_1_47' title='bbox 350 704 491 758; x_wconf 82' lang='lat' dir='ltr'><strong>Dontiuunt</strong></span> <span class='ocrx_word' id='word_1_48' title='bbox 512 712 630 757; x_wconf 82' lang='lat' dir='ltr'><strong>ttostritut</strong></span> <span class='ocrx_word' id='word_1_49' title='bbox 654 699 740 752; x_wconf 83' lang='lat' dir='ltr'><strong>olleo</strong></span> <span class='ocrx_word' id='word_1_50' title='bbox 759 700 893 753; x_wconf 81' lang='lat' dir='ltr'><strong>decrerunt</strong></span> 
     </span>
     <span class='ocr_line' id='line_1_7' title="bbox 90 768 892 893; baseline -0.012 -60"><span class='ocrx_word' id='word_1_51' title='bbox 90 779 120 833; x_wconf 78' lang='lat' dir='ltr'><strong>S.</strong></span> <span class='ocrx_word' id='word_1_52' title='bbox 146 778 178 831; x_wconf 81' lang='lat' dir='ltr'><strong>P.</strong></span> <span class='ocrx_word' id='word_1_53' title='bbox 194 776 227 845; x_wconf 76' lang='lat' dir='ltr'><strong>Q.</strong></span> <span class='ocrx_word' id='word_1_54' title='bbox 242 775 277 831; x_wconf 79' lang='lat' dir='ltr'><strong>R.</strong></span> <span class='ocrx_word' id='word_1_55' title='bbox 299 790 362 831; x_wconf 89' lang='lat' dir='ltr'><strong>eum</strong></span> <span class='ocrx_word' id='word_1_56' title='bbox 381 772 470 830; x_wconf 89' lang='lat' dir='ltr'><strong>lassus</strong></span> <span class='ocrx_word' id='word_1_57' title='bbox 488 782 548 829; x_wconf 87' lang='lat' dir='ltr'><strong>erat</strong></span> <span class='ocrx_word' id='word_1_58' title='bbox 567 785 638 825; x_wconf 87' lang='lat' dir='ltr'><strong>atino</strong></span> <span class='ocrx_word' id='word_1_59' title='bbox 657 768 709 825; x_wconf 76' lang='lat'><strong>757</strong></span> <span class='ocrx_word' id='word_1_60' title='bbox 726 768 808 893; x_wconf 69' lang='lat' dir='ltr'><strong>pont.</strong></span> <span class='ocrx_word' id='word_1_61' title='bbox 829 770 848 836; x_wconf 90' lang='grc' dir='ltr'><strong>Ι,</strong></span> <span class='ocrx_word' id='word_1_62' title='bbox 864 786 892 841; x_wconf 89' lang='grc' dir='ltr'><strong>)ι.</strong></span> 
     </span>
     <span class='ocr_line' id='line_1_8' title="bbox 91 840 894 917; baseline -0.012 -14"><span class='ocrx_word' id='word_1_63' title='bbox 91 850 164 917; x_wconf 70' lang='lat' dir='ltr'><strong>itti,</strong></span> <span class='ocrx_word' id='word_1_64' title='bbox 180 858 208 902; x_wconf 91' lang='lat' dir='ltr'><strong>ct</strong></span> <span class='ocrx_word' id='word_1_65' title='bbox 223 846 354 901; x_wconf 82' lang='lat' dir='ltr'><strong>illeuiitus</strong></span> <span class='ocrx_word' id='word_1_66' title='bbox 370 845 460 899; x_wconf 84' lang='lat' dir='ltr'><strong>Caroli</strong></span> <span class='ocrx_word' id='word_1_67' title='bbox 479 854 640 915; x_wconf 67' lang='lat' dir='ltr'><strong>praeceptor,</strong></span> <span class='ocrx_word' id='word_1_68' title='bbox 658 840 702 910; x_wconf 92' lang='lat' dir='ltr'><strong>qui</strong></span> <span class='ocrx_word' id='word_1_69' title='bbox 750 855 894 895; x_wconf 86' lang='lat' dir='ltr'><strong>raneorutn</strong></span> 
     </span>
     <span class='ocr_line' id='line_1_9' title="bbox 89 912 895 987; baseline -0.015 -13"><span class='ocrx_word' id='word_1_70' title='bbox 89 920 213 973; x_wconf 90' lang='lat' dir='ltr'><strong>omnium</strong></span> <span class='ocrx_word' id='word_1_71' title='bbox 228 918 313 972; x_wconf 88' lang='lat' dir='ltr'><strong>instar</strong></span> <span class='ocrx_word' id='word_1_72' title='bbox 325 916 377 971; x_wconf 92' lang='lat' dir='ltr'><strong>crit</strong></span> <span class='ocrx_word' id='word_1_73' title='bbox 399 916 453 987; x_wconf 87' lang='lat' dir='ltr'><strong>(cp.</strong></span> <span class='ocrx_word' id='word_1_74' title='bbox 468 916 514 979; x_wconf 73' lang='lat' dir='ltr'><strong>ai,</strong></span> <span class='ocrx_word' id='word_1_75' title='bbox 528 912 563 967; x_wconf 92' lang='lat' dir='ltr'><strong>al.</strong></span> <span class='ocrx_word' id='word_1_76' title='bbox 578 914 635 983; x_wconf 68' lang='lat' dir='ltr'><strong>id),</strong></span> <span class='ocrx_word' id='word_1_77' title='bbox 654 918 687 965; x_wconf 89' lang='lat' dir='ltr'><strong>dc</strong></span> <span class='ocrx_word' id='word_1_78' title='bbox 699 912 813 965; x_wconf 90' lang='lat' dir='ltr'><strong>summis</strong></span> <span class='ocrx_word' id='word_1_79' title='bbox 827 926 895 982; x_wconf 93' lang='lat' dir='ltr'><strong>pon-</strong></span> 
     </span>
     <span class='ocr_line' id='line_1_10' title="bbox 90 980 895 1057; baseline -0.012 -14"><span class='ocrx_word' id='word_1_80' title='bbox 90 990 211 1043; x_wconf 85' lang='lat' dir='ltr'><strong>titicibns</strong></span> <span class='ocrx_word' id='word_1_81' title='bbox 229 988 266 1041; x_wconf 90' lang='lat' dir='ltr'><strong>ita</strong></span> <span class='ocrx_word' id='word_1_82' title='bbox 279 988 418 1057; x_wconf 85' lang='lat' dir='ltr'><strong>loquitur:</strong></span> <span class='ocrx_word' id='word_1_83' title='bbox 441 1006 451 1038; x_wconf 93' lang='lat' dir='ltr'><strong>i</strong></span> <span class='ocrx_word' id='word_1_84' title='bbox 469 986 584 1053; x_wconf 81' lang='lat' dir='ltr'><strong>Senqter</strong></span> <span class='ocrx_word' id='word_1_85' title='bbox 597 990 696 1037; x_wconf 71' lang='lat' dir='ltr'><strong>sancire</strong></span> <span class='ocrx_word' id='word_1_86' title='bbox 711 980 839 1035; x_wconf 81' lang='lat' dir='ltr'><strong>lloinauru</strong></span> <span class='ocrx_word' id='word_1_87' title='bbox 852 996 895 1035; x_wconf 89' lang='lat' dir='ltr'><strong>se-</strong></span> 
     </span>
     <span class='ocr_line' id='line_1_11' title="bbox 91 1052 895 1125; baseline -0.011 -11"><span class='ocrx_word' id='word_1_88' title='bbox 91 1061 134 1117; x_wconf 87' lang='lat' dir='ltr'><strong>dis</strong></span> <span class='ocrx_word' id='word_1_89' title='bbox 151 1058 335 1123; x_wconf 83' lang='lat' dir='ltr'><strong>beatissimos,</strong></span> <span class='ocrx_word' id='word_1_90' title='bbox 356 1064 486 1125; x_wconf 89' lang='lat' dir='ltr'><strong>quantuni</strong></span> <span class='ocrx_word' id='word_1_91' title='bbox 507 1054 588 1117; x_wconf 87' lang='lat' dir='ltr'><strong>ralui,</strong></span> <span class='ocrx_word' id='word_1_92' title='bbox 609 1052 784 1123; x_wconf 85' lang='lat' dir='ltr'><strong>principesit</strong></span> <span class='ocrx_word' id='word_1_93' title='bbox 803 1060 895 1123; x_wconf 86' lang='lat' dir='ltr'><strong>pasto-</strong></span> 
     </span>
     <span class='ocr_line' id='line_1_12' title="bbox 90 1122 896 1192; baseline -0.014 -6"><span class='ocrx_word' id='word_1_94' title='bbox 90 1146 135 1185; x_wconf 88' lang='lat' dir='ltr'><strong>res</strong></span> <span class='ocrx_word' id='word_1_95' title='bbox 145 1130 246 1183; x_wconf 89' lang='lat' dir='ltr'><strong>autari.</strong></span> <span class='ocrx_word' id='word_1_96' title='bbox 265 1147 274 1179; x_wconf 89' lang='grc' dir='ltr'>ι</span> <span class='ocrx_word' id='word_1_97' title='bbox 289 1128 324 1181; x_wconf 80' lang='lat' dir='ltr'><strong>dt</strong></span> <span class='ocrx_word' id='word_1_98' title='bbox 340 1127 451 1181; x_wconf 90' lang='lat' dir='ltr'><strong>minime</strong></span> <span class='ocrx_word' id='word_1_99' title='bbox 466 1123 625 1179; x_wconf 84' lang='lat' dir='ltr'><strong>dintittenila</strong></span> <span class='ocrx_word' id='word_1_100' title='bbox 638 1131 681 1177; x_wconf 90' lang='lat' dir='ltr'><strong>est</strong></span> <span class='ocrx_word' id='word_1_101' title='bbox 696 1122 807 1177; x_wconf 85' lang='lat' dir='ltr'><strong>Adriani</strong></span> <span class='ocrx_word' id='word_1_102' title='bbox 823 1124 896 1192; x_wconf 88' lang='lat' dir='ltr'><strong>priti-</strong></span> 
     </span>
     <span class='ocr_line' id='line_1_13' title="bbox 90 1193 893 1269; baseline -0.014 -14"><span class='ocrx_word' id='word_1_103' title='bbox 90 1200 160 1269; x_wconf 91' lang='lat' dir='ltr'><strong>eipis</strong></span> <span class='ocrx_word' id='word_1_104' title='bbox 172 1200 208 1253; x_wconf 91' lang='lat' dir='ltr'><strong>ail</strong></span> <span class='ocrx_word' id='word_1_105' title='bbox 222 1198 429 1253; x_wconf 86' lang='lat' dir='ltr'><strong>Constantinum</strong></span> <span class='ocrx_word' id='word_1_106' title='bbox 449 1206 476 1252; x_wconf 83' lang='lat' dir='ltr'><strong>et</strong></span> <span class='ocrx_word' id='word_1_107' title='bbox 498 1195 604 1249; x_wconf 93' lang='lat' dir='ltr'><strong>lrenem</strong></span> <span class='ocrx_word' id='word_1_108' title='bbox 621 1193 893 1264; x_wconf 69' lang='lat' dir='ltr'><strong>principesepisota,</strong></span> 
     </span>
     <span class='ocr_line' id='line_1_14' title="bbox 90 1262 894 1339; baseline -0.011 -15"><span class='ocrx_word' id='word_1_109' title='bbox 90 1286 174 1339; x_wconf 91' lang='lat' dir='ltr'><strong>quatu</strong></span> <span class='ocrx_word' id='word_1_110' title='bbox 188 1284 339 1325; x_wconf 77' lang='lat' dir='ltr'>versamus.</span> <span class='ocrx_word' id='word_1_111' title='bbox 364 1267 586 1336; x_wconf 76' lang='lat' dir='ltr'><strong>Quandoquidem</strong></span> <span class='ocrx_word' id='word_1_112' title='bbox 596 1262 658 1331; x_wconf 87' lang='lat' dir='ltr'><strong>jura</strong></span> <span class='ocrx_word' id='word_1_113' title='bbox 678 1272 735 1316; x_wconf 91' lang='lat' dir='ltr'><strong>tuni</strong></span> <span class='ocrx_word' id='word_1_114' title='bbox 748 1278 825 1318; x_wconf 88' lang='lat' dir='ltr'><strong>saera</strong></span> <span class='ocrx_word' id='word_1_115' title='bbox 838 1272 894 1316; x_wconf 90' lang='lat' dir='ltr'><strong>tunt</strong></span> 
     </span>
     <span class='ocr_line' id='line_1_15' title="bbox 90 1332 896 1409; baseline -0.009 -14"><span class='ocrx_word' id='word_1_116' title='bbox 90 1340 193 1406; x_wconf 85' lang='lat' dir='ltr'><strong>cirilla,</strong></span> <span class='ocrx_word' id='word_1_117' title='bbox 209 1354 259 1409; x_wconf 92' lang='lat' dir='ltr'><strong>per</strong></span> <span class='ocrx_word' id='word_1_118' title='bbox 279 1347 319 1395; x_wconf 93' lang='lat' dir='ltr'><strong>tot</strong></span> <span class='ocrx_word' id='word_1_119' title='bbox 334 1354 418 1392; x_wconf 85' lang='lat' dir='ltr'><strong>:tonos</strong></span> <span class='ocrx_word' id='word_1_120' title='bbox 431 1338 533 1399; x_wconf 84' lang='lat' dir='ltr'><strong>iurasti,</strong></span> <span class='ocrx_word' id='word_1_121' title='bbox 548 1334 684 1388; x_wconf 75' lang='lat' dir='ltr'>Adrianus</span> <span class='ocrx_word' id='word_1_122' title='bbox 699 1334 795 1403; x_wconf 88' lang='lat' dir='ltr'><strong>repetit</strong></span> <span class='ocrx_word' id='word_1_123' title='bbox 810 1336 844 1388; x_wconf 90' lang='lat' dir='ltr'><strong>ab</strong></span> <span class='ocrx_word' id='word_1_124' title='bbox 861 1332 896 1388; x_wconf 85' lang='lat' dir='ltr'><strong>iis</strong></span> 
     </span>
     <span class='ocr_line' id='line_1_16' title="bbox 90 1404 893 1537; baseline -0.011 -72"><span class='ocrx_word' id='word_1_125' title='bbox 90 1411 280 1537; x_wconf 75' lang='lat' dir='ltr'><strong>principibus,</strong></span> <span class='ocrx_word' id='word_1_126' title='bbox 308 1411 331 1465; x_wconf 92' lang='lat' dir='ltr'><strong>si</strong></span> <span class='ocrx_word' id='word_1_127' title='bbox 356 1408 518 1463; x_wconf 75' lang='lat' dir='ltr'><strong>ieatliblicatu</strong></span> <span class='ocrx_word' id='word_1_128' title='bbox 543 1405 624 1459; x_wconf 90' lang='lat' dir='ltr'><strong>lidetn</strong></span> <span class='ocrx_word' id='word_1_129' title='bbox 649 1404 774 1474; x_wconf 75' lang='lat' dir='ltr'><strong>amplecti</strong></span> <span class='ocrx_word' id='word_1_130' title='bbox 801 1404 893 1467; x_wconf 83' lang='lat' dir='ltr'><strong>telitd,</strong></span> 
     </span>
     <span class='ocr_line' id='line_1_17' title="bbox 112 1480 355 1537; baseline -0.008 -2"><span class='ocrx_word' id='word_1_131' title='bbox 112 1496 166 1537; x_wconf 93' lang='lat' dir='ltr'><strong>unc</strong></span> <span class='ocrx_word' id='word_1_132' title='bbox 178 1497 207 1535; x_wconf 93' lang='lat' dir='ltr'><strong>tn</strong></span> <span class='ocrx_word' id='word_1_133' title='bbox 224 1480 334 1535; x_wconf 89' lang='lat' dir='ltr'><strong>ruoilum</strong></span> <span class='ocrx_word' id='word_1_134' title='bbox 349 1497 355 1533; x_wconf 92' lang='lat'><strong>:</strong></span> 
     </span>
    </p>

    <p class='ocr_par' dir='ltr' id='par_1_4' title="bbox 89 1542 901 4504">
     <span class='ocr_line' id='line_1_18' title="bbox 129 1542 896 1605; baseline -0.009 0"><span class='ocrx_word' id='word_1_135' title='bbox 129 1551 162 1605; x_wconf 81' lang='lat' dir='ltr'><strong>x.</strong></span> <span class='ocrx_word' id='word_1_136' title='bbox 187 1550 247 1605; x_wconf 77' lang='lat' dir='ltr'><strong>«Si</strong></span> <span class='ocrx_word' id='word_1_137' title='bbox 268 1565 360 1605; x_wconf 86' lang='lat' dir='ltr'><strong>reram</strong></span> <span class='ocrx_word' id='word_1_138' title='bbox 384 1558 412 1603; x_wconf 91' lang='lat' dir='ltr'><strong>et</strong></span> <span class='ocrx_word' id='word_1_139' title='bbox 430 1546 610 1603; x_wconf 83' lang='lat' dir='ltr'><strong>ortliolorain</strong></span> <span class='ocrx_word' id='word_1_140' title='bbox 629 1553 729 1601; x_wconf 76' lang='lat' dir='ltr'><strong>sancta</strong></span> <span class='ocrx_word' id='word_1_141' title='bbox 753 1542 896 1599; x_wconf 75' lang='lat' dir='ltr'><strong>catltelieru</strong></span> 
     </span>
     <span class='ocr_line' id='line_1_19' title="bbox 91 1615 896 1685; baseline -0.012 -8"><span class='ocrx_word' id='word_1_142' title='bbox 91 1621 222 1677; x_wconf 73' lang='lat' dir='ltr'><strong>Ecclesia</strong></span> <span class='ocrx_word' id='word_1_143' title='bbox 235 1620 363 1676; x_wconf 70' lang='lat' dir='ltr'><strong>Romanae</strong></span> <span class='ocrx_word' id='word_1_144' title='bbox 377 1618 492 1673; x_wconf 91' lang='lat' dir='ltr'><strong>nitimini</strong></span> <span class='ocrx_word' id='word_1_145' title='bbox 507 1616 634 1685; x_wconf 80' lang='lat' dir='ltr'><strong>amplecti</strong></span> <span class='ocrx_word' id='word_1_146' title='bbox 656 1618 745 1679; x_wconf 84' lang='lat' dir='ltr'><strong>tidem,</strong></span> <span class='ocrx_word' id='word_1_147' title='bbox 765 1615 835 1669; x_wconf 83' lang='lat' dir='ltr'><strong>sient</strong></span> <span class='ocrx_word' id='word_1_148' title='bbox 848 1631 896 1667; x_wconf 90' lang='lat' dir='ltr'><strong>ari-</strong></span> 
     </span>
     <span class='ocr_line' id='line_1_20' title="bbox 91 1685 896 1761; baseline -0.009 -15"><span class='ocrx_word' id='word_1_149' title='bbox 91 1693 208 1761; x_wconf 79' lang='lat' dir='ltr'><strong>tiiptitus</strong></span> <span class='ocrx_word' id='word_1_150' title='bbox 220 1691 256 1745; x_wconf 90' lang='lat' dir='ltr'><strong>ab</strong></span> <span class='ocrx_word' id='word_1_151' title='bbox 275 1690 432 1745; x_wconf 79' lang='lat' dir='ltr'><strong>ortltodoxis</strong></span> <span class='ocrx_word' id='word_1_152' title='bbox 449 1687 667 1759; x_wconf 88' lang='lat' dir='ltr'><strong>imperatoribus,</strong></span> <span class='ocrx_word' id='word_1_153' title='bbox 691 1700 738 1740; x_wconf 90' lang='lat' dir='ltr'><strong>scu</strong></span> <span class='ocrx_word' id='word_1_154' title='bbox 759 1703 774 1737; x_wconf 90' lang='lat' dir='ltr'><strong>a</strong></span> <span class='ocrx_word' id='word_1_155' title='bbox 789 1685 896 1739; x_wconf 69' lang='lat' dir='ltr'><strong>terteris</strong></span> 
     </span>
     <span class='ocr_line' id='line_1_21' title="bbox 91 1759 896 1827; baseline -0.011 -11"><span class='ocrx_word' id='word_1_156' title='bbox 91 1761 257 1817; x_wconf 77' lang='lat' dir='ltr'><strong>etiitsztauts</strong></span> <span class='ocrx_word' id='word_1_157' title='bbox 278 1760 403 1817; x_wconf 91' lang='lat' dir='ltr'><strong>litletibus</strong></span> <span class='ocrx_word' id='word_1_158' title='bbox 421 1759 511 1815; x_wconf 85' lang='lat' dir='ltr'><strong>oblata</strong></span> <span class='ocrx_word' id='word_1_159' title='bbox 526 1767 608 1827; x_wconf 88' lang='lat' dir='ltr'><strong>atquc</strong></span> <span class='ocrx_word' id='word_1_160' title='bbox 621 1770 750 1812; x_wconf 86' lang='lat' dir='ltr'><strong>concessa</strong></span> <span class='ocrx_word' id='word_1_161' title='bbox 773 1764 835 1809; x_wconf 89' lang='lat' dir='ltr'><strong>sunt</strong></span> <span class='ocrx_word' id='word_1_162' title='bbox 849 1771 896 1824; x_wconf 89' lang='lat' dir='ltr'><strong>pa-</strong></span> 
     </span>
     <span class='ocr_line' id='line_1_22' title="bbox 91 1827 896 1899; baseline -0.009 -12"><span class='ocrx_word' id='word_1_163' title='bbox 91 1832 222 1887; x_wconf 91' lang='lat' dir='ltr'><strong>trimonia</strong></span> <span class='ocrx_word' id='word_1_164' title='bbox 243 1829 316 1885; x_wconf 88' lang='lat' dir='ltr'><strong>beati</strong></span> <span class='ocrx_word' id='word_1_165' title='bbox 334 1830 407 1885; x_wconf 82' lang='lat' dir='ltr'><strong>Petri</strong></span> <span class='ocrx_word' id='word_1_166' title='bbox 428 1828 612 1899; x_wconf 90' lang='lat' dir='ltr'><strong>apostoloram</strong></span> <span class='ocrx_word' id='word_1_167' title='bbox 633 1827 763 1898; x_wconf 87' lang='lat' dir='ltr'><strong>principis</strong></span> <span class='ocrx_word' id='word_1_168' title='bbox 781 1827 896 1881; x_wconf 81' lang='lat' dir='ltr'><strong>litittoris</strong></span> 
     </span>
     <span class='ocr_line' id='line_1_23' title="bbox 91 1897 897 1971; baseline -0.007 -16"><span class='ocrx_word' id='word_1_169' title='bbox 91 1904 197 1968; x_wconf 70' lang='lat' dir='ltr'><strong>rostri,</strong></span> <span class='ocrx_word' id='word_1_170' title='bbox 223 1902 252 1955; x_wconf 93' lang='lat' dir='ltr'><strong>in</strong></span> <span class='ocrx_word' id='word_1_171' title='bbox 270 1905 405 1971; x_wconf 78' lang='lat' dir='ltr'><strong>integrum</strong></span> <span class='ocrx_word' id='word_1_172' title='bbox 428 1900 506 1955; x_wconf 87' lang='lat' dir='ltr'><strong>turbis</strong></span> <span class='ocrx_word' id='word_1_173' title='bbox 525 1899 668 1953; x_wconf 75' lang='lat' dir='ltr'><strong>restituere</strong></span> <span class='ocrx_word' id='word_1_174' title='bbox 683 1897 828 1966; x_wconf 79' lang='lat' dir='ltr'><strong>dignemini</strong></span> <span class='ocrx_word' id='word_1_175' title='bbox 846 1911 897 1965; x_wconf 93' lang='lat' dir='ltr'><strong>pro</strong></span> 
     </span>
     <span class='ocr_line' id='line_1_24' title="bbox 91 1965 896 2038; baseline -0.01 -13"><span class='ocrx_word' id='word_1_176' title='bbox 91 1972 301 2027; x_wconf 88' lang='lat' dir='ltr'><strong>luminariorum</strong></span> <span class='ocrx_word' id='word_1_177' title='bbox 325 1971 579 2027; x_wconf 77' lang='lat' dir='ltr'><strong>concinnationibus</strong></span> <span class='ocrx_word' id='word_1_178' title='bbox 610 1968 670 2022; x_wconf 85' lang='lat' dir='ltr'><strong>eiile</strong></span> <span class='ocrx_word' id='word_1_179' title='bbox 683 1986 697 2018; x_wconf 95' lang='grc' dir='ltr'><strong>ιι</strong></span> <span class='ocrx_word' id='word_1_180' title='bbox 728 1965 896 2038; x_wconf 81' lang='lat' dir='ltr'><strong>(ejitsiiein)</strong></span> 
     </span>
     <span class='ocr_line' id='line_1_25' title="bbox 90 2036 896 2111; baseline -0.011 -12"><span class='ocrx_word' id='word_1_181' title='bbox 90 2044 140 2099; x_wconf 85' lang='lat' dir='ltr'><strong>bet</strong></span> <span class='ocrx_word' id='word_1_182' title='bbox 153 2042 294 2107; x_wconf 75' lang='lat' dir='ltr'><strong>Ecclesia,</strong></span> <span class='ocrx_word' id='word_1_183' title='bbox 313 2052 340 2097; x_wconf 90' lang='lat' dir='ltr'><strong>ct</strong></span> <span class='ocrx_word' id='word_1_184' title='bbox 353 2042 489 2097; x_wconf 88' lang='lat' dir='ltr'><strong>aliittoitiis</strong></span> <span class='ocrx_word' id='word_1_185' title='bbox 503 2054 661 2111; x_wconf 89' lang='lat' dir='ltr'><strong>pauperum.</strong></span> <span class='ocrx_word' id='word_1_186' title='bbox 684 2036 740 2091; x_wconf 92' lang='lat' dir='ltr'><strong>litto</strong></span> <span class='ocrx_word' id='word_1_187' title='bbox 752 2048 779 2091; x_wconf 91' lang='lat' dir='ltr'><strong>et</strong></span> <span class='ocrx_word' id='word_1_188' title='bbox 799 2052 896 2090; x_wconf 83' lang='lat' dir='ltr'><strong>eurise·</strong></span> 
     </span>
     <span class='ocr_line' id='line_1_26' title="bbox 90 2107 898 2183; baseline -0.012 -14"><span class='ocrx_word' id='word_1_189' title='bbox 90 2116 230 2169; x_wconf 84' lang='lat' dir='ltr'><strong>crationes</strong></span> <span class='ocrx_word' id='word_1_190' title='bbox 245 2113 356 2183; x_wconf 89' lang='lat' dir='ltr'><strong>arcbiep</strong></span> <span class='ocrx_word' id='word_1_191' title='bbox 368 2127 522 2182; x_wconf 87' lang='lat' dir='ltr'><strong>seopurrrrn,</strong></span> <span class='ocrx_word' id='word_1_192' title='bbox 544 2126 592 2166; x_wconf 87' lang='lat' dir='ltr'><strong>seo</strong></span> <span class='ocrx_word' id='word_1_193' title='bbox 607 2110 808 2179; x_wconf 87' lang='lat' dir='ltr'><strong>episcoporum,</strong></span> <span class='ocrx_word' id='word_1_194' title='bbox 827 2107 898 2160; x_wconf 86' lang='lat' dir='ltr'><strong>siiut</strong></span> 
     </span>
     <span class='ocr_line' id='line_1_27' title="bbox 90 2180 895 2243; baseline -0.007 -6"><span class='ocrx_word' id='word_1_195' title='bbox 90 2185 192 2239; x_wconf 63' lang='lat' dir='ltr'><strong>olitana</strong></span> <span class='ocrx_word' id='word_1_196' title='bbox 211 2192 319 2239; x_wconf 87' lang='lat' dir='ltr'><strong>constat</strong></span> <span class='ocrx_word' id='word_1_197' title='bbox 339 2183 457 2243; x_wconf 88' lang='lat' dir='ltr'><strong>traditio,</strong></span> <span class='ocrx_word' id='word_1_198' title='bbox 483 2192 583 2237; x_wconf 80' lang='lat' dir='ltr'><strong>uitsttte</strong></span> <span class='ocrx_word' id='word_1_199' title='bbox 595 2180 721 2235; x_wconf 82' lang='lat' dir='ltr'><strong>dimeesis</strong></span> <span class='ocrx_word' id='word_1_200' title='bbox 737 2180 895 2239; x_wconf 80' lang='lat' dir='ltr'><strong>existentes,</strong></span> 
     </span>
     <span class='ocr_line' id='line_1_28' title="bbox 90 2248 898 2325; baseline -0.011 -16"><span class='ocrx_word' id='word_1_201' title='bbox 90 2258 202 2325; x_wconf 82' lang='lat' dir='ltr'><strong>penitus</strong></span> <span class='ocrx_word' id='word_1_202' title='bbox 215 2254 346 2310; x_wconf 88' lang='lat' dir='ltr'><strong>canonice</strong></span> <span class='ocrx_word' id='word_1_203' title='bbox 364 2262 465 2309; x_wconf 71' lang='lat' dir='ltr'><strong>sanctae</strong></span> <span class='ocrx_word' id='word_1_204' title='bbox 488 2253 616 2307; x_wconf 86' lang='lat' dir='ltr'><strong>ltoiuaine</strong></span> <span class='ocrx_word' id='word_1_205' title='bbox 638 2266 737 2306; x_wconf 72' lang='lat' dir='ltr'><strong>nostrae</strong></span> <span class='ocrx_word' id='word_1_206' title='bbox 753 2248 898 2302; x_wconf 87' lang='lat' dir='ltr'><strong>testituan·</strong></span> 
     </span>
     <span class='ocr_line' id='line_1_29' title="bbox 91 2319 895 2391; baseline -0.011 -12"><span class='ocrx_word' id='word_1_207' title='bbox 91 2336 139 2381; x_wconf 86' lang='lat' dir='ltr'><strong>tur</strong></span> <span class='ocrx_word' id='word_1_208' title='bbox 153 2324 294 2381; x_wconf 72' lang='lat' dir='ltr'><strong>Ecclesiae.</strong></span> <span class='ocrx_word' id='word_1_209' title='bbox 312 2344 322 2378; x_wconf 96' lang='grc' dir='ltr'>ι</span> <span class='ocrx_word' id='word_1_210' title='bbox 346 2324 388 2378; x_wconf 76' lang='lat' dir='ltr'><strong>Ad</strong></span> <span class='ocrx_word' id='word_1_211' title='bbox 406 2322 553 2390; x_wconf 76' lang='lat' dir='ltr'><strong>sarmium</strong></span> <span class='ocrx_word' id='word_1_212' title='bbox 571 2321 643 2391; x_wconf 91' lang='lat' dir='ltr'><strong>quod</strong></span> <span class='ocrx_word' id='word_1_213' title='bbox 664 2320 770 2383; x_wconf 81' lang='lat' dir='ltr'><strong>attinet,</strong></span> <span class='ocrx_word' id='word_1_214' title='bbox 785 2319 895 2381; x_wconf 74' lang='lat' dir='ltr'><strong>siciliae,</strong></span> 
     </span>
     <span class='ocr_line' id='line_1_30' title="bbox 90 2390 898 2463; baseline -0.012 -12"><span class='ocrx_word' id='word_1_215' title='bbox 90 2396 236 2461; x_wconf 75' lang='lat' dir='ltr'><strong>calabria,</strong></span> <span class='ocrx_word' id='word_1_216' title='bbox 253 2395 372 2451; x_wconf 75' lang='lat' dir='ltr'><strong>l&#39;enetitc</strong></span> <span class='ocrx_word' id='word_1_217' title='bbox 383 2394 461 2459; x_wconf 89' lang='lat' dir='ltr'><strong>itctn,</strong></span> <span class='ocrx_word' id='word_1_218' title='bbox 482 2403 510 2447; x_wconf 90' lang='lat' dir='ltr'><strong>et</strong></span> <span class='ocrx_word' id='word_1_219' title='bbox 522 2400 663 2463; x_wconf 80' lang='lat' dir='ltr'><strong>utriusque</strong></span> <span class='ocrx_word' id='word_1_220' title='bbox 681 2392 725 2461; x_wconf 88' lang='grc' dir='ltr'><strong>ΙΙΙ)</strong></span> <span class='ocrx_word' id='word_1_221' title='bbox 732 2390 779 2444; x_wconf 90' lang='lat' dir='ltr'><strong>rici</strong></span> <span class='ocrx_word' id='word_1_222' title='bbox 791 2390 898 2443; x_wconf 77' lang='lat' dir='ltr'><strong>trittisti-</strong></span> 
     </span>
     <span class='ocr_line' id='line_1_31' title="bbox 91 2460 899 2534; baseline -0.007 -15"><span class='ocrx_word' id='word_1_223' title='bbox 91 2476 151 2519; x_wconf 77' lang='lat' dir='ltr'><strong>tuzn</strong></span> <span class='ocrx_word' id='word_1_224' title='bbox 165 2466 388 2522; x_wconf 87' lang='lat' dir='ltr'><strong>consecrationes</strong></span> <span class='ocrx_word' id='word_1_225' title='bbox 403 2466 605 2534; x_wconf 75' lang='lat' dir='ltr'><strong>repetebantur.</strong></span> <span class='ocrx_word' id='word_1_226' title='bbox 622 2461 717 2516; x_wconf 80' lang='lat' dir='ltr'><strong>Gitilia</strong></span> <span class='ocrx_word' id='word_1_227' title='bbox 731 2475 794 2515; x_wconf 88' lang='lat' dir='ltr'><strong>rere</strong></span> <span class='ocrx_word' id='word_1_228' title='bbox 808 2460 899 2514; x_wconf 88' lang='lat' dir='ltr'><strong>iiiiitus</strong></span> 
     </span>
     <span class='ocr_line' id='line_1_32' title="bbox 91 2530 898 2609; baseline -0.006 -19"><span class='ocrx_word' id='word_1_229' title='bbox 91 2538 149 2591; x_wconf 88' lang='lat' dir='ltr'><strong>late</strong></span> <span class='ocrx_word' id='word_1_230' title='bbox 169 2538 319 2609; x_wconf 85' lang='lat' dir='ltr'><strong>patebant,</strong></span> <span class='ocrx_word' id='word_1_231' title='bbox 344 2535 475 2591; x_wconf 78' lang='lat' dir='ltr'><strong>dilatet-a</strong></span> <span class='ocrx_word' id='word_1_232' title='bbox 499 2534 573 2591; x_wconf 89' lang='lat' dir='ltr'><strong>cuim</strong></span> <span class='ocrx_word' id='word_1_233' title='bbox 593 2541 620 2589; x_wconf 91' lang='lat' dir='ltr'><strong>et</strong></span> <span class='ocrx_word' id='word_1_234' title='bbox 639 2532 739 2587; x_wconf 74' lang='lat' dir='ltr'><strong>Sicilire</strong></span> <span class='ocrx_word' id='word_1_235' title='bbox 765 2530 898 2585; x_wconf 75' lang='lat' dir='ltr'><strong>tinnitibus</strong></span> 
     </span>
     <span class='ocr_line' id='line_1_33' title="bbox 89 2601 898 2673; baseline -0.007 -12"><span class='ocrx_word' id='word_1_236' title='bbox 89 2607 398 2662; x_wconf 89' lang='lat' dir='ltr'><strong>circutnserrbeltantur.</strong></span> <span class='ocrx_word' id='word_1_237' title='bbox 424 2604 463 2659; x_wconf 85' lang='lat' dir='ltr'><strong>ne</strong></span> <span class='ocrx_word' id='word_1_238' title='bbox 484 2605 607 2673; x_wconf 90' lang='lat' dir='ltr'><strong>utrisque</strong></span> <span class='ocrx_word' id='word_1_239' title='bbox 621 2604 767 2656; x_wconf 88' lang='lat' dir='ltr'><strong>ailuteduut</strong></span> <span class='ocrx_word' id='word_1_240' title='bbox 791 2601 898 2655; x_wconf 85' lang='lat' dir='ltr'><strong>erudite</strong></span> 
     </span>
     <span class='ocr_line' id='line_1_34' title="bbox 89 2672 897 2747; baseline -0.007 -16"><span class='ocrx_word' id='word_1_241' title='bbox 89 2678 262 2733; x_wconf 79' lang='lat' dir='ltr'><strong>Aletnannus</strong></span> <span class='ocrx_word' id='word_1_242' title='bbox 276 2678 327 2747; x_wconf 77' lang='lat' dir='ltr'><strong>(lle</strong></span> <span class='ocrx_word' id='word_1_243' title='bbox 347 2676 436 2731; x_wconf 81' lang='lat' dir='ltr'><strong>Later.</strong></span> <span class='ocrx_word' id='word_1_244' title='bbox 454 2674 557 2729; x_wconf 78' lang='lat' dir='ltr'><strong>Portet.</strong></span> <span class='ocrx_word' id='word_1_245' title='bbox 580 2691 605 2730; x_wconf 91' lang='lat' dir='ltr'><strong>c.</strong></span> <span class='ocrx_word' id='word_1_246' title='bbox 622 2673 677 2743; x_wconf 80' lang='lat' dir='ltr'><strong>tb&#39;t.</strong></span> <span class='ocrx_word' id='word_1_247' title='bbox 702 2672 740 2726; x_wconf 85' lang='lat' dir='ltr'><strong>Ea</strong></span> <span class='ocrx_word' id='word_1_248' title='bbox 762 2686 825 2726; x_wconf 88' lang='lat' dir='ltr'><strong>rere</strong></span> <span class='ocrx_word' id='word_1_249' title='bbox 842 2679 897 2725; x_wconf 87' lang='lat' dir='ltr'><strong>taut</strong></span> 
     </span>
     <span class='ocr_line' id='line_1_35' title="bbox 91 2746 897 2817; baseline -0.007 -16"><span class='ocrx_word' id='word_1_250' title='bbox 91 2750 269 2803; x_wconf 89' lang='lat' dir='ltr'><strong>relietueater</strong></span> <span class='ocrx_word' id='word_1_251' title='bbox 284 2746 572 2817; x_wconf 81' lang='lat' dir='ltr'><strong>repetebatddtianus,</strong></span> <span class='ocrx_word' id='word_1_252' title='bbox 588 2754 615 2799; x_wconf 90' lang='lat' dir='ltr'><strong>ut</strong></span> <span class='ocrx_word' id='word_1_253' title='bbox 627 2752 689 2815; x_wconf 87' lang='lat' dir='ltr'><strong>post</strong></span> <span class='ocrx_word' id='word_1_254' title='bbox 702 2758 788 2797; x_wconf 89' lang='lat' dir='ltr'><strong>anuos</strong></span> <span class='ocrx_word' id='word_1_255' title='bbox 801 2758 897 2797; x_wconf 89' lang='lat' dir='ltr'><strong>uitrein</strong></span> 
     </span>
     <span class='ocr_line' id='line_1_36' title="bbox 90 2813 898 2887; baseline -0.007 -14"><span class='ocrx_word' id='word_1_256' title='bbox 90 2819 121 2873; x_wconf 91' lang='lat' dir='ltr'><strong>iu</strong></span> <span class='ocrx_word' id='word_1_257' title='bbox 138 2818 236 2875; x_wconf 86' lang='lat' dir='ltr'><strong>litteris</strong></span> <span class='ocrx_word' id='word_1_258' title='bbox 247 2818 283 2873; x_wconf 86' lang='lat' dir='ltr'><strong>ad</strong></span> <span class='ocrx_word' id='word_1_259' title='bbox 297 2816 440 2881; x_wconf 74' lang='lat' dir='ltr'><strong>Catulum,</strong></span> <span class='ocrx_word' id='word_1_260' title='bbox 455 2817 533 2887; x_wconf 75' lang='lat' dir='ltr'><strong>ipiitis</strong></span> <span class='ocrx_word' id='word_1_261' title='bbox 554 2814 724 2886; x_wconf 76' lang='lat' dir='ltr'><strong>capuita-e,</strong></span> <span class='ocrx_word' id='word_1_262' title='bbox 744 2829 790 2868; x_wconf 88' lang='lat' dir='ltr'><strong>seii</strong></span> <span class='ocrx_word' id='word_1_263' title='bbox 815 2813 898 2867; x_wconf 87' lang='lat' dir='ltr'><strong>libros</strong></span> 
     </span>
     <span class='ocr_line' id='line_1_37' title="bbox 90 2884 898 2958; baseline -0.014 -13"><span class='ocrx_word' id='word_1_264' title='bbox 90 2890 264 2945; x_wconf 69' lang='lat' dir='ltr'><strong>tiarrolinosa</strong></span> <span class='ocrx_word' id='word_1_265' title='bbox 278 2889 454 2943; x_wconf 68' lang='lat' dir='ltr'><strong>iteratoribus</strong></span> <span class='ocrx_word' id='word_1_266' title='bbox 471 2886 619 2958; x_wconf 89' lang='lat' dir='ltr'><strong>appellatos</strong></span> <span class='ocrx_word' id='word_1_267' title='bbox 642 2884 748 2945; x_wconf 89' lang='lat' dir='ltr'><strong>rel&#39;ellit,</strong></span> <span class='ocrx_word' id='word_1_268' title='bbox 765 2886 898 2939; x_wconf 76' lang='lat' dir='ltr'><strong>t&#39;intstatt-</strong></span> 
     </span>
     <span class='ocr_line' id='line_1_38' title="bbox 90 2954 897 3031; baseline -0.01 -18"><span class='ocrx_word' id='word_1_269' title='bbox 90 2960 193 3027; x_wconf 80' lang='lat' dir='ltr'><strong>tinam,</strong></span> <span class='ocrx_word' id='word_1_270' title='bbox 215 2960 263 3031; x_wconf 91' lang='lat' dir='ltr'><strong>qui</strong></span> <span class='ocrx_word' id='word_1_271' title='bbox 277 2968 391 3013; x_wconf 87' lang='lat' dir='ltr'><strong>matrem</strong></span> <span class='ocrx_word' id='word_1_272' title='bbox 408 2959 434 3012; x_wconf 92' lang='lat' dir='ltr'><strong>in</strong></span> <span class='ocrx_word' id='word_1_273' title='bbox 448 2974 524 3013; x_wconf 90' lang='lat' dir='ltr'><strong>suarii</strong></span> <span class='ocrx_word' id='word_1_274' title='bbox 540 2958 624 3028; x_wconf 85' lang='lat' dir='ltr'><strong>ipsius</strong></span> <span class='ocrx_word' id='word_1_275' title='bbox 637 2956 784 3026; x_wconf 86' lang='lat' dir='ltr'><strong>perniciem</strong></span> <span class='ocrx_word' id='word_1_276' title='bbox 799 2956 832 3007; x_wconf 90' lang='lat' dir='ltr'><strong>ab</strong></span> <span class='ocrx_word' id='word_1_277' title='bbox 845 2954 897 3006; x_wconf 90' lang='lat' dir='ltr'><strong>itti-</strong></span> 
     </span>
     <span class='ocr_line' id='line_1_39' title="bbox 89 3026 898 3101; baseline -0.012 -15"><span class='ocrx_word' id='word_1_278' title='bbox 89 3032 162 3101; x_wconf 89' lang='lat' dir='ltr'><strong>perii</strong></span> <span class='ocrx_word' id='word_1_279' title='bbox 175 3031 316 3089; x_wconf 84' lang='lat' dir='ltr'><strong>eottsortio</strong></span> <span class='ocrx_word' id='word_1_280' title='bbox 339 3028 494 3097; x_wconf 80' lang='lat' dir='ltr'><strong>abjecerat,</strong></span> <span class='ocrx_word' id='word_1_281' title='bbox 514 3028 548 3083; x_wconf 91' lang='lat' dir='ltr'><strong>alt</strong></span> <span class='ocrx_word' id='word_1_282' title='bbox 564 3026 659 3082; x_wconf 77' lang='lat' dir='ltr'><strong>luetcsi</strong></span> <span class='ocrx_word' id='word_1_283' title='bbox 685 3027 755 3079; x_wconf 83' lang='lat' dir='ltr'><strong>luunt</strong></span> <span class='ocrx_word' id='word_1_284' title='bbox 777 3039 898 3079; x_wconf 78' lang='lat' dir='ltr'><strong>citreisu-</strong></span> 
     </span>
     <span class='ocr_line' id='line_1_40' title="bbox 91 3095 897 3168; baseline -0.011 -12"><span class='ocrx_word' id='word_1_285' title='bbox 91 3117 156 3156; x_wconf 89' lang='lat' dir='ltr'><strong>rutu</strong></span> <span class='ocrx_word' id='word_1_286' title='bbox 182 3110 317 3165; x_wconf 89' lang='lat' dir='ltr'><strong>testetur,</strong></span> <span class='ocrx_word' id='word_1_287' title='bbox 350 3101 401 3154; x_wconf 87' lang='lat' dir='ltr'><strong>nisi</strong></span> <span class='ocrx_word' id='word_1_288' title='bbox 424 3098 486 3168; x_wconf 83' lang='lat' dir='ltr'><strong>jum</strong></span> <span class='ocrx_word' id='word_1_289' title='bbox 514 3099 560 3153; x_wconf 88' lang='lat' dir='ltr'><strong>illa</strong></span> <span class='ocrx_word' id='word_1_290' title='bbox 586 3097 737 3153; x_wconf 83' lang='lat' dir='ltr'><strong>restitum:</strong></span> <span class='ocrx_word' id='word_1_291' title='bbox 764 3095 897 3149; x_wconf 86' lang='lat' dir='ltr'><strong>illuditur</strong></span> 
     </span>
     <span class='ocr_line' id='line_1_41' title="bbox 90 3166 899 3244; baseline -0.009 -19"><span class='ocrx_word' id='word_1_292' title='bbox 90 3172 206 3244; x_wconf 86' lang='lat' dir='ltr'><strong>quippe,</strong></span> <span class='ocrx_word' id='word_1_293' title='bbox 220 3171 271 3236; x_wconf 88' lang='lat' dir='ltr'><strong>ait,</strong></span> <span class='ocrx_word' id='word_1_294' title='bbox 286 3172 454 3241; x_wconf 90' lang='lat' dir='ltr'><strong>quaiidoeos</strong></span> <span class='ocrx_word' id='word_1_295' title='bbox 476 3184 526 3240; x_wconf 87' lang='lat' dir='ltr'><strong>pro</strong></span> <span class='ocrx_word' id='word_1_296' title='bbox 545 3168 631 3224; x_wconf 88' lang='lat' dir='ltr'><strong>saeris</strong></span> <span class='ocrx_word' id='word_1_297' title='bbox 652 3166 814 3238; x_wconf 78' lang='lat' dir='ltr'><strong>iiiirtginitius</strong></span> <span class='ocrx_word' id='word_1_298' title='bbox 840 3179 899 3220; x_wconf 91' lang='lat' dir='ltr'><strong>ere-</strong></span> 
     </span>
     <span class='ocr_line' id='line_1_42' title="bbox 91 3236 898 3305; baseline -0.012 -6"><span class='ocrx_word' id='word_1_299' title='bbox 91 3245 185 3299; x_wconf 87' lang='lat' dir='ltr'><strong>etiuiie</strong></span> <span class='ocrx_word' id='word_1_300' title='bbox 201 3242 339 3297; x_wconf 82' lang='lat' dir='ltr'><strong>ailbiiitati</strong></span> <span class='ocrx_word' id='word_1_301' title='bbox 360 3257 472 3305; x_wconf 85' lang='lat' dir='ltr'><strong>sumus,</strong></span> <span class='ocrx_word' id='word_1_302' title='bbox 497 3238 578 3294; x_wconf 88' lang='lat' dir='ltr'><strong>simili</strong></span> <span class='ocrx_word' id='word_1_303' title='bbox 594 3238 674 3293; x_wconf 91' lang='lat' dir='ltr'><strong>ruoilo</strong></span> <span class='ocrx_word' id='word_1_304' title='bbox 689 3247 716 3291; x_wconf 88' lang='lat' dir='ltr'><strong>et</strong></span> <span class='ocrx_word' id='word_1_305' title='bbox 735 3238 769 3291; x_wconf 93' lang='lat' dir='ltr'><strong>de</strong></span> <span class='ocrx_word' id='word_1_306' title='bbox 787 3236 898 3291; x_wconf 75' lang='lat' dir='ltr'><strong>iliu-cesi</strong></span> 
     </span>
     <span class='ocr_line' id='line_1_43' title="bbox 91 3308 900 3385; baseline -0.015 -15"><span class='ocrx_word' id='word_1_307' title='bbox 91 3326 151 3370; x_wconf 86' lang='lat' dir='ltr'><strong>taut</strong></span> <span class='ocrx_word' id='word_1_308' title='bbox 169 3314 225 3385; x_wconf 81' lang='lat'><strong>10</strong></span> <span class='ocrx_word' id='word_1_309' title='bbox 242 3312 518 3383; x_wconf 86' lang='lat' dir='ltr'><strong>aieltiepisiuporitttt,</strong></span> <span class='ocrx_word' id='word_1_310' title='bbox 532 3326 612 3379; x_wconf 89' lang='lat' dir='ltr'><strong>quam</strong></span> <span class='ocrx_word' id='word_1_311' title='bbox 635 3308 824 3379; x_wconf 86' lang='lat' dir='ltr'><strong>episcoporum</strong></span> <span class='ocrx_word' id='word_1_312' title='bbox 838 3324 900 3359; x_wconf 81' lang='lat' dir='ltr'><strong>san-</strong></span> 
     </span>
     <span class='ocr_line' id='line_1_44' title="bbox 91 3379 899 3453; baseline -0.01 -13"><span class='ocrx_word' id='word_1_313' title='bbox 91 3402 146 3441; x_wconf 62' lang='lat' dir='ltr'><strong>tae</strong></span> <span class='ocrx_word' id='word_1_314' title='bbox 159 3385 304 3439; x_wconf 77' lang='lat' dir='ltr'><strong>eattiulrere</strong></span> <span class='ocrx_word' id='word_1_315' title='bbox 316 3392 344 3436; x_wconf 91' lang='lat' dir='ltr'><strong>ct</strong></span> <span class='ocrx_word' id='word_1_316' title='bbox 356 3392 443 3453; x_wconf 90' lang='lat' dir='ltr'><strong>apost.</strong></span> <span class='ocrx_word' id='word_1_317' title='bbox 465 3381 593 3435; x_wconf 83' lang='lat' dir='ltr'><strong>lluinaiuc</strong></span> <span class='ocrx_word' id='word_1_318' title='bbox 608 3379 744 3441; x_wconf 75' lang='lat' dir='ltr'><strong>ccclesia,</strong></span> <span class='ocrx_word' id='word_1_319' title='bbox 762 3394 822 3448; x_wconf 72' lang='lat' dir='ltr'><strong>quie</strong></span> <span class='ocrx_word' id='word_1_320' title='bbox 836 3388 899 3432; x_wconf 93' lang='lat' dir='ltr'><strong>tnnc</strong></span> 
     </span>
     <span class='ocr_line' id='line_1_45' title="bbox 90 3451 900 3527; baseline -0.012 -17"><span class='ocrx_word' id='word_1_321' title='bbox 90 3470 157 3511; x_wconf 89' lang='lat' dir='ltr'><strong>cum</strong></span> <span class='ocrx_word' id='word_1_322' title='bbox 175 3452 349 3527; x_wconf 76' lang='lat' dir='ltr'><strong>patrimoniis</strong></span> <span class='ocrx_word' id='word_1_323' title='bbox 362 3453 462 3507; x_wconf 86' lang='lat' dir='ltr'><strong>nostris</strong></span> <span class='ocrx_word' id='word_1_324' title='bbox 479 3451 659 3513; x_wconf 82' lang='lat' dir='ltr'><strong>abstulerunt,</strong></span> <span class='ocrx_word' id='word_1_325' title='bbox 686 3460 793 3519; x_wconf 89' lang='lat' dir='ltr'><strong>qnando</strong></span> <span class='ocrx_word' id='word_1_326' title='bbox 808 3464 900 3502; x_wconf 79' lang='lat' dir='ltr'><strong>saetas</strong></span> 
     </span>
     <span class='ocr_line' id='line_1_46' title="bbox 91 3518 901 3597; baseline -0.011 -16"><span class='ocrx_word' id='word_1_327' title='bbox 91 3526 228 3597; x_wconf 75' lang='lat' dir='ltr'><strong>iinaqines</strong></span> <span class='ocrx_word' id='word_1_328' title='bbox 249 3528 442 3595; x_wconf 84' lang='lat' dir='ltr'><strong>depitsiiemiit,</strong></span> <span class='ocrx_word' id='word_1_329' title='bbox 467 3530 493 3576; x_wconf 88' lang='lat' dir='ltr'><strong>et</strong></span> <span class='ocrx_word' id='word_1_330' title='bbox 517 3537 567 3576; x_wconf 91' lang='lat' dir='ltr'><strong>uec</strong></span> <span class='ocrx_word' id='word_1_331' title='bbox 582 3536 740 3590; x_wconf 90' lang='lat' dir='ltr'><strong>responsum</strong></span> <span class='ocrx_word' id='word_1_332' title='bbox 760 3518 901 3587; x_wconf 81' lang='lat' dir='ltr'><strong>quodlibet</strong></span> 
     </span>
     <span class='ocr_line' id='line_1_47' title="bbox 90 3588 899 3660; baseline -0.017 -7"><span class='ocrx_word' id='word_1_333' title='bbox 90 3598 193 3653; x_wconf 75' lang='lat' dir='ltr'><strong>exinde</strong></span> <span class='ocrx_word' id='word_1_334' title='bbox 207 3595 359 3660; x_wconf 85' lang='lat' dir='ltr'><strong>dederunt;</strong></span> <span class='ocrx_word' id='word_1_335' title='bbox 381 3603 409 3648; x_wconf 93' lang='lat' dir='ltr'><strong>et</strong></span> <span class='ocrx_word' id='word_1_336' title='bbox 425 3596 452 3648; x_wconf 92' lang='lat' dir='ltr'><strong>in</strong></span> <span class='ocrx_word' id='word_1_337' title='bbox 465 3594 516 3647; x_wconf 91' lang='lat' dir='ltr'><strong>line</strong></span> <span class='ocrx_word' id='word_1_338' title='bbox 536 3592 706 3655; x_wconf 71' lang='lat' dir='ltr'><strong>asisinatae,</strong></span> <span class='ocrx_word' id='word_1_339' title='bbox 728 3590 791 3659; x_wconf 90' lang='lat' dir='ltr'><strong>qnia</strong></span> <span class='ocrx_word' id='word_1_340' title='bbox 805 3588 831 3642; x_wconf 93' lang='lat' dir='ltr'><strong>iti</strong></span> <span class='ocrx_word' id='word_1_341' title='bbox 847 3604 899 3641; x_wconf 89' lang='lat' dir='ltr'><strong>iiiiii</strong></span> 
     </span>
     <span class='ocr_line' id='line_1_48' title="bbox 92 3660 899 3737; baseline -0.015 -14"><span class='ocrx_word' id='word_1_342' title='bbox 92 3666 215 3737; x_wconf 70' lang='lat' dir='ltr'><strong>capitulo</strong></span> <span class='ocrx_word' id='word_1_343' title='bbox 226 3666 262 3719; x_wconf 91' lang='lat' dir='ltr'><strong>ab</strong></span> <span class='ocrx_word' id='word_1_344' title='bbox 275 3679 369 3719; x_wconf 85' lang='lat' dir='ltr'><strong>errore</strong></span> <span class='ocrx_word' id='word_1_345' title='bbox 384 3663 497 3729; x_wconf 82' lang='lat' dir='ltr'><strong>retersi,</strong></span> <span class='ocrx_word' id='word_1_346' title='bbox 513 3678 545 3716; x_wconf 87' lang='lat' dir='ltr'><strong>eti</strong></span> <span class='ocrx_word' id='word_1_347' title='bbox 560 3662 620 3716; x_wconf 87' lang='lat' dir='ltr'><strong>aliis</strong></span> <span class='ocrx_word' id='word_1_348' title='bbox 639 3662 744 3715; x_wconf 88' lang='lat' dir='ltr'><strong>duobus</strong></span> <span class='ocrx_word' id='word_1_349' title='bbox 757 3660 783 3714; x_wconf 93' lang='lat' dir='ltr'><strong>in</strong></span> <span class='ocrx_word' id='word_1_350' title='bbox 803 3660 899 3715; x_wconf 90' lang='lat' dir='ltr'><strong>eodeni</strong></span> 
     </span>
     <span class='ocr_line' id='line_1_49' title="bbox 91 3729 898 3809; baseline -0.015 -18"><span class='ocrx_word' id='word_1_351' title='bbox 91 3742 273 3809; x_wconf 86' lang='lat' dir='ltr'><strong>permaneant</strong></span> <span class='ocrx_word' id='word_1_352' title='bbox 295 3750 427 3791; x_wconf 86' lang='lat' dir='ltr'><strong>ermre.i</strong></span> <span class='ocrx_word' id='word_1_353' title='bbox 454 3734 487 3789; x_wconf 88' lang='lat' dir='ltr'><strong>Et</strong></span> <span class='ocrx_word' id='word_1_354' title='bbox 513 3732 607 3786; x_wconf 86' lang='lat' dir='ltr'><strong>iiil&#39;ia:</strong></span> <span class='ocrx_word' id='word_1_355' title='bbox 638 3750 646 3781; x_wconf 96' lang='lat' dir='ltr'><strong>i</strong></span> <span class='ocrx_word' id='word_1_356' title='bbox 668 3730 744 3787; x_wconf 85' lang='lat' dir='ltr'><strong>Unde</strong></span> <span class='ocrx_word' id='word_1_357' title='bbox 768 3729 791 3785; x_wconf 87' lang='lat' dir='ltr'><strong>si</strong></span> <span class='ocrx_word' id='word_1_358' title='bbox 810 3737 898 3782; x_wconf 72' lang='lat' dir='ltr'><strong>restra</strong></span> 
     </span>
     <span class='ocr_line' id='line_1_50' title="bbox 92 3801 898 3877; baseline -0.012 -16"><span class='ocrx_word' id='word_1_359' title='bbox 92 3806 250 3862; x_wconf 84' lang='lat' dir='ltr'><strong>annuerita</strong></span> <span class='ocrx_word' id='word_1_360' title='bbox 270 3804 326 3859; x_wconf 80' lang='lat' dir='ltr'><strong>lieo</strong></span> <span class='ocrx_word' id='word_1_361' title='bbox 339 3815 461 3877; x_wconf 88' lang='lat' dir='ltr'><strong>protecta</strong></span> <span class='ocrx_word' id='word_1_362' title='bbox 484 3802 583 3873; x_wconf 72' lang='lat' dir='ltr'><strong>regalis</strong></span> <span class='ocrx_word' id='word_1_363' title='bbox 602 3801 773 3865; x_wconf 83' lang='lat' dir='ltr'><strong>excellentia,</strong></span> <span class='ocrx_word' id='word_1_364' title='bbox 804 3802 898 3854; x_wconf 78' lang='lat' dir='ltr'><strong>enitent</strong></span> 
     </span>
     <span class='ocr_line' id='line_1_51' title="bbox 92 3870 901 3947; baseline -0.012 -16"><span class='ocrx_word' id='word_1_365' title='bbox 92 3878 277 3933; x_wconf 88' lang='lat' dir='ltr'><strong>adbertatnur</strong></span> <span class='ocrx_word' id='word_1_366' title='bbox 288 3876 389 3947; x_wconf 89' lang='lat' dir='ltr'><strong>iitipetu</strong></span> <span class='ocrx_word' id='word_1_367' title='bbox 401 3892 451 3946; x_wconf 93' lang='lat' dir='ltr'><strong>pro</strong></span> <span class='ocrx_word' id='word_1_368' title='bbox 471 3873 557 3929; x_wconf 85' lang='lat' dir='ltr'><strong>sacris</strong></span> <span class='ocrx_word' id='word_1_369' title='bbox 570 3872 734 3943; x_wconf 79' lang='lat' dir='ltr'><strong>imaginibus</strong></span> <span class='ocrx_word' id='word_1_370' title='bbox 746 3872 771 3924; x_wconf 92' lang='lat' dir='ltr'><strong>in</strong></span> <span class='ocrx_word' id='word_1_371' title='bbox 784 3870 901 3940; x_wconf 88' lang='lat' dir='ltr'><strong>pristino</strong></span> 
     </span>
     <span class='ocr_line' id='line_1_52' title="bbox 92 3938 899 4017; baseline -0.014 -14"><span class='ocrx_word' id='word_1_372' title='bbox 92 3958 169 4003; x_wconf 79' lang='lat' dir='ltr'><strong>statu</strong></span> <span class='ocrx_word' id='word_1_373' title='bbox 186 3946 325 4003; x_wconf 81' lang='lat' dir='ltr'><strong>erectione</strong></span> <span class='ocrx_word' id='word_1_374' title='bbox 337 3951 350 4014; x_wconf 92' lang='grc'><strong>,“</strong></span> <span class='ocrx_word' id='word_1_375' title='bbox 373 3947 489 4017; x_wconf 80' lang='lat' dir='ltr'><strong>gratiam</strong></span> <span class='ocrx_word' id='word_1_376' title='bbox 509 3953 630 4014; x_wconf 79' lang='lat' dir='ltr'><strong>agentes.</strong></span> <span class='ocrx_word' id='word_1_377' title='bbox 655 3944 708 3996; x_wconf 70' lang='lat' dir='ltr'><strong>Sed</strong></span> <span class='ocrx_word' id='word_1_378' title='bbox 731 3944 764 3997; x_wconf 89' lang='lat' dir='ltr'><strong>dc</strong></span> <span class='ocrx_word' id='word_1_379' title='bbox 788 3938 899 3995; x_wconf 79' lang='lat' dir='ltr'><strong>ttioecesi</strong></span> 
     </span>
     <span class='ocr_line' id='line_1_53' title="bbox 92 4010 900 4081; baseline -0.011 -8"><span class='ocrx_word' id='word_1_380' title='bbox 92 4026 198 4075; x_wconf 77' lang='lat' dir='ltr'><strong>sanetae</strong></span> <span class='ocrx_word' id='word_1_381' title='bbox 216 4026 318 4072; x_wconf 73' lang='lat' dir='ltr'><strong>nostrie</strong></span> <span class='ocrx_word' id='word_1_382' title='bbox 331 4017 459 4073; x_wconf 87' lang='lat' dir='ltr'><strong>ltomamc</strong></span> <span class='ocrx_word' id='word_1_383' title='bbox 472 4016 599 4070; x_wconf 74' lang='lat' dir='ltr'><strong>Ecclesia</strong></span> <span class='ocrx_word' id='word_1_384' title='bbox 613 4023 666 4068; x_wconf 89' lang='lat' dir='ltr'><strong>tatu</strong></span> <span class='ocrx_word' id='word_1_385' title='bbox 683 4010 900 4081; x_wconf 83' lang='lat' dir='ltr'><strong>archiepiscopo·</strong></span> 
     </span>
     <span class='ocr_line' id='line_1_54' title="bbox 92 4081 899 4159; baseline -0.016 -14"><span class='ocrx_word' id='word_1_386' title='bbox 92 4104 168 4155; x_wconf 82' lang='lat' dir='ltr'><strong>runt,</strong></span> <span class='ocrx_word' id='word_1_387' title='bbox 182 4103 264 4159; x_wconf 70' lang='lat' dir='ltr'><strong>quarn</strong></span> <span class='ocrx_word' id='word_1_388' title='bbox 282 4087 481 4159; x_wconf 90' lang='lat' dir='ltr'><strong>episcoporum,</strong></span> <span class='ocrx_word' id='word_1_389' title='bbox 505 4102 552 4140; x_wconf 86' lang='lat' dir='ltr'><strong>seu</strong></span> <span class='ocrx_word' id='word_1_390' title='bbox 564 4084 598 4139; x_wconf 93' lang='lat' dir='ltr'><strong>de</strong></span> <span class='ocrx_word' id='word_1_391' title='bbox 617 4082 788 4155; x_wconf 82' lang='lat' dir='ltr'><strong>patrimoniis</strong></span> <span class='ocrx_word' id='word_1_392' title='bbox 802 4081 899 4136; x_wconf 81' lang='lat' dir='ltr'><strong>iter-inii</strong></span> 
     </span>
     <span class='ocr_line' id='line_1_55' title="bbox 93 4154 900 4231; baseline -0.012 -16"><span class='ocrx_word' id='word_1_393' title='bbox 93 4160 279 4231; x_wconf 87' lang='lat' dir='ltr'><strong>increpantes,</strong></span> <span class='ocrx_word' id='word_1_394' title='bbox 293 4173 515 4222; x_wconf 74' lang='lat' dir='ltr'><strong>ceramensium,</strong></span> <span class='ocrx_word' id='word_1_395' title='bbox 540 4166 569 4210; x_wconf 89' lang='lat' dir='ltr'><strong>ut</strong></span> <span class='ocrx_word' id='word_1_396' title='bbox 584 4156 606 4209; x_wconf 84' lang='lat' dir='ltr'><strong>si</strong></span> <span class='ocrx_word' id='word_1_397' title='bbox 623 4154 740 4210; x_wconf 91' lang='lat' dir='ltr'><strong>uoluerit</strong></span> <span class='ocrx_word' id='word_1_398' title='bbox 753 4169 784 4208; x_wconf 91' lang='lat' dir='ltr'><strong>ca</strong></span> <span class='ocrx_word' id='word_1_399' title='bbox 799 4160 900 4206; x_wconf 76' lang='lat' dir='ltr'><strong>satiettc</strong></span> 
     </span>
     <span class='ocr_line' id='line_1_56' title="bbox 94 4224 899 4289; baseline -0.012 -4"><span class='ocrx_word' id='word_1_400' title='bbox 94 4240 199 4285; x_wconf 79' lang='lat' dir='ltr'><strong>nostre</strong></span> <span class='ocrx_word' id='word_1_401' title='bbox 215 4230 347 4285; x_wconf 88' lang='lat' dir='ltr'><strong>llomamu</strong></span> <span class='ocrx_word' id='word_1_402' title='bbox 358 4228 487 4285; x_wconf 75' lang='lat' dir='ltr'><strong>Eoi-testa</strong></span> <span class='ocrx_word' id='word_1_403' title='bbox 499 4227 650 4289; x_wconf 86' lang='lat' dir='ltr'><strong>restituere,</strong></span> <span class='ocrx_word' id='word_1_404' title='bbox 666 4224 822 4278; x_wconf 75' lang='lat' dir='ltr'><strong>ltatrcticum</strong></span> <span class='ocrx_word' id='word_1_405' title='bbox 837 4236 899 4276; x_wconf 91' lang='lat' dir='ltr'><strong>eunt</strong></span> 
     </span>
     <span class='ocr_line' id='line_1_57' title="bbox 95 4296 900 4371; baseline -0.007 -18"><span class='ocrx_word' id='word_1_406' title='bbox 95 4316 148 4371; x_wconf 85' lang='lat' dir='ltr'><strong>pru</strong></span> <span class='ocrx_word' id='word_1_407' title='bbox 170 4300 326 4355; x_wconf 92' lang='lat' dir='ltr'><strong>bn&#39;usnntili</strong></span> <span class='ocrx_word' id='word_1_408' title='bbox 352 4300 455 4355; x_wconf 90' lang='lat' dir='ltr'><strong>erroris</strong></span> <span class='ocrx_word' id='word_1_409' title='bbox 472 4296 673 4370; x_wconf 76' lang='lat' dir='ltr'><strong>perseuerantia</strong></span> <span class='ocrx_word' id='word_1_410' title='bbox 689 4310 750 4350; x_wconf 91' lang='lat' dir='ltr'><strong>esse</strong></span> <span class='ocrx_word' id='word_1_411' title='bbox 770 4296 900 4348; x_wconf 92' lang='lat' dir='ltr'><strong>decerne·</strong></span> 
     </span>
     <span class='ocr_line' id='line_1_58' title="bbox 95 4316 899 4441; baseline -0.005 -18"><span class='ocrx_word' id='word_1_412' title='bbox 95 4386 169 4425; x_wconf 89' lang='lat' dir='ltr'><strong>iiius.</strong></span> <span class='ocrx_word' id='word_1_413' title='bbox 198 4316 263 4425; x_wconf 67' lang='lat' dir='ltr'><strong>Eius</strong></span> <span class='ocrx_word' id='word_1_414' title='bbox 280 4370 353 4425; x_wconf 91' lang='lat' dir='ltr'><strong>etrint</strong></span> <span class='ocrx_word' id='word_1_415' title='bbox 380 4372 504 4441; x_wconf 91' lang='lat' dir='ltr'><strong>cupimus</strong></span> <span class='ocrx_word' id='word_1_416' title='bbox 531 4368 646 4423; x_wconf 90' lang='lat' dir='ltr'><strong>salutent</strong></span> <span class='ocrx_word' id='word_1_417' title='bbox 670 4366 844 4429; x_wconf 81' lang='lat' dir='ltr'><strong>aniiitarunt,</strong></span> <span class='ocrx_word' id='word_1_418' title='bbox 872 4373 899 4419; x_wconf 92' lang='lat' dir='ltr'><strong>et</strong></span> 
     </span>
     <span class='ocr_line' id='line_1_59' title="bbox 95 4433 898 4504; baseline -0.01 -9"><span class='ocrx_word' id='word_1_419' title='bbox 95 4452 180 4495; x_wconf 68' lang='lat' dir='ltr'><strong>metae</strong></span> <span class='ocrx_word' id='word_1_420' title='bbox 191 4440 254 4497; x_wconf 88' lang='lat' dir='ltr'><strong>littei</strong></span> <span class='ocrx_word' id='word_1_421' title='bbox 264 4440 440 4496; x_wconf 69' lang='lat' dir='ltr'><strong>scibilitateiu</strong></span> <span class='ocrx_word' id='word_1_422' title='bbox 453 4454 625 4500; x_wconf 87' lang='lat' dir='ltr'><strong>consecrare,</strong></span> <span class='ocrx_word' id='word_1_423' title='bbox 649 4451 731 4504; x_wconf 91' lang='lat' dir='ltr'><strong>quani</strong></span> <span class='ocrx_word' id='word_1_424' title='bbox 746 4433 898 4501; x_wconf 81' lang='lat' dir='ltr'><strong>liiijnsittodi</strong></span> 
     </span>
    </p>
   </div>
   <div class='ocr_carea' id='block_1_4' title="bbox 941 490 1749 1828">
    <p class='ocr_par' dir='ltr' id='par_1_5' title="bbox 941 490 1749 1828">
     <span class='ocr_line' id='line_1_60' title="bbox 945 490 1742 563; baseline 0.006 -16"><span class='ocrx_word' id='word_1_425' title='bbox 945 492 1167 547; x_wconf 82' lang='lat' dir='ltr'><strong>concinnationes</strong></span> <span class='ocrx_word' id='word_1_426' title='bbox 1196 491 1327 544; x_wconf 91' lang='lat' dir='ltr'><strong>luminum</strong></span> <span class='ocrx_word' id='word_1_427' title='bbox 1350 490 1506 560; x_wconf 76' lang='lat' dir='ltr'><strong>eroganda,</strong></span> <span class='ocrx_word' id='word_1_428' title='bbox 1535 508 1584 563; x_wconf 89' lang='lat' dir='ltr'><strong>per</strong></span> <span class='ocrx_word' id='word_1_429' title='bbox 1605 510 1742 553; x_wconf 89' lang='lat' dir='ltr'><strong>sonituum</strong></span> 
     </span>
     <span class='ocr_line' id='line_1_61' title="bbox 943 560 1743 635; baseline 0.006 -18"><span class='ocrx_word' id='word_1_430' title='bbox 943 562 1021 617; x_wconf 66' lang='lat' dir='ltr'><strong>nefas</strong></span> <span class='ocrx_word' id='word_1_431' title='bbox 1034 561 1124 617; x_wconf 90' lang='lat' dir='ltr'><strong>ablata</strong></span> <span class='ocrx_word' id='word_1_432' title='bbox 1137 564 1244 615; x_wconf 85' lang='lat' dir='ltr'><strong>lucrant</strong></span> <span class='ocrx_word' id='word_1_433' title='bbox 1262 562 1296 614; x_wconf 94' lang='lat' dir='ltr'><strong>ab</strong></span> <span class='ocrx_word' id='word_1_434' title='bbox 1321 560 1506 617; x_wconf 78' lang='lat' dir='ltr'><strong>iconomachis</strong></span> <span class='ocrx_word' id='word_1_435' title='bbox 1524 578 1557 617; x_wconf 79' lang='lat' dir='ltr'><strong>cx</strong></span> <span class='ocrx_word' id='word_1_436' title='bbox 1569 566 1743 635; x_wconf 85' lang='lat' dir='ltr'><strong>patrimoniis</strong></span> 
     </span>
     <span class='ocr_line' id='line_1_62' title="bbox 943 630 1744 701; baseline 0.009 -14"><span class='ocrx_word' id='word_1_437' title='bbox 943 631 1116 688; x_wconf 80' lang='lat' dir='ltr'><strong>Calabritano</strong></span> <span class='ocrx_word' id='word_1_438' title='bbox 1132 639 1158 685; x_wconf 91' lang='lat' dir='ltr'><strong>et</strong></span> <span class='ocrx_word' id='word_1_439' title='bbox 1173 630 1283 695; x_wconf 87' lang='lat' dir='ltr'><strong>Siculo,</strong></span> <span class='ocrx_word' id='word_1_440' title='bbox 1307 646 1380 701; x_wconf 91' lang='lat' dir='ltr'><strong>qno,</strong></span> <span class='ocrx_word' id='word_1_441' title='bbox 1405 630 1552 689; x_wconf 80' lang='lat' dir='ltr'><strong>faciliorem</strong></span> <span class='ocrx_word' id='word_1_442' title='bbox 1568 636 1602 689; x_wconf 92' lang='lat' dir='ltr'><strong>ad</strong></span> <span class='ocrx_word' id='word_1_443' title='bbox 1624 638 1744 694; x_wconf 77' lang='lat' dir='ltr'><strong>exactio-</strong></span> 
     </span>
     <span class='ocr_line' id='line_1_63' title="bbox 941 699 1745 772; baseline 0.009 -16"><span class='ocrx_word' id='word_1_444' title='bbox 941 718 1006 771; x_wconf 85' lang='lat' dir='ltr'><strong>nem</strong></span> <span class='ocrx_word' id='word_1_445' title='bbox 1033 702 1193 757; x_wconf 91' lang='lat' dir='ltr'><strong>translatum</strong></span> <span class='ocrx_word' id='word_1_446' title='bbox 1214 699 1302 756; x_wconf 89' lang='lat' dir='ltr'><strong>luerat</strong></span> <span class='ocrx_word' id='word_1_447' title='bbox 1319 700 1449 772; x_wconf 79' lang='lat' dir='ltr'><strong>quidquid</strong></span> <span class='ocrx_word' id='word_1_448' title='bbox 1469 704 1663 761; x_wconf 86' lang='lat' dir='ltr'><strong>Cotistantirtus</strong></span> <span class='ocrx_word' id='word_1_449' title='bbox 1688 708 1745 763; x_wconf 88' lang='lat' dir='ltr'><strong>lla·</strong></span> 
     </span>
     <span class='ocr_line' id='line_1_64' title="bbox 944 771 1744 850; baseline 0.011 -25"><span class='ocrx_word' id='word_1_450' title='bbox 944 790 1013 843; x_wconf 76' lang='lat' dir='ltr'><strong>gnus</strong></span> <span class='ocrx_word' id='word_1_451' title='bbox 1023 785 1248 842; x_wconf 77' lang='lat' dir='ltr'><strong>successoresque</strong></span> <span class='ocrx_word' id='word_1_452' title='bbox 1263 771 1387 842; x_wconf 76' lang='lat' dir='ltr'><strong>ilergitsti,</strong></span> <span class='ocrx_word' id='word_1_453' title='bbox 1403 774 1521 843; x_wconf 87' lang='lat' dir='ltr'><strong>patricii,</strong></span> <span class='ocrx_word' id='word_1_454' title='bbox 1544 783 1625 847; x_wconf 70' lang='lat' dir='ltr'><strong>atique</strong></span> <span class='ocrx_word' id='word_1_455' title='bbox 1638 778 1682 833; x_wconf 90' lang='lat' dir='ltr'><strong>alii</strong></span> <span class='ocrx_word' id='word_1_456' title='bbox 1695 796 1744 850; x_wconf 87' lang='lat' dir='ltr'><strong>pro</strong></span> 
     </span>
     <span class='ocr_line' id='line_1_65' title="bbox 945 842 1745 916; baseline 0.01 -19"><span class='ocrx_word' id='word_1_457' title='bbox 945 845 1041 897; x_wconf 85' lang='lat' dir='ltr'><strong>uiriinir·</strong></span> <span class='ocrx_word' id='word_1_458' title='bbox 1060 844 1175 897; x_wconf 83' lang='lat' dir='ltr'><strong>remedio</strong></span> <span class='ocrx_word' id='word_1_459' title='bbox 1196 842 1368 897; x_wconf 88' lang='lat' dir='ltr'><strong>contulerant</strong></span> <span class='ocrx_word' id='word_1_460' title='bbox 1381 843 1407 897; x_wconf 91' lang='lat' dir='ltr'><strong>iu</strong></span> <span class='ocrx_word' id='word_1_461' title='bbox 1426 842 1537 899; x_wconf 80' lang='lat' dir='ltr'><strong>Oriente</strong></span> <span class='ocrx_word' id='word_1_462' title='bbox 1550 848 1687 916; x_wconf 74' lang='lat' dir='ltr'><strong>praedictis</strong></span> <span class='ocrx_word' id='word_1_463' title='bbox 1699 864 1745 904; x_wconf 91' lang='lat' dir='ltr'><strong>ee·</strong></span> 
     </span>
     <span class='ocr_line' id='line_1_66' title="bbox 944 912 1745 990; baseline 0.006 -22"><span class='ocrx_word' id='word_1_464' title='bbox 944 914 1045 968; x_wconf 85' lang='lat' dir='ltr'><strong>etesiis.</strong></span> <span class='ocrx_word' id='word_1_465' title='bbox 1068 915 1103 967; x_wconf 84' lang='lat' dir='ltr'><strong>dt</strong></span> <span class='ocrx_word' id='word_1_466' title='bbox 1119 912 1207 967; x_wconf 92' lang='lat' dir='ltr'><strong>deliis</strong></span> <span class='ocrx_word' id='word_1_467' title='bbox 1222 913 1319 967; x_wconf 84' lang='lat' dir='ltr'><strong>iterum</strong></span> <span class='ocrx_word' id='word_1_468' title='bbox 1333 928 1424 968; x_wconf 86' lang='lat' dir='ltr'><strong>sermo</strong></span> <span class='ocrx_word' id='word_1_469' title='bbox 1438 915 1501 977; x_wconf 86' lang='lat' dir='ltr'><strong>erit.</strong></span> <span class='ocrx_word' id='word_1_470' title='bbox 1525 930 1586 971; x_wconf 92' lang='lat' dir='ltr'><strong>cunt</strong></span> <span class='ocrx_word' id='word_1_471' title='bbox 1600 919 1634 973; x_wconf 92' lang='lat' dir='ltr'><strong>de</strong></span> <span class='ocrx_word' id='word_1_472' title='bbox 1658 920 1745 990; x_wconf 91' lang='lat' dir='ltr'><strong>diplo-</strong></span> 
     </span>
     <span class='ocr_line' id='line_1_67' title="bbox 945 982 1745 1046; baseline 0.009 -9"><span class='ocrx_word' id='word_1_473' title='bbox 945 992 1018 1038; x_wconf 90' lang='lat' dir='ltr'><strong>mate</strong></span> <span class='ocrx_word' id='word_1_474' title='bbox 1039 982 1167 1038; x_wconf 88' lang='lat' dir='ltr'><strong>Ludorici</strong></span> <span class='ocrx_word' id='word_1_475' title='bbox 1189 983 1230 1038; x_wconf 81' lang='lat' dir='ltr'><strong>uit</strong></span> <span class='ocrx_word' id='word_1_476' title='bbox 1247 983 1404 1039; x_wconf 75' lang='lat' dir='ltr'><strong>disseretur.</strong></span> <span class='ocrx_word' id='word_1_477' title='bbox 1432 984 1511 1040; x_wconf 62' lang='lat' dir='ltr'><strong>altine</strong></span> <span class='ocrx_word' id='word_1_478' title='bbox 1532 988 1605 1042; x_wconf 85' lang='lat' dir='ltr'><strong>serio</strong></span> <span class='ocrx_word' id='word_1_479' title='bbox 1623 990 1745 1046; x_wconf 88' lang='lat' dir='ltr'><strong>aninntd-</strong></span> 
     </span>
     <span class='ocr_line' id='line_1_68' title="bbox 944 1053 1747 1125; baseline 0.012 -20"><span class='ocrx_word' id='word_1_480' title='bbox 944 1054 1014 1109; x_wconf 90' lang='lat' dir='ltr'><strong>rerti</strong></span> <span class='ocrx_word' id='word_1_481' title='bbox 1030 1053 1109 1108; x_wconf 84' lang='lat' dir='ltr'><strong>eelim</strong></span> <span class='ocrx_word' id='word_1_482' title='bbox 1123 1068 1236 1117; x_wconf 87' lang='lat' dir='ltr'><strong>causas,</strong></span> <span class='ocrx_word' id='word_1_483' title='bbox 1262 1068 1311 1107; x_wconf 90' lang='lat' dir='ltr'><strong>cnr</strong></span> <span class='ocrx_word' id='word_1_484' title='bbox 1323 1054 1437 1109; x_wconf 81' lang='lat' dir='ltr'><strong>ltornani</strong></span> <span class='ocrx_word' id='word_1_485' title='bbox 1453 1056 1595 1125; x_wconf 91' lang='lat' dir='ltr'><strong>pontilices</strong></span> <span class='ocrx_word' id='word_1_486' title='bbox 1611 1060 1679 1114; x_wconf 88' lang='lat' dir='ltr'><strong>adeo</strong></span> <span class='ocrx_word' id='word_1_487' title='bbox 1694 1060 1747 1114; x_wconf 91' lang='lat' dir='ltr'><strong>int·</strong></span> 
     </span>
     <span class='ocr_line' id='line_1_69' title="bbox 944 1124 1745 1200; baseline 0.006 -22"><span class='ocrx_word' id='word_1_488' title='bbox 944 1140 1027 1196; x_wconf 88' lang='lat' dir='ltr'><strong>pense</strong></span> <span class='ocrx_word' id='word_1_489' title='bbox 1046 1124 1209 1195; x_wconf 89' lang='lat' dir='ltr'><strong>patrimonia</strong></span> <span class='ocrx_word' id='word_1_490' title='bbox 1233 1124 1361 1181; x_wconf 73' lang='lat' dir='ltr'><strong>Ecclesiae</strong></span> <span class='ocrx_word' id='word_1_491' title='bbox 1385 1135 1549 1195; x_wconf 82' lang='lat' dir='ltr'><strong>ripctetent,</strong></span> <span class='ocrx_word' id='word_1_492' title='bbox 1572 1143 1606 1183; x_wconf 85' lang='lat' dir='ltr'><strong>ex</strong></span> <span class='ocrx_word' id='word_1_493' title='bbox 1630 1130 1745 1200; x_wconf 77' lang='lat' dir='ltr'><strong>lli-gesto</strong></span> 
     </span>
     <span class='ocr_line' id='line_1_70' title="bbox 945 1193 1746 1265; baseline 0.01 -16"><span class='ocrx_word' id='word_1_494' title='bbox 945 1212 958 1249; x_wconf 88' lang='lat' dir='ltr'><strong>s</strong></span> <span class='ocrx_word' id='word_1_495' title='bbox 977 1196 1031 1250; x_wconf 90' lang='lat' dir='ltr'><strong>neti</strong></span> <span class='ocrx_word' id='word_1_496' title='bbox 1046 1196 1169 1265; x_wconf 83' lang='lat' dir='ltr'><strong>Gregorii</strong></span> <span class='ocrx_word' id='word_1_497' title='bbox 1186 1193 1274 1261; x_wconf 68' lang='lat' dir='ltr'><strong>lingui</strong></span> <span class='ocrx_word' id='word_1_498' title='bbox 1297 1195 1322 1248; x_wconf 92' lang='lat' dir='ltr'><strong>iu</strong></span> <span class='ocrx_word' id='word_1_499' title='bbox 1336 1210 1391 1249; x_wconf 95' lang='lat' dir='ltr'><strong>uno</strong></span> <span class='ocrx_word' id='word_1_500' title='bbox 1405 1196 1511 1261; x_wconf 83' lang='lat' dir='ltr'><strong>Siculo,</strong></span> <span class='ocrx_word' id='word_1_501' title='bbox 1537 1199 1601 1253; x_wconf 91' lang='lat' dir='ltr'><strong>ilum</strong></span> <span class='ocrx_word' id='word_1_502' title='bbox 1615 1200 1662 1255; x_wconf 87' lang='lat' dir='ltr'><strong>ille</strong></span> <span class='ocrx_word' id='word_1_503' title='bbox 1672 1203 1746 1257; x_wconf 77' lang='lat' dir='ltr'><strong>liuc-</strong></span> 
     </span>
     <span class='ocr_line' id='line_1_71' title="bbox 946 1264 1746 1351; baseline 0.009 -32"><span class='ocrx_word' id='word_1_504' title='bbox 946 1266 1025 1319; x_wconf 90' lang='lat' dir='ltr'><strong>batur</strong></span> <span class='ocrx_word' id='word_1_505' title='bbox 1037 1265 1168 1320; x_wconf 84' lang='lat' dir='ltr'><strong>Ecclesia.</strong></span> <span class='ocrx_word' id='word_1_506' title='bbox 1183 1264 1216 1318; x_wconf 89' lang='lat' dir='ltr'><strong>Et</strong></span> <span class='ocrx_word' id='word_1_507' title='bbox 1229 1265 1280 1318; x_wconf 86' lang='lat' dir='ltr'><strong>tiri</strong></span> <span class='ocrx_word' id='word_1_508' title='bbox 1295 1274 1322 1317; x_wconf 90' lang='lat' dir='ltr'><strong>et</strong></span> <span class='ocrx_word' id='word_1_509' title='bbox 1334 1266 1459 1320; x_wconf 72' lang='lat' dir='ltr'><strong>mulieres</strong></span> <span class='ocrx_word' id='word_1_510' title='bbox 1478 1266 1662 1351; x_wconf 70' lang='lat' dir='ltr'><strong>tritiuscunquc</strong></span> <span class='ocrx_word' id='word_1_511' title='bbox 1672 1270 1746 1326; x_wconf 92' lang='lat' dir='ltr'><strong>orili-</strong></span> 
     </span>
     <span class='ocr_line' id='line_1_72' title="bbox 946 1335 1745 1406; baseline 0.01 -17"><span class='ocrx_word' id='word_1_512' title='bbox 946 1336 998 1398; x_wconf 85' lang='lat' dir='ltr'><strong>uis,</strong></span> <span class='ocrx_word' id='word_1_513' title='bbox 1014 1350 1048 1389; x_wconf 91' lang='lat' dir='ltr'><strong>nc</strong></span> <span class='ocrx_word' id='word_1_514' title='bbox 1058 1335 1251 1389; x_wconf 81' lang='lat' dir='ltr'><strong>ecelesiasticis</strong></span> <span class='ocrx_word' id='word_1_515' title='bbox 1265 1335 1373 1403; x_wconf 89' lang='lat' dir='ltr'><strong>quidem</strong></span> <span class='ocrx_word' id='word_1_516' title='bbox 1389 1338 1527 1406; x_wconf 76' lang='lat' dir='ltr'><strong>exceptis,</strong></span> <span class='ocrx_word' id='word_1_517' title='bbox 1552 1339 1586 1393; x_wconf 90' lang='lat' dir='ltr'><strong>ad</strong></span> <span class='ocrx_word' id='word_1_518' title='bbox 1599 1351 1699 1395; x_wconf 89' lang='lat' dir='ltr'><strong>rictum</strong></span> <span class='ocrx_word' id='word_1_519' title='bbox 1712 1357 1745 1396; x_wconf 88' lang='lat' dir='ltr'><strong>ac</strong></span> 
     </span>
     <span class='ocr_line' id='line_1_73' title="bbox 947 1405 1743 1480; baseline 0.011 -23"><span class='ocrx_word' id='word_1_520' title='bbox 947 1406 1073 1460; x_wconf 87' lang='lat' dir='ltr'><strong>restitum</strong></span> <span class='ocrx_word' id='word_1_521' title='bbox 1086 1405 1240 1459; x_wconf 84' lang='lat' dir='ltr'><strong>necessaria</strong></span> <span class='ocrx_word' id='word_1_522' title='bbox 1258 1406 1346 1475; x_wconf 86' lang='lat' dir='ltr'><strong>quoad</strong></span> <span class='ocrx_word' id='word_1_523' title='bbox 1364 1405 1501 1471; x_wconf 88' lang='lat' dir='ltr'><strong>rirercut,</strong></span> <span class='ocrx_word' id='word_1_524' title='bbox 1525 1408 1669 1466; x_wconf 87' lang='lat' dir='ltr'><strong>obtinuere</strong></span> <span class='ocrx_word' id='word_1_525' title='bbox 1692 1413 1743 1480; x_wconf 92' lang='lat'><strong>11</strong></span> 
     </span>
     <span class='ocr_line' id='line_1_74' title="bbox 947 1474 1743 1551; baseline 0.008 -23"><span class='ocrx_word' id='word_1_526' title='bbox 947 1476 1005 1539; x_wconf 84' lang='lat' dir='ltr'><strong>tlili.</strong></span> <span class='ocrx_word' id='word_1_527' title='bbox 1027 1491 1046 1538; x_wconf 93' lang='grc' dir='ltr'><strong>ι,</strong></span> <span class='ocrx_word' id='word_1_528' title='bbox 1062 1491 1105 1546; x_wconf 93' lang='lat' dir='ltr'><strong>cp.</strong></span> <span class='ocrx_word' id='word_1_529' title='bbox 1121 1474 1162 1539; x_wconf 82' lang='lat' dir='ltr'><strong>ta,</strong></span> <span class='ocrx_word' id='word_1_530' title='bbox 1177 1475 1222 1539; x_wconf 81' lang='lat' dir='ltr'><strong>tl,</strong></span> <span class='ocrx_word' id='word_1_531' title='bbox 1242 1476 1293 1540; x_wconf 62' lang='lat' dir='ltr'><strong>orn</strong></span> <span class='ocrx_word' id='word_1_532' title='bbox 1320 1476 1367 1530; x_wconf 92' lang='lat' dir='ltr'><strong>lib.</strong></span> <span class='ocrx_word' id='word_1_533' title='bbox 1384 1490 1410 1538; x_wconf 91' lang='lat' dir='ltr'><strong>r,</strong></span> <span class='ocrx_word' id='word_1_534' title='bbox 1433 1492 1476 1547; x_wconf 92' lang='lat' dir='ltr'><strong>ep.</strong></span> <span class='ocrx_word' id='word_1_535' title='bbox 1496 1478 1551 1543; x_wconf 79' lang='lat'><strong>58;</strong></span> <span class='ocrx_word' id='word_1_536' title='bbox 1567 1476 1614 1534; x_wconf 89' lang='lat' dir='ltr'><strong>lib.</strong></span> <span class='ocrx_word' id='word_1_537' title='bbox 1635 1496 1683 1545; x_wconf 87' lang='lat' dir='ltr'><strong>ru,</strong></span> <span class='ocrx_word' id='word_1_538' title='bbox 1700 1498 1743 1551; x_wconf 86' lang='lat' dir='ltr'><strong>ep.</strong></span> 
     </span>
     <span class='ocr_line' id='line_1_75' title="bbox 946 1545 1746 1631; baseline 0.008 -32"><span class='ocrx_word' id='word_1_539' title='bbox 946 1548 1003 1615; x_wconf 71' lang='lat'><em>528).</em></span> <span class='ocrx_word' id='word_1_540' title='bbox 1021 1545 1117 1601; x_wconf 77' lang='lat' dir='ltr'><strong>dlieno</strong></span> <span class='ocrx_word' id='word_1_541' title='bbox 1130 1562 1184 1601; x_wconf 80' lang='lat' dir='ltr'><strong>rere</strong></span> <span class='ocrx_word' id='word_1_542' title='bbox 1206 1545 1309 1615; x_wconf 75' lang='lat' dir='ltr'><strong>gratati</strong></span> <span class='ocrx_word' id='word_1_543' title='bbox 1329 1556 1356 1600; x_wconf 90' lang='lat' dir='ltr'><strong>et</strong></span> <span class='ocrx_word' id='word_1_544' title='bbox 1372 1563 1482 1603; x_wconf 77' lang='lat' dir='ltr'><strong>earcere</strong></span> <span class='ocrx_word' id='word_1_545' title='bbox 1501 1550 1536 1603; x_wconf 89' lang='lat' dir='ltr'><strong>ob</strong></span> <span class='ocrx_word' id='word_1_546' title='bbox 1558 1559 1746 1631; x_wconf 89' lang='lat' dir='ltr'><strong>paupertatem</strong></span> 
     </span>
     <span class='ocr_line' id='line_1_76' title="bbox 945 1616 1747 1699; baseline 0.009 -29"><span class='ocrx_word' id='word_1_547' title='bbox 945 1620 968 1670; x_wconf 85' lang='lat' dir='ltr'><strong>d¹</strong></span> <span class='ocrx_word' id='word_1_548' title='bbox 981 1616 1047 1671; x_wconf 87' lang='lat' dir='ltr'><strong>tenti</strong></span> <span class='ocrx_word' id='word_1_549' title='bbox 1063 1616 1195 1681; x_wconf 85' lang='lat' dir='ltr'><strong>letamen,</strong></span> <span class='ocrx_word' id='word_1_550' title='bbox 1215 1616 1379 1681; x_wconf 86' lang='lat' dir='ltr'><strong>libertatern,</strong></span> <span class='ocrx_word' id='word_1_551' title='bbox 1393 1633 1424 1671; x_wconf 93' lang='lat' dir='ltr'><strong>ac</strong></span> <span class='ocrx_word' id='word_1_552' title='bbox 1439 1618 1501 1673; x_wconf 75' lang='lat' dir='ltr'><strong>ritu</strong></span> <span class='ocrx_word' id='word_1_553' title='bbox 1513 1619 1668 1699; x_wconf 83' lang='lat' dir='ltr'><strong>presidium</strong></span> <span class='ocrx_word' id='word_1_554' title='bbox 1683 1631 1747 1677; x_wconf 90' lang='lat' dir='ltr'><strong>suut</strong></span> 
     </span>
     <span class='ocr_line' id='line_1_77' title="bbox 947 1686 1748 1771; baseline 0.01 -32"><span class='ocrx_word' id='word_1_555' title='bbox 947 1686 1063 1741; x_wconf 76' lang='lat' dir='ltr'><strong>assecuti</strong></span> <span class='ocrx_word' id='word_1_556' title='bbox 1086 1688 1145 1759; x_wconf 87' lang='lat' dir='ltr'><strong>(lili.</strong></span> <span class='ocrx_word' id='word_1_557' title='bbox 1166 1702 1196 1750; x_wconf 90' lang='lat' dir='ltr'><strong>rt,</strong></span> <span class='ocrx_word' id='word_1_558' title='bbox 1218 1688 1273 1741; x_wconf 90' lang='lat' dir='ltr'><strong>iud.</strong></span> <span class='ocrx_word' id='word_1_559' title='bbox 1295 1688 1337 1750; x_wconf 95' lang='lat' dir='ltr'><strong>ll,</strong></span> <span class='ocrx_word' id='word_1_560' title='bbox 1357 1702 1400 1758; x_wconf 89' lang='lat' dir='ltr'><strong>cp.</strong></span> <span class='ocrx_word' id='word_1_561' title='bbox 1419 1686 1476 1771; x_wconf 75' lang='lat' dir='ltr'><strong>tu).</strong></span> <span class='ocrx_word' id='word_1_562' title='bbox 1503 1690 1597 1744; x_wconf 76' lang='lat' dir='ltr'><strong>lictus</strong></span> <span class='ocrx_word' id='word_1_563' title='bbox 1619 1691 1748 1747; x_wconf 82' lang='lat' dir='ltr'><strong>charitati</strong></span> 
     </span>
     <span class='ocr_line' id='line_1_78' title="bbox 948 1758 1749 1828; baseline 0.01 -18"><span class='ocrx_word' id='word_1_564' title='bbox 948 1761 1060 1828; x_wconf 80' lang='lat' dir='ltr'><strong>integrm</strong></span> <span class='ocrx_word' id='word_1_565' title='bbox 1087 1758 1236 1813; x_wconf 77' lang='lat' dir='ltr'><strong>dioceseos</strong></span> <span class='ocrx_word' id='word_1_566' title='bbox 1263 1758 1367 1813; x_wconf 88' lang='lat' dir='ltr'><strong>ilttobus</strong></span> <span class='ocrx_word' id='word_1_567' title='bbox 1392 1758 1512 1814; x_wconf 85' lang='lat' dir='ltr'><strong>millibus</strong></span> <span class='ocrx_word' id='word_1_568' title='bbox 1535 1759 1620 1817; x_wconf 87' lang='lat' dir='ltr'><strong>tritici</strong></span> <span class='ocrx_word' id='word_1_569' title='bbox 1648 1764 1749 1818; x_wconf 84' lang='lat' dir='ltr'><strong>modiis</strong></span> 
     </span>
    </p>
   </div>
   <div class='ocr_carea' id='block_1_5' title="bbox 948 1826 1842 1899">
    <p class='ocr_par' dir='ltr' id='par_1_6' title="bbox 948 1826 1842 1899">
     <span class='ocr_line' id='line_1_79' title="bbox 948 1826 1842 1899; baseline 0.009 -18"><span class='ocrx_word' id='word_1_570' title='bbox 948 1830 1108 1883; x_wconf 87' lang='lat' dir='ltr'><strong>stibreiuuin</strong></span> <span class='ocrx_word' id='word_1_571' title='bbox 1134 1827 1192 1899; x_wconf 82' lang='lat' dir='ltr'><strong>(lili.</strong></span> <span class='ocrx_word' id='word_1_572' title='bbox 1214 1843 1239 1889; x_wconf 90' lang='lat' dir='ltr'><strong>r,</strong></span> <span class='ocrx_word' id='word_1_573' title='bbox 1257 1844 1299 1899; x_wconf 92' lang='lat' dir='ltr'><strong>ep.</strong></span> <span class='ocrx_word' id='word_1_574' title='bbox 1321 1828 1361 1899; x_wconf 81' lang='lat' dir='ltr'><strong>l).</strong></span> <span class='ocrx_word' id='word_1_575' title='bbox 1388 1826 1547 1884; x_wconf 90' lang='lat' dir='ltr'><strong>lttnmiteras</strong></span> <span class='ocrx_word' id='word_1_576' title='bbox 1571 1833 1749 1888; x_wconf 67' lang='lat' dir='ltr'><strong>necessitates</strong></span> <span class='ocrx_word' id='word_1_577' title='bbox 1838 1848 1842 1853; x_wconf 84' lang='grc'>·</span> 
     </span>
    </p>
   </div>
   <div class='ocr_carea' id='block_1_6' title="bbox 947 1898 1752 4511">
    <p class='ocr_par' dir='ltr' id='par_1_7' title="bbox 947 1898 1750 3169">
     <span class='ocr_line' id='line_1_80' title="bbox 948 1898 1748 1959; baseline 0.011 -8"><span class='ocrx_word' id='word_1_578' title='bbox 948 1899 1015 1953; x_wconf 78' lang='lat' dir='ltr'><strong>elias</strong></span> <span class='ocrx_word' id='word_1_579' title='bbox 1029 1900 1149 1954; x_wconf 91' lang='lat' dir='ltr'><strong>minores</strong></span> <span class='ocrx_word' id='word_1_580' title='bbox 1163 1898 1269 1952; x_wconf 88' lang='lat' dir='ltr'><strong>omitto.</strong></span> <span class='ocrx_word' id='word_1_581' title='bbox 1291 1898 1320 1953; x_wconf 88' lang='lat' dir='ltr'><strong>lu</strong></span> <span class='ocrx_word' id='word_1_582' title='bbox 1335 1898 1404 1954; x_wconf 90' lang='lat' dir='ltr'><strong>libro</strong></span> <span class='ocrx_word' id='word_1_583' title='bbox 1417 1898 1567 1956; x_wconf 79' lang='lat' dir='ltr'><strong>Porttilicali</strong></span> <span class='ocrx_word' id='word_1_584' title='bbox 1589 1903 1684 1959; x_wconf 80' lang='lat' dir='ltr'><strong>erdere</strong></span> <span class='ocrx_word' id='word_1_585' title='bbox 1705 1916 1748 1959; x_wconf 87' lang='lat' dir='ltr'><strong>cst</strong></span> 
     </span>
     <span class='ocr_line' id='line_1_81' title="bbox 947 1968 1748 2037; baseline 0.01 -14"><span class='ocrx_word' id='word_1_586' title='bbox 947 1969 1169 2024; x_wconf 89' lang='lat' dir='ltr'><strong>coiisiietudincm</strong></span> <span class='ocrx_word' id='word_1_587' title='bbox 1182 1968 1311 2025; x_wconf 75' lang='lat' dir='ltr'><strong>Ecclesiae</strong></span> <span class='ocrx_word' id='word_1_588' title='bbox 1324 1968 1548 2037; x_wconf 86' lang='lat' dir='ltr'><strong>laudatissimam,</strong></span> <span class='ocrx_word' id='word_1_589' title='bbox 1558 1972 1599 2027; x_wconf 89' lang='lat' dir='ltr'><strong>sui</strong></span> <span class='ocrx_word' id='word_1_590' title='bbox 1612 1982 1748 2031; x_wconf 87' lang='lat' dir='ltr'><strong>ortucon-</strong></span> 
     </span>
     <span class='ocr_line' id='line_1_82' title="bbox 947 2040 1749 2115; baseline 0.007 -21"><span class='ocrx_word' id='word_1_591' title='bbox 947 2040 1077 2107; x_wconf 73' lang='lat' dir='ltr'><strong>genitam,</strong></span> <span class='ocrx_word' id='word_1_592' title='bbox 1091 2041 1234 2095; x_wconf 88' lang='lat' dir='ltr'><strong>tliesaiiros</strong></span> <span class='ocrx_word' id='word_1_593' title='bbox 1254 2041 1281 2093; x_wconf 91' lang='lat' dir='ltr'><strong>itt</strong></span> <span class='ocrx_word' id='word_1_594' title='bbox 1303 2054 1436 2112; x_wconf 89' lang='lat' dir='ltr'><strong>pauperes</strong></span> <span class='ocrx_word' id='word_1_595' title='bbox 1462 2040 1643 2111; x_wconf 84' lang='lat' dir='ltr'><strong>proitindenili</strong></span> <span class='ocrx_word' id='word_1_596' title='bbox 1666 2055 1749 2115; x_wconf 87' lang='lat' dir='ltr'><strong>atque</strong></span> 
     </span>
     <span class='ocr_line' id='line_1_83' title="bbox 947 2110 1749 2171; baseline 0.009 -8"><span class='ocrx_word' id='word_1_597' title='bbox 947 2110 1123 2167; x_wconf 84' lang='lat' dir='ltr'><strong>eeclesiarum</strong></span> <span class='ocrx_word' id='word_1_598' title='bbox 1139 2110 1228 2165; x_wconf 86' lang='lat' dir='ltr'><strong>decori</strong></span> <span class='ocrx_word' id='word_1_599' title='bbox 1243 2110 1532 2166; x_wconf 79' lang='lat' dir='ltr'><strong>consulendil‘erindc</strong></span> <span class='ocrx_word' id='word_1_600' title='bbox 1546 2120 1587 2167; x_wconf 94' lang='lat' dir='ltr'><strong>cst</strong></span> <span class='ocrx_word' id='word_1_601' title='bbox 1599 2115 1625 2169; x_wconf 91' lang='lat' dir='ltr'><strong>iu</strong></span> <span class='ocrx_word' id='word_1_602' title='bbox 1636 2115 1749 2171; x_wconf 76' lang='lat' dir='ltr'><strong>Annali·</strong></span> 
     </span>
     <span class='ocr_line' id='line_1_84' title="bbox 947 2180 1749 2261; baseline 0.009 -27"><span class='ocrx_word' id='word_1_603' title='bbox 947 2180 1227 2261; x_wconf 71' lang='lat' dir='ltr'><strong>ltoseeelesiastieis,</strong></span> <span class='ocrx_word' id='word_1_604' title='bbox 1257 2196 1373 2250; x_wconf 91' lang='lat' dir='ltr'><strong>iptorum</strong></span> <span class='ocrx_word' id='word_1_605' title='bbox 1398 2196 1458 2237; x_wconf 89' lang='lat' dir='ltr'><strong>reri.</strong></span> <span class='ocrx_word' id='word_1_606' title='bbox 1486 2196 1585 2253; x_wconf 90' lang='lat' dir='ltr'><strong>parens</strong></span> <span class='ocrx_word' id='word_1_607' title='bbox 1614 2184 1749 2242; x_wconf 83' lang='lat' dir='ltr'><strong>ltaronins</strong></span> 
     </span>
     <span class='ocr_line' id='line_1_85' title="bbox 949 2251 1742 2323; baseline 0.011 -19"><span class='ocrx_word' id='word_1_608' title='bbox 949 2251 1022 2322; x_wconf 73' lang='lat' dir='ltr'><strong>(lib,</strong></span> <span class='ocrx_word' id='word_1_609' title='bbox 1035 2267 1062 2305; x_wconf 89' lang='lat' dir='ltr'><strong>n.</strong></span> <span class='ocrx_word' id='word_1_610' title='bbox 1084 2252 1127 2321; x_wconf 82' lang='lat' dir='ltr'><strong>lb)</strong></span> <span class='ocrx_word' id='word_1_611' title='bbox 1141 2252 1218 2321; x_wconf 90' lang='lat' dir='ltr'><strong>plura</strong></span> <span class='ocrx_word' id='word_1_612' title='bbox 1233 2252 1325 2308; x_wconf 76' lang='lat' dir='ltr'><strong>ellitste</strong></span> <span class='ocrx_word' id='word_1_613' title='bbox 1340 2251 1366 2306; x_wconf 91' lang='lat' dir='ltr'><strong>iu</strong></span> <span class='ocrx_word' id='word_1_614' title='bbox 1380 2267 1513 2323; x_wconf 76' lang='lat' dir='ltr'><strong>pauperes</strong></span> <span class='ocrx_word' id='word_1_615' title='bbox 1525 2254 1671 2323; x_wconf 81' lang='lat' dir='ltr'><strong>potitillcim</strong></span> <span class='ocrx_word' id='word_1_616' title='bbox 1682 2258 1742 2313; x_wconf 89' lang='lat' dir='ltr'><strong>libe</strong></span> 
     </span>
     <span class='ocr_line' id='line_1_86' title="bbox 950 2322 1750 2405; baseline 0.01 -30"><span class='ocrx_word' id='word_1_617' title='bbox 950 2322 1062 2403; x_wconf 75' lang='lat' dir='ltr'><strong>ttilitatis</strong></span> <span class='ocrx_word' id='word_1_618' title='bbox 1074 2323 1196 2394; x_wconf 81' lang='lat' dir='ltr'><strong>exempla</strong></span> <span class='ocrx_word' id='word_1_619' title='bbox 1212 2338 1242 2377; x_wconf 91' lang='lat' dir='ltr'><strong>se</strong></span> <span class='ocrx_word' id='word_1_620' title='bbox 1257 2322 1400 2377; x_wconf 90' lang='lat' dir='ltr'><strong>allaturum</strong></span> <span class='ocrx_word' id='word_1_621' title='bbox 1417 2324 1562 2405; x_wconf 85' lang='lat' dir='ltr'><strong>spondens,</strong></span> <span class='ocrx_word' id='word_1_622' title='bbox 1578 2325 1612 2381; x_wconf 90' lang='lat' dir='ltr'><strong>iis</strong></span> <span class='ocrx_word' id='word_1_623' title='bbox 1623 2328 1750 2398; x_wconf 79' lang='lat' dir='ltr'><strong>praelmlit</strong></span> 
     </span>
     <span class='ocr_line' id='line_1_87' title="bbox 949 2392 1750 2469; baseline 0.01 -24"><span class='ocrx_word' id='word_1_624' title='bbox 949 2393 1047 2465; x_wconf 73' lang='lat' dir='ltr'><strong>iitsigui</strong></span> <span class='ocrx_word' id='word_1_625' title='bbox 1063 2394 1110 2448; x_wconf 91' lang='lat' dir='ltr'><strong>illo</strong></span> <span class='ocrx_word' id='word_1_626' title='bbox 1125 2392 1249 2464; x_wconf 77' lang='lat' dir='ltr'><strong>Gregorii</strong></span> <span class='ocrx_word' id='word_1_627' title='bbox 1266 2392 1323 2448; x_wconf 81' lang='lat' dir='ltr'><strong>xttt</strong></span> <span class='ocrx_word' id='word_1_628' title='bbox 1341 2394 1398 2447; x_wconf 80' lang='lat' dir='ltr'><strong>suis</strong></span> <span class='ocrx_word' id='word_1_629' title='bbox 1409 2394 1504 2449; x_wconf 85' lang='lat' dir='ltr'><strong>diebus</strong></span> <span class='ocrx_word' id='word_1_630' title='bbox 1516 2394 1571 2449; x_wconf 88' lang='lat' dir='ltr'><strong>rita</strong></span> <span class='ocrx_word' id='word_1_631' title='bbox 1585 2395 1681 2462; x_wconf 84' lang='lat' dir='ltr'><strong>litncti,</strong></span> <span class='ocrx_word' id='word_1_632' title='bbox 1701 2398 1750 2469; x_wconf 87' lang='lat' dir='ltr'><strong>qui</strong></span> 
     </span>
     <span class='ocr_line' id='line_1_88' title="bbox 949 2464 1750 2534; baseline 0.011 -20"><span class='ocrx_word' id='word_1_633' title='bbox 949 2466 1121 2534; x_wconf 88' lang='lat' dir='ltr'><strong>pontilicatns</strong></span> <span class='ocrx_word' id='word_1_634' title='bbox 1141 2465 1220 2518; x_wconf 89' lang='lat' dir='ltr'><strong>antiis</strong></span> <span class='ocrx_word' id='word_1_635' title='bbox 1241 2465 1369 2519; x_wconf 84' lang='lat' dir='ltr'><strong>tredecim</strong></span> <span class='ocrx_word' id='word_1_636' title='bbox 1394 2464 1481 2519; x_wconf 88' lang='lat' dir='ltr'><strong>incunt</strong></span> <span class='ocrx_word' id='word_1_637' title='bbox 1503 2464 1564 2521; x_wconf 91' lang='lat' dir='ltr'><strong>letis</strong></span> <span class='ocrx_word' id='word_1_638' title='bbox 1583 2468 1668 2524; x_wconf 79' lang='lat' dir='ltr'><strong>viciis</strong></span> <span class='ocrx_word' id='word_1_639' title='bbox 1683 2486 1750 2526; x_wconf 92' lang='lat' dir='ltr'><strong>ccn-</strong></span> 
     </span>
     <span class='ocr_line' id='line_1_89' title="bbox 949 2482 1750 2611; baseline 0.011 -24"><span class='ocrx_word' id='word_1_640' title='bbox 949 2544 1010 2589; x_wconf 91' lang='lat' dir='ltr'><strong>tena</strong></span> <span class='ocrx_word' id='word_1_641' title='bbox 1034 2535 1117 2589; x_wconf 90' lang='lat' dir='ltr'><strong>millia</strong></span> <span class='ocrx_word' id='word_1_642' title='bbox 1137 2550 1280 2590; x_wconf 85' lang='lat' dir='ltr'><strong>aureorum</strong></span> <span class='ocrx_word' id='word_1_643' title='bbox 1301 2534 1448 2590; x_wconf 73' lang='lat' dir='ltr'><strong>ilisttiltuit.</strong></span> <span class='ocrx_word' id='word_1_644' title='bbox 1471 2482 1664 2605; x_wconf 58' lang='lat' dir='ltr'><strong>ditamobrcm,</strong></span> <span class='ocrx_word' id='word_1_645' title='bbox 1680 2556 1750 2611; x_wconf 77' lang='lat' dir='ltr'><strong>pra·-</strong></span> 
     </span>
     <span class='ocr_line' id='line_1_90' title="bbox 949 2605 1749 2679; baseline 0.01 -22"><span class='ocrx_word' id='word_1_646' title='bbox 949 2614 991 2659; x_wconf 90' lang='lat' dir='ltr'><strong>ter</strong></span> <span class='ocrx_word' id='word_1_647' title='bbox 1004 2605 1157 2676; x_wconf 90' lang='lat' dir='ltr'><strong>prorineias</strong></span> <span class='ocrx_word' id='word_1_648' title='bbox 1179 2613 1206 2659; x_wconf 91' lang='lat' dir='ltr'><strong>et</strong></span> <span class='ocrx_word' id='word_1_649' title='bbox 1227 2605 1368 2671; x_wconf 82' lang='lat' dir='ltr'><strong>ciriuttes,</strong></span> <span class='ocrx_word' id='word_1_650' title='bbox 1395 2606 1557 2676; x_wconf 91' lang='lat' dir='ltr'><strong>patrimonia</strong></span> <span class='ocrx_word' id='word_1_651' title='bbox 1576 2610 1749 2679; x_wconf 87' lang='lat' dir='ltr'><strong>potissimum</strong></span> 
     </span>
     <span class='ocr_line' id='line_1_91' title="bbox 948 2674 1750 2755; baseline 0.01 -26"><span class='ocrx_word' id='word_1_652' title='bbox 948 2683 1048 2755; x_wconf 79' lang='lat' dir='ltr'><strong>saneta</strong></span> <span class='ocrx_word' id='word_1_653' title='bbox 1061 2676 1118 2729; x_wconf 91' lang='lat' dir='ltr'><strong>sedi</strong></span> <span class='ocrx_word' id='word_1_654' title='bbox 1133 2682 1291 2731; x_wconf 86' lang='lat' dir='ltr'><strong>asseruntur</strong></span> <span class='ocrx_word' id='word_1_655' title='bbox 1303 2674 1330 2729; x_wconf 94' lang='lat' dir='ltr'><strong>in</strong></span> <span class='ocrx_word' id='word_1_656' title='bbox 1343 2676 1499 2746; x_wconf 80' lang='lat' dir='ltr'><strong>diplomatis</strong></span> <span class='ocrx_word' id='word_1_657' title='bbox 1513 2679 1665 2751; x_wconf 86' lang='lat' dir='ltr'><strong>principum</strong></span> <span class='ocrx_word' id='word_1_658' title='bbox 1683 2696 1750 2737; x_wconf 92' lang='lat' dir='ltr'><strong>con·</strong></span> 
     </span>
     <span class='ocr_line' id='line_1_92' title="bbox 948 2745 1750 2821; baseline 0.009 -21"><span class='ocrx_word' id='word_1_659' title='bbox 948 2745 1009 2800; x_wconf 89' lang='lat' dir='ltr'><strong>silio</strong></span> <span class='ocrx_word' id='word_1_660' title='bbox 1024 2745 1194 2815; x_wconf 85' lang='lat' dir='ltr'><strong>potttilienm,</strong></span> <span class='ocrx_word' id='word_1_661' title='bbox 1211 2746 1309 2816; x_wconf 73' lang='lat' dir='ltr'><strong>quilius</strong></span> <span class='ocrx_word' id='word_1_662' title='bbox 1326 2758 1378 2800; x_wconf 92' lang='lat' dir='ltr'><strong>uon</strong></span> <span class='ocrx_word' id='word_1_663' title='bbox 1390 2753 1449 2800; x_wconf 90' lang='lat' dir='ltr'><strong>crat</strong></span> <span class='ocrx_word' id='word_1_664' title='bbox 1459 2746 1575 2802; x_wconf 87' lang='lat' dir='ltr'><strong>liberum</strong></span> <span class='ocrx_word' id='word_1_665' title='bbox 1589 2764 1623 2805; x_wconf 83' lang='lat' dir='ltr'><strong>cr</strong></span> <span class='ocrx_word' id='word_1_666' title='bbox 1639 2751 1750 2821; x_wconf 87' lang='lat' dir='ltr'><strong>publico</strong></span> 
     </span>
     <span class='ocr_line' id='line_1_93' title="bbox 948 2814 1749 2903; baseline 0.009 -33"><span class='ocrx_word' id='word_1_667' title='bbox 948 2822 1046 2871; x_wconf 80' lang='lat' dir='ltr'><strong>ret-:nte</strong></span> <span class='ocrx_word' id='word_1_668' title='bbox 1061 2816 1087 2870; x_wconf 90' lang='lat' dir='ltr'><strong>iti</strong></span> <span class='ocrx_word' id='word_1_669' title='bbox 1111 2830 1242 2897; x_wconf 86' lang='lat' dir='ltr'><strong>pauperes</strong></span> <span class='ocrx_word' id='word_1_670' title='bbox 1265 2824 1293 2871; x_wconf 91' lang='lat' dir='ltr'><strong>ct</strong></span> <span class='ocrx_word' id='word_1_671' title='bbox 1306 2814 1435 2872; x_wconf 86' lang='lat' dir='ltr'><strong>eeclesias</strong></span> <span class='ocrx_word' id='word_1_672' title='bbox 1459 2815 1615 2885; x_wconf 83' lang='lat' dir='ltr'><strong>cliundere,</strong></span> <span class='ocrx_word' id='word_1_673' title='bbox 1638 2836 1699 2903; x_wconf 76' lang='lat' dir='ltr'><strong>quae</strong></span> <span class='ocrx_word' id='word_1_674' title='bbox 1720 2826 1749 2877; x_wconf 87' lang='lat' dir='ltr'><strong>lu</strong></span> 
     </span>
     <span class='ocr_line' id='line_1_94' title="bbox 948 2886 1748 2967; baseline 0.011 -29"><span class='ocrx_word' id='word_1_675' title='bbox 948 2887 1034 2967; x_wconf 68' lang='lat' dir='ltr'><strong>tillicto</strong></span> <span class='ocrx_word' id='word_1_676' title='bbox 1049 2895 1103 2941; x_wconf 90' lang='lat' dir='ltr'><strong>tain</strong></span> <span class='ocrx_word' id='word_1_677' title='bbox 1119 2886 1245 2941; x_wconf 88' lang='lat' dir='ltr'><strong>utilitaria</strong></span> <span class='ocrx_word' id='word_1_678' title='bbox 1256 2901 1338 2956; x_wconf 79' lang='lat' dir='ltr'><strong>(tuam</strong></span> <span class='ocrx_word' id='word_1_679' title='bbox 1357 2886 1456 2951; x_wconf 82' lang='lat' dir='ltr'><strong>ciuilia,</strong></span> <span class='ocrx_word' id='word_1_680' title='bbox 1471 2888 1497 2942; x_wconf 89' lang='lat' dir='ltr'><strong>in</strong></span> <span class='ocrx_word' id='word_1_681' title='bbox 1512 2888 1605 2959; x_wconf 89' lang='lat' dir='ltr'><strong>copias</strong></span> <span class='ocrx_word' id='word_1_682' title='bbox 1620 2892 1748 2957; x_wconf 73' lang='lat' dir='ltr'><strong>nlilitum,</strong></span> 
     </span>
     <span class='ocr_line' id='line_1_95' title="bbox 951 2957 1749 3027; baseline 0.01 -17"><span class='ocrx_word' id='word_1_683' title='bbox 951 2974 977 3010; x_wconf 92' lang='lat' dir='ltr'><strong>iii</strong></span> <span class='ocrx_word' id='word_1_684' title='bbox 990 2972 1071 3026; x_wconf 90' lang='lat' dir='ltr'><strong>opera</strong></span> <span class='ocrx_word' id='word_1_685' title='bbox 1084 2957 1207 3027; x_wconf 88' lang='lat' dir='ltr'><strong>politica,</strong></span> <span class='ocrx_word' id='word_1_686' title='bbox 1233 2972 1285 3011; x_wconf 90' lang='lat' dir='ltr'><strong>resi</strong></span> <span class='ocrx_word' id='word_1_687' title='bbox 1296 2972 1331 3013; x_wconf 91' lang='lat' dir='ltr'><strong>uc</strong></span> <span class='ocrx_word' id='word_1_688' title='bbox 1346 2958 1372 3012; x_wconf 92' lang='lat' dir='ltr'><strong>in</strong></span> <span class='ocrx_word' id='word_1_689' title='bbox 1395 2957 1464 3013; x_wconf 89' lang='lat' dir='ltr'><strong>alias</strong></span> <span class='ocrx_word' id='word_1_690' title='bbox 1484 2965 1540 3012; x_wconf 91' lang='lat' dir='ltr'><strong>tunt</strong></span> <span class='ocrx_word' id='word_1_691' title='bbox 1554 2959 1666 3025; x_wconf 77' lang='lat' dir='ltr'><strong>llomrc,</strong></span> <span class='ocrx_word' id='word_1_692' title='bbox 1692 2972 1749 3019; x_wconf 91' lang='lat' dir='ltr'><strong>unu</strong></span> 
     </span>
     <span class='ocr_line' id='line_1_96' title="bbox 949 3028 1750 3151; baseline 0.01 -70"><span class='ocrx_word' id='word_1_693' title='bbox 949 3028 1050 3151; x_wconf 55' lang='lat' dir='ltr'><strong>rilils&#39;iii</strong></span> <span class='ocrx_word' id='word_1_694' title='bbox 1067 3028 1223 3083; x_wconf 79' lang='lat' dir='ltr'><strong>eitittitiliiis</strong></span> <span class='ocrx_word' id='word_1_695' title='bbox 1245 3035 1272 3082; x_wconf 90' lang='lat' dir='ltr'><strong>et</strong></span> <span class='ocrx_word' id='word_1_696' title='bbox 1295 3028 1553 3086; x_wconf 82' lang='lat' dir='ltr'><strong>oetseielesiasttea</strong></span> <span class='ocrx_word' id='word_1_697' title='bbox 1566 3030 1678 3089; x_wconf 87' lang='lat' dir='ltr'><strong>ditionis</strong></span> <span class='ocrx_word' id='word_1_698' title='bbox 1690 3049 1750 3089; x_wconf 81' lang='lat' dir='ltr'><strong>eie</strong></span> 
     </span>
     <span class='ocr_line' id='line_1_97' title="bbox 951 3108 1142 3169; baseline 0.005 -17"><span class='ocrx_word' id='word_1_699' title='bbox 951 3116 1011 3169; x_wconf 74' lang='lat' dir='ltr'><strong>gatii</strong></span> <span class='ocrx_word' id='word_1_700' title='bbox 1024 3118 1038 3151; x_wconf 89' lang='lat' dir='ltr'><strong>a</strong></span> <span class='ocrx_word' id='word_1_701' title='bbox 1055 3108 1142 3153; x_wconf 74' lang='lat' dir='ltr'><strong>eirittl.</strong></span> 
     </span>
    </p>

    <p class='ocr_par' dir='ltr' id='par_1_8' title="bbox 950 3170 1752 4511">
     <span class='ocr_line' id='line_1_98' title="bbox 988 3170 1748 3295; baseline 0.003 -70"><span class='ocrx_word' id='word_1_702' title='bbox 988 3170 1043 3225; x_wconf 80' lang='lat' dir='ltr'><strong>ld.</strong></span> <span class='ocrx_word' id='word_1_703' title='bbox 1063 3170 1210 3225; x_wconf 85' lang='lat' dir='ltr'><strong>lttstieetus</strong></span> <span class='ocrx_word' id='word_1_704' title='bbox 1237 3170 1280 3225; x_wconf 92' lang='lat' dir='ltr'><strong>liic</strong></span> <span class='ocrx_word' id='word_1_705' title='bbox 1290 3170 1425 3295; x_wconf 64' lang='lat' dir='ltr'><strong>pernitiae</strong></span> <span class='ocrx_word' id='word_1_706' title='bbox 1446 3187 1512 3228; x_wconf 88' lang='lat' dir='ltr'><strong>usus</strong></span> <span class='ocrx_word' id='word_1_707' title='bbox 1537 3170 1588 3227; x_wconf 89' lang='lat' dir='ltr'><strong>luit</strong></span> <span class='ocrx_word' id='word_1_708' title='bbox 1610 3173 1748 3240; x_wconf 81' lang='lat' dir='ltr'><strong>incausti,</strong></span> 
     </span>
     <span class='ocr_line' id='line_1_99' title="bbox 951 3242 1749 3313; baseline 0.01 -20"><span class='ocrx_word' id='word_1_709' title='bbox 951 3257 1000 3294; x_wconf 91' lang='lat' dir='ltr'><strong>etii·</strong></span> <span class='ocrx_word' id='word_1_710' title='bbox 1016 3242 1151 3296; x_wconf 72' lang='lat' dir='ltr'><strong>Adrianus</strong></span> <span class='ocrx_word' id='word_1_711' title='bbox 1166 3258 1218 3295; x_wconf 91' lang='lat' dir='ltr'><strong>uon</strong></span> <span class='ocrx_word' id='word_1_712' title='bbox 1232 3256 1288 3295; x_wconf 88' lang='lat' dir='ltr'><strong>sent</strong></span> <span class='ocrx_word' id='word_1_713' title='bbox 1329 3242 1467 3309; x_wconf 82' lang='lat' dir='ltr'><strong>quesierit</strong></span> <span class='ocrx_word' id='word_1_714' title='bbox 1480 3258 1559 3313; x_wconf 87' lang='lat' dir='ltr'><strong>opem</strong></span> <span class='ocrx_word' id='word_1_715' title='bbox 1572 3258 1588 3298; x_wconf 90' lang='lat' dir='ltr'><strong>a</strong></span> <span class='ocrx_word' id='word_1_716' title='bbox 1602 3245 1700 3301; x_wconf 84' lang='lat' dir='ltr'><strong>Carula</strong></span> <span class='ocrx_word' id='word_1_717' title='bbox 1722 3248 1749 3301; x_wconf 93' lang='lat' dir='ltr'><strong>iu</strong></span> 
     </span>
     <span class='ocr_line' id='line_1_100' title="bbox 951 3309 1748 3385; baseline 0.01 -22"><span class='ocrx_word' id='word_1_718' title='bbox 951 3321 1023 3364; x_wconf 82' lang='lat' dir='ltr'><strong>sarta</strong></span> <span class='ocrx_word' id='word_1_719' title='bbox 1037 3322 1105 3366; x_wconf 90' lang='lat' dir='ltr'><strong>tet-ta</strong></span> <span class='ocrx_word' id='word_1_720' title='bbox 1129 3310 1247 3366; x_wconf 80' lang='lat' dir='ltr'><strong>lnisilicre</strong></span> <span class='ocrx_word' id='word_1_721' title='bbox 1270 3311 1355 3365; x_wconf 89' lang='lat' dir='ltr'><strong>sancti</strong></span> <span class='ocrx_word' id='word_1_722' title='bbox 1373 3309 1445 3365; x_wconf 85' lang='lat' dir='ltr'><strong>l’etii</strong></span> <span class='ocrx_word' id='word_1_723' title='bbox 1463 3313 1540 3383; x_wconf 69' lang='lat' dir='ltr'><strong>(llud.</strong></span> <span class='ocrx_word' id='word_1_724' title='bbox 1564 3313 1626 3367; x_wconf 66' lang='lat' dir='ltr'><strong>tior.</strong></span> <span class='ocrx_word' id='word_1_725' title='bbox 1643 3330 1687 3385; x_wconf 89' lang='lat' dir='ltr'><strong>cp.</strong></span> <span class='ocrx_word' id='word_1_726' title='bbox 1703 3316 1748 3381; x_wconf 84' lang='lat' dir='ltr'><strong>db,</strong></span> 
     </span>
     <span class='ocr_line' id='line_1_101' title="bbox 950 3379 1749 3454; baseline 0.008 -21"><span class='ocrx_word' id='word_1_727' title='bbox 950 3382 985 3434; x_wconf 88' lang='lat' dir='ltr'><strong>al.</strong></span> <span class='ocrx_word' id='word_1_728' title='bbox 1001 3384 1030 3436; x_wconf 88' lang='lat' dir='ltr'><strong>ti&#39;l</strong></span> <span class='ocrx_word' id='word_1_729' title='bbox 1047 3399 1053 3445; x_wconf 92' lang='lat'>;</span> <span class='ocrx_word' id='word_1_730' title='bbox 1071 3382 1115 3443; x_wconf 73' lang='lat' dir='ltr'><strong>bt,</strong></span> <span class='ocrx_word' id='word_1_731' title='bbox 1127 3383 1163 3436; x_wconf 91' lang='lat' dir='ltr'><strong>al.</strong></span> <span class='ocrx_word' id='word_1_732' title='bbox 1177 3382 1223 3449; x_wconf 81' lang='lat' dir='ltr'><strong>dot</strong></span> <span class='ocrx_word' id='word_1_733' title='bbox 1235 3389 1260 3436; x_wconf 93' lang='lat' dir='ltr'><strong>et</strong></span> <span class='ocrx_word' id='word_1_734' title='bbox 1272 3379 1390 3435; x_wconf 79' lang='lat' dir='ltr'><strong>beiiitiiia</strong></span> <span class='ocrx_word' id='word_1_735' title='bbox 1409 3383 1506 3438; x_wconf 90' lang='lat' dir='ltr'><strong>ciritas</strong></span> <span class='ocrx_word' id='word_1_736' title='bbox 1520 3383 1598 3437; x_wconf 76' lang='lat' dir='ltr'><strong>:eutli-</strong></span> <span class='ocrx_word' id='word_1_737' title='bbox 1608 3386 1649 3440; x_wconf 79' lang='grc' dir='ltr'>ιιι-ἰ</span> <span class='ocrx_word' id='word_1_738' title='bbox 1660 3394 1749 3454; x_wconf 84' lang='lat' dir='ltr'><strong>copta</strong></span> 
     </span>
     <span class='ocr_line' id='line_1_102' title="bbox 951 3450 1750 3525; baseline 0.009 -21"><span class='ocrx_word' id='word_1_739' title='bbox 951 3468 965 3504; x_wconf 93' lang='lat' dir='ltr'><strong>a</strong></span> <span class='ocrx_word' id='word_1_740' title='bbox 979 3452 1067 3507; x_wconf 76' lang='lat' dir='ltr'><strong>Leone</strong></span> <span class='ocrx_word' id='word_1_741' title='bbox 1082 3452 1123 3513; x_wconf 81' lang='lat' dir='ltr'><strong>ut,</strong></span> <span class='ocrx_word' id='word_1_742' title='bbox 1140 3464 1167 3506; x_wconf 91' lang='lat' dir='ltr'><strong>iit</strong></span> <span class='ocrx_word' id='word_1_743' title='bbox 1180 3460 1219 3506; x_wconf 90' lang='lat' dir='ltr'><strong>cst</strong></span> <span class='ocrx_word' id='word_1_744' title='bbox 1233 3451 1259 3505; x_wconf 94' lang='lat' dir='ltr'><strong>iu</strong></span> <span class='ocrx_word' id='word_1_745' title='bbox 1273 3451 1341 3505; x_wconf 89' lang='lat' dir='ltr'><strong>libro</strong></span> <span class='ocrx_word' id='word_1_746' title='bbox 1354 3450 1503 3507; x_wconf 82' lang='lat' dir='ltr'><strong>l‘ontillcali</strong></span> <span class='ocrx_word' id='word_1_747' title='bbox 1519 3456 1596 3525; x_wconf 84' lang='lat' dir='ltr'><strong>(sect.</strong></span> <span class='ocrx_word' id='word_1_748' title='bbox 1609 3454 1662 3511; x_wconf 71' lang='lat'><strong>532</strong></span> <span class='ocrx_word' id='word_1_749' title='bbox 1685 3472 1750 3511; x_wconf 87' lang='lat' dir='ltr'><strong>citit·</strong></span> 
     </span>
     <span class='ocr_line' id='line_1_103' title="bbox 951 3455 1751 3591; baseline 0.005 -16"><span class='ocrx_word' id='word_1_750' title='bbox 951 3524 1080 3576; x_wconf 88' lang='lat' dir='ltr'><strong>sumnntri</strong></span> <span class='ocrx_word' id='word_1_751' title='bbox 1107 3540 1158 3576; x_wconf 93' lang='lat' dir='ltr'><strong>non</strong></span> <span class='ocrx_word' id='word_1_752' title='bbox 1176 3522 1307 3591; x_wconf 88' lang='lat' dir='ltr'><strong>potuisset</strong></span> <span class='ocrx_word' id='word_1_753' title='bbox 1331 3522 1450 3577; x_wconf 86' lang='lat' dir='ltr'><strong>aLcouc</strong></span> <span class='ocrx_word' id='word_1_754' title='bbox 1475 3523 1519 3588; x_wconf 59' lang='lat' dir='ltr'><strong>lif,</strong></span> <span class='ocrx_word' id='word_1_755' title='bbox 1533 3524 1584 3578; x_wconf 89' lang='lat' dir='ltr'><strong>nisi</strong></span> <span class='ocrx_word' id='word_1_756' title='bbox 1605 3455 1751 3582; x_wconf 71' lang='lat' dir='ltr'><strong>Lotitarins</strong></span> 
     </span>
     <span class='ocr_line' id='line_1_104' title="bbox 950 3591 1752 3668; baseline 0.007 -21"><span class='ocrx_word' id='word_1_757' title='bbox 950 3592 1020 3663; x_wconf 45' lang='lat' dir='ltr'><strong>eleg.</strong></span> <span class='ocrx_word' id='word_1_758' title='bbox 1035 3591 1186 3662; x_wconf 84' lang='lat' dir='ltr'><strong>lintresque</strong></span> <span class='ocrx_word' id='word_1_759' title='bbox 1205 3592 1264 3659; x_wconf 84' lang='lat' dir='ltr'><strong>ejus</strong></span> <span class='ocrx_word' id='word_1_760' title='bbox 1283 3609 1334 3647; x_wconf 89' lang='lat' dir='ltr'><strong>iton</strong></span> <span class='ocrx_word' id='word_1_761' title='bbox 1349 3594 1466 3648; x_wconf 83' lang='lat' dir='ltr'><strong>ittodicua</strong></span> <span class='ocrx_word' id='word_1_762' title='bbox 1477 3596 1578 3665; x_wconf 77' lang='lat' dir='ltr'><strong>arpenti</strong></span> <span class='ocrx_word' id='word_1_763' title='bbox 1594 3594 1675 3652; x_wconf 84' lang='lat' dir='ltr'><strong>libitis</strong></span> <span class='ocrx_word' id='word_1_764' title='bbox 1688 3613 1752 3668; x_wconf 89' lang='lat' dir='ltr'><strong>sup-</strong></span> 
     </span>
     <span class='ocr_line' id='line_1_105' title="bbox 951 3663 1750 3731; baseline 0.015 -20"><span class='ocrx_word' id='word_1_765' title='bbox 951 3664 1126 3731; x_wconf 86' lang='lat' dir='ltr'><strong>peditassent.</strong></span> <span class='ocrx_word' id='word_1_766' title='bbox 1155 3663 1382 3717; x_wconf 75' lang='lat' dir='ltr'><strong>l’atritnitttiorunt</strong></span> <span class='ocrx_word' id='word_1_767' title='bbox 1408 3664 1530 3719; x_wconf 73' lang='lat' dir='ltr'><strong>ecclesiia</strong></span> <span class='ocrx_word' id='word_1_768' title='bbox 1555 3666 1673 3721; x_wconf 81' lang='lat' dir='ltr'><strong>indaletii</strong></span> <span class='ocrx_word' id='word_1_769' title='bbox 1701 3684 1750 3723; x_wconf 86' lang='lat' dir='ltr'><strong>retr</strong></span> 
     </span>
     <span class='ocr_line' id='line_1_106' title="bbox 950 3733 1752 3801; baseline 0.009 -14"><span class='ocrx_word' id='word_1_770' title='bbox 950 3733 1071 3796; x_wconf 73' lang='lat' dir='ltr'><strong>tlaroltts,</strong></span> <span class='ocrx_word' id='word_1_771' title='bbox 1088 3742 1182 3786; x_wconf 83' lang='lat' dir='ltr'><strong>initura</strong></span> <span class='ocrx_word' id='word_1_772' title='bbox 1202 3748 1251 3785; x_wconf 89' lang='lat' dir='ltr'><strong>soa</strong></span> <span class='ocrx_word' id='word_1_773' title='bbox 1265 3733 1291 3786; x_wconf 92' lang='lat' dir='ltr'><strong>in</strong></span> <span class='ocrx_word' id='word_1_774' title='bbox 1307 3748 1439 3801; x_wconf 87' lang='lat' dir='ltr'><strong>pauperes</strong></span> <span class='ocrx_word' id='word_1_775' title='bbox 1453 3742 1481 3788; x_wconf 90' lang='lat' dir='ltr'><strong>ct</strong></span> <span class='ocrx_word' id='word_1_776' title='bbox 1501 3735 1631 3790; x_wconf 82' lang='lat' dir='ltr'><strong>eeclesias</strong></span> <span class='ocrx_word' id='word_1_777' title='bbox 1653 3737 1752 3793; x_wconf 85' lang='lat' dir='ltr'><strong>liberu-</strong></span> 
     </span>
     <span class='ocr_line' id='line_1_107' title="bbox 951 3802 1751 3875; baseline 0.01 -20"><span class='ocrx_word' id='word_1_778' title='bbox 951 3803 1090 3866; x_wconf 84' lang='lat' dir='ltr'><strong>tissimus,</strong></span> <span class='ocrx_word' id='word_1_779' title='bbox 1114 3802 1277 3872; x_wconf 72' lang='lat' dir='ltr'><strong>optiniisipe:</strong></span> <span class='ocrx_word' id='word_1_780' title='bbox 1305 3804 1445 3856; x_wconf 78' lang='lat' dir='ltr'><strong>institutus</strong></span> <span class='ocrx_word' id='word_1_781' title='bbox 1468 3804 1638 3873; x_wconf 77' lang='lat' dir='ltr'><strong>disciplinis,</strong></span> <span class='ocrx_word' id='word_1_782' title='bbox 1664 3808 1751 3875; x_wconf 85' lang='lat' dir='ltr'><strong>pridie</strong></span> 
     </span>
     <span class='ocr_line' id='line_1_108' title="bbox 952 3872 1751 3931; baseline 0.006 -5"><span class='ocrx_word' id='word_1_783' title='bbox 952 3883 1039 3927; x_wconf 86' lang='lat' dir='ltr'><strong>niteat.</strong></span> <span class='ocrx_word' id='word_1_784' title='bbox 1054 3874 1156 3928; x_wconf 80' lang='lat' dir='ltr'><strong>lili-irco</strong></span> <span class='ocrx_word' id='word_1_785' title='bbox 1180 3888 1243 3925; x_wconf 93' lang='lat' dir='ltr'><strong>nuni</strong></span> <span class='ocrx_word' id='word_1_786' title='bbox 1264 3872 1358 3928; x_wconf 85' lang='lat' dir='ltr'><strong>ridi-ns</strong></span> <span class='ocrx_word' id='word_1_787' title='bbox 1371 3873 1483 3928; x_wconf 74' lang='lat' dir='ltr'><strong>bilriani</strong></span> <span class='ocrx_word' id='word_1_788' title='bbox 1498 3877 1678 3929; x_wconf 79' lang='lat' dir='ltr'><strong>coirstantiani</strong></span> <span class='ocrx_word' id='word_1_789' title='bbox 1692 3879 1751 3931; x_wconf 86' lang='lat' dir='ltr'><strong>iliu-</strong></span> 
     </span>
     <span class='ocr_line' id='line_1_109' title="bbox 952 3943 1750 4015; baseline 0.006 -18"><span class='ocrx_word' id='word_1_790' title='bbox 952 3953 1112 4013; x_wconf 86' lang='lat' dir='ltr'><strong>turuatttquc</strong></span> <span class='ocrx_word' id='word_1_791' title='bbox 1127 3943 1283 3997; x_wconf 74' lang='lat' dir='ltr'><strong>(literanum</strong></span> <span class='ocrx_word' id='word_1_792' title='bbox 1300 3943 1519 4009; x_wconf 87' lang='lat' dir='ltr'><strong>contumaciam,</strong></span> <span class='ocrx_word' id='word_1_793' title='bbox 1539 3958 1654 4015; x_wconf 85' lang='lat' dir='ltr'><strong>quorum</strong></span> <span class='ocrx_word' id='word_1_794' title='bbox 1675 3958 1750 4003; x_wconf 86' lang='lat' dir='ltr'><strong>artes</strong></span> 
     </span>
     <span class='ocr_line' id='line_1_110' title="bbox 950 4012 1750 4084; baseline 0.006 -15"><span class='ocrx_word' id='word_1_795' title='bbox 950 4015 1135 4084; x_wconf 80' lang='lat' dir='ltr'><strong>experimento</strong></span> <span class='ocrx_word' id='word_1_796' title='bbox 1146 4012 1288 4077; x_wconf 85' lang='lat' dir='ltr'><strong>ilitlieeiat,</strong></span> <span class='ocrx_word' id='word_1_797' title='bbox 1299 4014 1443 4083; x_wconf 83' lang='lat' dir='ltr'><strong>lli-tamque</strong></span> <span class='ocrx_word' id='word_1_798' title='bbox 1453 4014 1600 4070; x_wconf 90' lang='lat' dir='ltr'><strong>untieitiam</strong></span> <span class='ocrx_word' id='word_1_799' title='bbox 1628 4032 1657 4071; x_wconf 87' lang='lat' dir='ltr'><strong>to</strong></span> <span class='ocrx_word' id='word_1_800' title='bbox 1665 4017 1750 4073; x_wconf 83' lang='lat' dir='ltr'><strong>liattd</strong></span> 
     </span>
     <span class='ocr_line' id='line_1_111' title="bbox 952 4032 1750 4156; baseline 0.005 -17"><span class='ocrx_word' id='word_1_801' title='bbox 952 4086 1025 4156; x_wconf 76' lang='lat' dir='ltr'><strong>tegili</strong></span> <span class='ocrx_word' id='word_1_802' title='bbox 1037 4096 1065 4139; x_wconf 92' lang='lat' dir='ltr'><strong>et</strong></span> <span class='ocrx_word' id='word_1_803' title='bbox 1076 4084 1233 4154; x_wconf 75' lang='lat' dir='ltr'><strong>apostolicae</strong></span> <span class='ocrx_word' id='word_1_804' title='bbox 1245 4083 1318 4137; x_wconf 81' lang='lat' dir='ltr'><strong>sitiis</strong></span> <span class='ocrx_word' id='word_1_805' title='bbox 1333 4083 1526 4153; x_wconf 82' lang='lat' dir='ltr'><strong>trariintillitute</strong></span> <span class='ocrx_word' id='word_1_806' title='bbox 1545 4032 1661 4153; x_wconf 64' lang='lat' dir='ltr'><strong>calciat,</strong></span> <span class='ocrx_word' id='word_1_807' title='bbox 1681 4088 1750 4143; x_wconf 86' lang='lat' dir='ltr'><strong>Siei-</strong></span> 
     </span>
     <span class='ocr_line' id='line_1_112' title="bbox 952 4154 1751 4223; baseline 0.005 -13"><span class='ocrx_word' id='word_1_808' title='bbox 952 4156 1014 4210; x_wconf 88' lang='lat' dir='ltr'><strong>liaiu</strong></span> <span class='ocrx_word' id='word_1_809' title='bbox 1038 4155 1171 4220; x_wconf 89' lang='lat' dir='ltr'><strong>insulani,</strong></span> <span class='ocrx_word' id='word_1_810' title='bbox 1195 4164 1340 4222; x_wconf 86' lang='lat' dir='ltr'><strong>aritetpunn</strong></span> <span class='ocrx_word' id='word_1_811' title='bbox 1367 4154 1515 4223; x_wconf 87' lang='lat' dir='ltr'><strong>imperator</strong></span> <span class='ocrx_word' id='word_1_812' title='bbox 1531 4156 1627 4223; x_wconf 90' lang='lat' dir='ltr'><strong>lieret,</strong></span> <span class='ocrx_word' id='word_1_813' title='bbox 1649 4169 1751 4215; x_wconf 77' lang='lat' dir='ltr'><strong>sanetae</strong></span> 
     </span>
     <span class='ocr_line' id='line_1_113' title="bbox 950 4226 1749 4297; baseline -0.001 -14"><span class='ocrx_word' id='word_1_814' title='bbox 950 4228 1037 4283; x_wconf 90' lang='lat' dir='ltr'><strong>eidem</strong></span> <span class='ocrx_word' id='word_1_815' title='bbox 1053 4226 1110 4283; x_wconf 87' lang='lat' dir='ltr'><strong>scili</strong></span> <span class='ocrx_word' id='word_1_816' title='bbox 1123 4226 1289 4281; x_wconf 81' lang='lat' dir='ltr'><strong>concesserit</strong></span> <span class='ocrx_word' id='word_1_817' title='bbox 1303 4240 1355 4278; x_wconf 92' lang='lat' dir='ltr'><strong>iiiia</strong></span> <span class='ocrx_word' id='word_1_818' title='bbox 1369 4240 1429 4279; x_wconf 91' lang='lat' dir='ltr'><strong>ciint</strong></span> <span class='ocrx_word' id='word_1_819' title='bbox 1442 4226 1567 4283; x_wconf 75' lang='lat' dir='ltr'><strong>Sardinia</strong></span> <span class='ocrx_word' id='word_1_820' title='bbox 1580 4236 1608 4281; x_wconf 92' lang='lat' dir='ltr'><strong>et</strong></span> <span class='ocrx_word' id='word_1_821' title='bbox 1621 4228 1749 4297; x_wconf 61' lang='lat' dir='ltr'><strong>Corsican</strong></span> 
     </span>
     <span class='ocr_line' id='line_1_114' title="bbox 951 4295 1751 4368; baseline 0.004 -16"><span class='ocrx_word' id='word_1_822' title='bbox 951 4314 985 4352; x_wconf 92' lang='lat' dir='ltr'><strong>au</strong></span> <span class='ocrx_word' id='word_1_823' title='bbox 1007 4306 1121 4368; x_wconf 90' lang='lat' dir='ltr'><strong>postea,</strong></span> <span class='ocrx_word' id='word_1_824' title='bbox 1148 4310 1210 4353; x_wconf 94' lang='lat' dir='ltr'><strong>cunt</strong></span> <span class='ocrx_word' id='word_1_825' title='bbox 1237 4295 1368 4365; x_wconf 82' lang='lat' dir='ltr'><strong>print-ipis</strong></span> <span class='ocrx_word' id='word_1_826' title='bbox 1391 4297 1574 4365; x_wconf 91' lang='lat' dir='ltr'><strong>apostolorum</strong></span> <span class='ocrx_word' id='word_1_827' title='bbox 1597 4300 1751 4368; x_wconf 89' lang='lat' dir='ltr'><strong>patrocinio</strong></span> 
     </span>
     <span class='ocr_line' id='line_1_115' title="bbox 951 4366 1751 4439; baseline 0.005 -18"><span class='ocrx_word' id='word_1_828' title='bbox 951 4368 1094 4439; x_wconf 85' lang='lat' dir='ltr'><strong>plusipiain</strong></span> <span class='ocrx_word' id='word_1_829' title='bbox 1116 4366 1201 4421; x_wconf 92' lang='lat' dir='ltr'><strong>arinis</strong></span> <span class='ocrx_word' id='word_1_830' title='bbox 1224 4366 1330 4421; x_wconf 86' lang='lat' dir='ltr'><strong>ileteudi</strong></span> <span class='ocrx_word' id='word_1_831' title='bbox 1350 4380 1429 4435; x_wconf 86' lang='lat' dir='ltr'><strong>pitsse</strong></span> <span class='ocrx_word' id='word_1_832' title='bbox 1451 4384 1466 4422; x_wconf 94' lang='lat' dir='ltr'><strong>a</strong></span> <span class='ocrx_word' id='word_1_833' title='bbox 1491 4368 1689 4426; x_wconf 86' lang='lat' dir='ltr'><strong>Saracenorum</strong></span> <span class='ocrx_word' id='word_1_834' title='bbox 1709 4371 1751 4425; x_wconf 92' lang='lat' dir='ltr'><strong>in-</strong></span> 
     </span>
     <span class='ocr_line' id='line_1_116' title="bbox 951 4438 1750 4511; baseline 0.001 -17"><span class='ocrx_word' id='word_1_835' title='bbox 951 4440 1124 4495; x_wconf 86' lang='lat' dir='ltr'><strong>cursionibus</strong></span> <span class='ocrx_word' id='word_1_836' title='bbox 1145 4438 1281 4507; x_wconf 74' lang='lat' dir='ltr'><strong>cognorit,</strong></span> <span class='ocrx_word' id='word_1_837' title='bbox 1306 4452 1351 4491; x_wconf 74' lang='lat' dir='ltr'><strong>res</strong></span> <span class='ocrx_word' id='word_1_838' title='bbox 1371 4445 1412 4492; x_wconf 86' lang='lat' dir='ltr'><strong>cst</strong></span> <span class='ocrx_word' id='word_1_839' title='bbox 1430 4438 1456 4492; x_wconf 91' lang='lat' dir='ltr'><strong>in</strong></span> <span class='ocrx_word' id='word_1_840' title='bbox 1481 4438 1636 4510; x_wconf 84' lang='lat' dir='ltr'><strong>eottjectura</strong></span> <span class='ocrx_word' id='word_1_841' title='bbox 1650 4444 1750 4511; x_wconf 81' lang='lat' dir='ltr'><strong>posita,</strong></span> 
     </span>
    </p>
   </div>
   <div class='ocr_carea' id='block_1_7' title="bbox 95 4500 1751 4581">
    <p class='ocr_par' dir='ltr' id='par_1_9' title="bbox 95 4500 1751 4581">
     <span class='ocr_line' id='line_1_117' title="bbox 95 4500 1751 4581; baseline 0.001 -16"><span class='ocrx_word' id='word_1_842' title='bbox 95 4512 221 4571; x_wconf 85' lang='lat' dir='ltr'><strong>lraltiitnu</strong></span> <span class='ocrx_word' id='word_1_843' title='bbox 234 4512 326 4565; x_wconf 91' lang='lat' dir='ltr'><strong>mundi</strong></span> <span class='ocrx_word' id='word_1_844' title='bbox 339 4511 487 4581; x_wconf 88' lang='lat' dir='ltr'><strong>possidere.</strong></span> <span class='ocrx_word' id='word_1_845' title='bbox 503 4529 512 4561; x_wconf 90' lang='grc' dir='ltr'>ι</span> <span class='ocrx_word' id='word_1_846' title='bbox 540 4508 585 4563; x_wconf 84' lang='lat' dir='ltr'><strong>Sic</strong></span> <span class='ocrx_word' id='word_1_847' title='bbox 604 4507 738 4561; x_wconf 73' lang='lat' dir='ltr'><strong>Adrianus</strong></span> <span class='ocrx_word' id='word_1_848' title='bbox 750 4520 822 4559; x_wconf 90' lang='lat' dir='ltr'><strong>auno</strong></span> <span class='ocrx_word' id='word_1_849' title='bbox 836 4504 897 4558; x_wconf 86' lang='lat' dir='ltr'><strong>itt-l.</strong></span> <span class='ocrx_word' id='word_1_850' title='bbox 911 4500 939 4563; x_wconf 85' lang='lat' dir='ltr'><strong>b</strong></span> <span class='ocrx_word' id='word_1_851' title='bbox 952 4512 1027 4563; x_wconf 92' lang='lat' dir='ltr'><strong>nullo</strong></span> <span class='ocrx_word' id='word_1_852' title='bbox 1048 4508 1181 4579; x_wconf 89' lang='lat' dir='ltr'><strong>siquidem</strong></span> <span class='ocrx_word' id='word_1_853' title='bbox 1202 4518 1376 4563; x_wconf 90' lang='lat' dir='ltr'><strong>utoniuuettto</strong></span> <span class='ocrx_word' id='word_1_854' title='bbox 1396 4508 1479 4563; x_wconf 83' lang='lat' dir='ltr'><strong>teteit</strong></span> <span class='ocrx_word' id='word_1_855' title='bbox 1501 4512 1640 4565; x_wconf 87' lang='lat' dir='ltr'><strong>concessio</strong></span> <span class='ocrx_word' id='word_1_856' title='bbox 1655 4512 1751 4581; x_wconf 86' lang='lat' dir='ltr'><strong>littjiis-</strong></span> 
     </span>
    </p>
   </div>
   <div class='ocr_carea' id='block_1_8' title="bbox 95 4574 903 5855">
    <p class='ocr_par' dir='ltr' id='par_1_10' title="bbox 95 4574 900 5145">
     <span class='ocr_line' id='line_1_118' title="bbox 96 4574 899 4649; baseline -0.01 -14"><span class='ocrx_word' id='word_1_857' title='bbox 96 4582 230 4649; x_wconf 65' lang='lat' dir='ltr'><strong>Sequenti</strong></span> <span class='ocrx_word' id='word_1_858' title='bbox 242 4591 333 4636; x_wconf 87' lang='lat' dir='ltr'><strong>autem</strong></span> <span class='ocrx_word' id='word_1_859' title='bbox 347 4590 462 4637; x_wconf 79' lang='lat' dir='ltr'><strong>exeunte</strong></span> <span class='ocrx_word' id='word_1_860' title='bbox 476 4579 602 4635; x_wconf 88' lang='lat' dir='ltr'><strong>occubuit</strong></span> <span class='ocrx_word' id='word_1_861' title='bbox 623 4586 749 4641; x_wconf 92' lang='lat' dir='ltr'><strong>tnortem,</strong></span> <span class='ocrx_word' id='word_1_862' title='bbox 774 4592 824 4631; x_wconf 94' lang='lat' dir='ltr'><strong>nec</strong></span> <span class='ocrx_word' id='word_1_863' title='bbox 841 4574 899 4629; x_wconf 91' lang='lat' dir='ltr'><strong>ilin-</strong></span> 
     </span>
     <span class='ocr_line' id='line_1_119' title="bbox 95 4646 899 4723; baseline -0.005 -20"><span class='ocrx_word' id='word_1_864' title='bbox 95 4662 181 4705; x_wconf 89' lang='lat' dir='ltr'><strong>turtio</strong></span> <span class='ocrx_word' id='word_1_865' title='bbox 204 4653 230 4709; x_wconf 92' lang='lat' dir='ltr'><strong>iu</strong></span> <span class='ocrx_word' id='word_1_866' title='bbox 253 4652 347 4723; x_wconf 77' lang='lat' dir='ltr'><strong>uiginti</strong></span> <span class='ocrx_word' id='word_1_867' title='bbox 371 4667 504 4706; x_wconf 88' lang='lat' dir='ltr'><strong>aratorum</strong></span> <span class='ocrx_word' id='word_1_868' title='bbox 518 4648 678 4720; x_wconf 86' lang='lat' dir='ltr'><strong>puritilicatu</strong></span> <span class='ocrx_word' id='word_1_869' title='bbox 695 4648 781 4701; x_wconf 88' lang='lat' dir='ltr'><strong>saneti</strong></span> <span class='ocrx_word' id='word_1_870' title='bbox 801 4646 899 4699; x_wconf 85' lang='lat' dir='ltr'><strong>Leuitis</strong></span> 
     </span>
     <span class='ocr_line' id='line_1_120' title="bbox 96 4716 898 4793; baseline -0.011 -16"><span class='ocrx_word' id='word_1_871' title='bbox 96 4722 132 4777; x_wconf 89' lang='lat' dir='ltr'><strong>ld</strong></span> <span class='ocrx_word' id='word_1_872' title='bbox 146 4724 310 4793; x_wconf 85' lang='lat' dir='ltr'><strong>patrimonia</strong></span> <span class='ocrx_word' id='word_1_873' title='bbox 333 4721 426 4776; x_wconf 91' lang='lat' dir='ltr'><strong>illaad</strong></span> <span class='ocrx_word' id='word_1_874' title='bbox 442 4720 591 4775; x_wconf 90' lang='lat' dir='ltr'><strong>Ecclesiam</strong></span> <span class='ocrx_word' id='word_1_875' title='bbox 614 4719 762 4773; x_wconf 91' lang='lat' dir='ltr'><strong>redierunt.</strong></span> <span class='ocrx_word' id='word_1_876' title='bbox 790 4716 898 4770; x_wconf 80' lang='lat' dir='ltr'><strong>lutei-im</strong></span> 
     </span>
     <span class='ocr_line' id='line_1_121' title="bbox 97 4788 900 4859; baseline -0.011 -12"><span class='ocrx_word' id='word_1_877' title='bbox 97 4792 230 4847; x_wconf 79' lang='lat' dir='ltr'><strong>Saraceni</strong></span> <span class='ocrx_word' id='word_1_878' title='bbox 252 4792 353 4848; x_wconf 76' lang='lat' dir='ltr'><strong>sieilia</strong></span> <span class='ocrx_word' id='word_1_879' title='bbox 377 4792 532 4855; x_wconf 88' lang='lat' dir='ltr'><strong>initiantes,</strong></span> <span class='ocrx_word' id='word_1_880' title='bbox 557 4790 615 4859; x_wconf 83' lang='lat' dir='ltr'><strong>ejus</strong></span> <span class='ocrx_word' id='word_1_881' title='bbox 637 4788 804 4843; x_wconf 79' lang='lat' dir='ltr'><strong>iitrasinuem</strong></span> <span class='ocrx_word' id='word_1_882' title='bbox 828 4801 900 4855; x_wconf 76' lang='lat' dir='ltr'><strong>sirpe</strong></span> 
     </span>
     <span class='ocr_line' id='line_1_122' title="bbox 95 4857 899 4935; baseline -0.005 -20"><span class='ocrx_word' id='word_1_883' title='bbox 95 4864 255 4935; x_wconf 83' lang='lat' dir='ltr'><strong>periclitati,</strong></span> <span class='ocrx_word' id='word_1_884' title='bbox 279 4879 351 4917; x_wconf 91' lang='lat' dir='ltr'><strong>atino</strong></span> <span class='ocrx_word' id='word_1_885' title='bbox 368 4864 477 4918; x_wconf 91' lang='lat' dir='ltr'><strong>dcmuui</strong></span> <span class='ocrx_word' id='word_1_886' title='bbox 496 4860 548 4917; x_wconf 72' lang='lat'><strong>82&#39;7</strong></span> <span class='ocrx_word' id='word_1_887' title='bbox 563 4860 651 4915; x_wconf 81' lang='lat' dir='ltr'><strong>insula</strong></span> <span class='ocrx_word' id='word_1_888' title='bbox 674 4860 766 4912; x_wconf 86' lang='lat' dir='ltr'><strong>iurasa</strong></span> <span class='ocrx_word' id='word_1_889' title='bbox 790 4857 899 4911; x_wconf 70' lang='lat' dir='ltr'><strong>threces</strong></span> 
     </span>
     <span class='ocr_line' id='line_1_123' title="bbox 97 4928 900 5005; baseline -0.009 -18"><span class='ocrx_word' id='word_1_890' title='bbox 97 4942 158 4987; x_wconf 87' lang='lat' dir='ltr'><strong>tota</strong></span> <span class='ocrx_word' id='word_1_891' title='bbox 173 4933 251 4988; x_wconf 82' lang='lat' dir='ltr'><strong>latta</strong></span> <span class='ocrx_word' id='word_1_892' title='bbox 264 4942 424 5005; x_wconf 72' lang='lat' dir='ltr'><strong>perpetuum</strong></span> <span class='ocrx_word' id='word_1_893' title='bbox 438 4932 552 5001; x_wconf 69' lang='lat' dir='ltr'><strong>‹tecet-e.</strong></span> <span class='ocrx_word' id='word_1_894' title='bbox 581 4932 703 4999; x_wconf 76' lang='lat' dir='ltr'><strong>llunupie</strong></span> <span class='ocrx_word' id='word_1_895' title='bbox 715 4928 821 4981; x_wconf 89' lang='lat' dir='ltr'><strong>duobus</strong></span> <span class='ocrx_word' id='word_1_896' title='bbox 843 4944 900 4980; x_wconf 89' lang='lat' dir='ltr'><strong>am-</strong></span> 
     </span>
     <span class='ocr_line' id='line_1_124' title="bbox 96 5000 900 5075; baseline -0.006 -17"><span class='ocrx_word' id='word_1_897' title='bbox 96 5006 171 5075; x_wconf 85' lang='lat' dir='ltr'><strong>plius</strong></span> <span class='ocrx_word' id='word_1_898' title='bbox 185 5005 293 5059; x_wconf 74' lang='lat' dir='ltr'><strong>suculis</strong></span> <span class='ocrx_word' id='word_1_899' title='bbox 305 5003 400 5059; x_wconf 81' lang='lat' dir='ltr'><strong>insola·</strong></span> <span class='ocrx_word' id='word_1_900' title='bbox 414 5004 596 5065; x_wconf 61' lang='lat' dir='ltr'><strong>incubonem,</strong></span> <span class='ocrx_word' id='word_1_901' title='bbox 609 5000 837 5054; x_wconf 77' lang='lat' dir='ltr'><strong>Norttuauttoruut</strong></span> <span class='ocrx_word' id='word_1_902' title='bbox 849 5012 900 5067; x_wconf 91' lang='lat' dir='ltr'><strong>ope</strong></span> 
     </span>
     <span class='ocr_line' id='line_1_125' title="bbox 97 5072 744 5145; baseline -0.014 -14"><span class='ocrx_word' id='word_1_903' title='bbox 97 5084 196 5131; x_wconf 77' lang='lat' dir='ltr'><strong>saiieta</strong></span> <span class='ocrx_word' id='word_1_904' title='bbox 209 5078 289 5131; x_wconf 81' lang='lat' dir='ltr'><strong>sedes</strong></span> <span class='ocrx_word' id='word_1_905' title='bbox 300 5076 413 5145; x_wconf 89' lang='lat' dir='ltr'><strong>antiqua</strong></span> <span class='ocrx_word' id='word_1_906' title='bbox 432 5074 474 5129; x_wconf 93' lang='lat' dir='ltr'><strong>illa</strong></span> <span class='ocrx_word' id='word_1_907' title='bbox 484 5072 546 5140; x_wconf 84' lang='lat' dir='ltr'><strong>jura</strong></span> <span class='ocrx_word' id='word_1_908' title='bbox 565 5072 744 5141; x_wconf 85' lang='lat' dir='ltr'><strong>recuperarit.</strong></span> 
     </span>
    </p>

    <p class='ocr_par' dir='ltr' id='par_1_11' title="bbox 98 5138 903 5855">
     <span class='ocr_line' id='line_1_126' title="bbox 136 5138 901 5215; baseline -0.008 -16"><span class='ocrx_word' id='word_1_909' title='bbox 136 5144 182 5199; x_wconf 78' lang='lat' dir='ltr'><strong>ut.</strong></span> <span class='ocrx_word' id='word_1_910' title='bbox 195 5150 285 5213; x_wconf 77' lang='lat' dir='ltr'><strong>Quare</strong></span> <span class='ocrx_word' id='word_1_911' title='bbox 300 5146 437 5201; x_wconf 84' lang='lat' dir='ltr'><strong>ililriarms</strong></span> <span class='ocrx_word' id='word_1_912' title='bbox 458 5143 619 5215; x_wconf 88' lang='lat' dir='ltr'><strong>patrimonia</strong></span> <span class='ocrx_word' id='word_1_913' title='bbox 632 5141 744 5195; x_wconf 88' lang='lat' dir='ltr'><strong>illatam</strong></span> <span class='ocrx_word' id='word_1_914' title='bbox 757 5138 901 5193; x_wconf 86' lang='lat' dir='ltr'><strong>relicineu-</strong></span> 
     </span>
     <span class='ocr_line' id='line_1_127' title="bbox 98 5208 901 5287; baseline -0.009 -16"><span class='ocrx_word' id='word_1_915' title='bbox 98 5226 143 5271; x_wconf 91' lang='lat' dir='ltr'><strong>ter</strong></span> <span class='ocrx_word' id='word_1_916' title='bbox 155 5226 297 5287; x_wconf 79' lang='lat' dir='ltr'><strong>repeeret,</strong></span> <span class='ocrx_word' id='word_1_917' title='bbox 318 5215 484 5271; x_wconf 55' lang='lat' dir='ltr'><strong>ellemanuus</strong></span> <span class='ocrx_word' id='word_1_918' title='bbox 495 5216 574 5269; x_wconf 90' lang='lat' dir='ltr'><strong>ducet</strong></span> <span class='ocrx_word' id='word_1_919' title='bbox 585 5211 696 5285; x_wconf 87' lang='lat' dir='ltr'><strong>prolatis</strong></span> <span class='ocrx_word' id='word_1_920' title='bbox 710 5211 801 5265; x_wconf 83' lang='lat' dir='ltr'><strong>terlns</strong></span> <span class='ocrx_word' id='word_1_921' title='bbox 813 5208 901 5264; x_wconf 85' lang='lat' dir='ltr'><strong>Tlteo-</strong></span> 
     </span>
     <span class='ocr_line' id='line_1_128' title="bbox 98 5280 900 5359; baseline -0.01 -17"><span class='ocrx_word' id='word_1_922' title='bbox 98 5287 218 5359; x_wconf 84' lang='lat' dir='ltr'><strong>pliatiis:</strong></span> <span class='ocrx_word' id='word_1_923' title='bbox 242 5288 409 5359; x_wconf 76' lang='lat' dir='ltr'><strong>idppellata</strong></span> <span class='ocrx_word' id='word_1_924' title='bbox 433 5286 595 5358; x_wconf 89' lang='lat' dir='ltr'><strong>patrimonia</strong></span> <span class='ocrx_word' id='word_1_925' title='bbox 619 5293 776 5338; x_wconf 89' lang='lat' dir='ltr'><strong>sanctorum</strong></span> <span class='ocrx_word' id='word_1_926' title='bbox 798 5280 900 5353; x_wconf 91' lang='lat' dir='ltr'><strong>priuci-</strong></span> 
     </span>
     <span class='ocr_line' id='line_1_129' title="bbox 99 5351 900 5430; baseline -0.007 -19"><span class='ocrx_word' id='word_1_927' title='bbox 99 5373 165 5429; x_wconf 91' lang='lat' dir='ltr'><strong>puni</strong></span> <span class='ocrx_word' id='word_1_928' title='bbox 193 5361 398 5430; x_wconf 82' lang='lat' dir='ltr'><strong>apostolorum,</strong></span> <span class='ocrx_word' id='word_1_929' title='bbox 418 5358 464 5427; x_wconf 92' lang='lat' dir='ltr'><strong>qiii</strong></span> <span class='ocrx_word' id='word_1_930' title='bbox 487 5357 558 5429; x_wconf 91' lang='lat' dir='ltr'><strong>apuil</strong></span> <span class='ocrx_word' id='word_1_931' title='bbox 587 5361 705 5409; x_wconf 87' lang='lat' dir='ltr'><strong>retereitt</strong></span> <span class='ocrx_word' id='word_1_932' title='bbox 735 5352 847 5406; x_wconf 86' lang='lat' dir='ltr'><strong>llinnatu</strong></span> <span class='ocrx_word' id='word_1_933' title='bbox 872 5351 900 5405; x_wconf 95' lang='lat' dir='ltr'><strong>iu</strong></span> 
     </span>
     <span class='ocr_line' id='line_1_130' title="bbox 100 5422 901 5493; baseline -0.005 -13"><span class='ocrx_word' id='word_1_934' title='bbox 100 5432 275 5486; x_wconf 86' lang='lat' dir='ltr'><strong>reiteratione</strong></span> <span class='ocrx_word' id='word_1_935' title='bbox 292 5438 372 5493; x_wconf 85' lang='lat' dir='ltr'><strong>suut,</strong></span> <span class='ocrx_word' id='word_1_936' title='bbox 396 5426 504 5483; x_wconf 88' lang='lat' dir='ltr'><strong>illorum</strong></span> <span class='ocrx_word' id='word_1_937' title='bbox 526 5425 655 5483; x_wconf 81' lang='lat' dir='ltr'><strong>Ecclesiis</strong></span> <span class='ocrx_word' id='word_1_938' title='bbox 678 5422 730 5491; x_wconf 75' lang='lat' dir='ltr'><strong>iant</strong></span> <span class='ocrx_word' id='word_1_939' title='bbox 755 5423 820 5479; x_wconf 91' lang='lat' dir='ltr'><strong>olini</strong></span> <span class='ocrx_word' id='word_1_940' title='bbox 840 5437 901 5492; x_wconf 92' lang='lat' dir='ltr'><strong>per-</strong></span> 
     </span>
     <span class='ocr_line' id='line_1_131' title="bbox 100 5492 902 5561; baseline -0.01 -6"><span class='ocrx_word' id='word_1_941' title='bbox 100 5498 170 5555; x_wconf 74' lang='lat' dir='ltr'><strong>solvi</strong></span> <span class='ocrx_word' id='word_1_942' title='bbox 184 5504 263 5557; x_wconf 87' lang='lat' dir='ltr'><strong>solita</strong></span> <span class='ocrx_word' id='word_1_943' title='bbox 282 5498 457 5555; x_wconf 82' lang='lat' dir='ltr'><strong>auritalento</strong></span> <span class='ocrx_word' id='word_1_944' title='bbox 473 5500 525 5553; x_wconf 88' lang='lat' dir='ltr'><strong>tria</strong></span> <span class='ocrx_word' id='word_1_945' title='bbox 547 5511 574 5552; x_wconf 87' lang='lat' dir='ltr'><strong>ct</strong></span> <span class='ocrx_word' id='word_1_946' title='bbox 586 5496 678 5561; x_wconf 78' lang='lat' dir='ltr'><strong>sentis,</strong></span> <span class='ocrx_word' id='word_1_947' title='bbox 694 5496 743 5548; x_wconf 93' lang='lat' dir='ltr'><strong>lioc</strong></span> <span class='ocrx_word' id='word_1_948' title='bbox 759 5501 800 5550; x_wconf 91' lang='lat' dir='ltr'><strong>est</strong></span> <span class='ocrx_word' id='word_1_949' title='bbox 818 5492 902 5547; x_wconf 90' lang='lat' dir='ltr'><strong>libras</strong></span> 
     </span>
     <span class='ocr_line' id='line_1_132' title="bbox 101 5565 902 5641; baseline -0.009 -16"><span class='ocrx_word' id='word_1_950' title='bbox 101 5586 162 5625; x_wconf 87' lang='lat' dir='ltr'><strong>auri</strong></span> <span class='ocrx_word' id='word_1_951' title='bbox 181 5582 333 5629; x_wconf 89' lang='lat' dir='ltr'><strong>tercentum</strong></span> <span class='ocrx_word' id='word_1_952' title='bbox 351 5570 556 5641; x_wconf 74' lang='lat' dir='ltr'><strong>quinquaginta,</strong></span> <span class='ocrx_word' id='word_1_953' title='bbox 572 5588 581 5620; x_wconf 90' lang='grc' dir='ltr'>ι</span> <span class='ocrx_word' id='word_1_954' title='bbox 608 5583 669 5637; x_wconf 66' lang='lat' dir='ltr'><strong>quie</strong></span> <span class='ocrx_word' id='word_1_955' title='bbox 696 5585 705 5616; x_wconf 95' lang='lat' dir='ltr'><strong>i</strong></span> <span class='ocrx_word' id='word_1_956' title='bbox 724 5565 757 5619; x_wconf 91' lang='lat' dir='ltr'><strong>ad</strong></span> <span class='ocrx_word' id='word_1_957' title='bbox 778 5572 902 5620; x_wconf 89' lang='lat' dir='ltr'><strong>nestram</strong></span> 
     </span>
     <span class='ocr_line' id='line_1_133' title="bbox 102 5636 902 5706; baseline -0.011 -9"><span class='ocrx_word' id='word_1_958' title='bbox 102 5642 246 5706; x_wconf 78' lang='lat' dir='ltr'><strong>rationem,</strong></span> <span class='ocrx_word' id='word_1_959' title='bbox 259 5642 381 5697; x_wconf 85' lang='lat' dir='ltr'><strong>nitidem</strong></span> <span class='ocrx_word' id='word_1_960' title='bbox 395 5642 582 5703; x_wconf 86' lang='lat' dir='ltr'><strong>illernainnis,</strong></span> <span class='ocrx_word' id='word_1_961' title='bbox 607 5636 754 5693; x_wconf 82' lang='lat' dir='ltr'><strong>conficiunt</strong></span> <span class='ocrx_word' id='word_1_962' title='bbox 768 5651 902 5693; x_wconf 85' lang='lat' dir='ltr'><strong>suttitnatu</strong></span> 
     </span>
     <span class='ocr_line' id='line_1_134' title="bbox 104 5708 903 5785; baseline -0.005 -20"><span class='ocrx_word' id='word_1_963' title='bbox 104 5714 214 5781; x_wconf 76' lang='lat' dir='ltr'><strong>triginta</strong></span> <span class='ocrx_word' id='word_1_964' title='bbox 228 5716 349 5785; x_wconf 86' lang='lat' dir='ltr'><strong>quinque</strong></span> <span class='ocrx_word' id='word_1_965' title='bbox 371 5713 483 5767; x_wconf 92' lang='lat' dir='ltr'><strong>milliuin</strong></span> <span class='ocrx_word' id='word_1_966' title='bbox 497 5724 642 5765; x_wconf 90' lang='lat' dir='ltr'><strong>aureorum</strong></span> <span class='ocrx_word' id='word_1_967' title='bbox 663 5708 690 5763; x_wconf 92' lang='lat' dir='ltr'><strong>iu</strong></span> <span class='ocrx_word' id='word_1_968' title='bbox 706 5723 791 5763; x_wconf 91' lang='lat' dir='ltr'><strong>anuos</strong></span> <span class='ocrx_word' id='word_1_969' title='bbox 812 5710 903 5779; x_wconf 79' lang='lat' dir='ltr'><strong>singu·</strong></span> 
     </span>
     <span class='ocr_line' id='line_1_135' title="bbox 106 5778 901 5855; baseline -0.006 -18"><span class='ocrx_word' id='word_1_970' title='bbox 106 5782 184 5843; x_wconf 71' lang='lat' dir='ltr'><strong>los-t</strong></span> <span class='ocrx_word' id='word_1_971' title='bbox 208 5788 335 5855; x_wconf 77' lang='lat' dir='ltr'><strong>aueoqiie</strong></span> <span class='ocrx_word' id='word_1_972' title='bbox 360 5799 421 5840; x_wconf 92' lang='lat' dir='ltr'><strong>cunt</strong></span> <span class='ocrx_word' id='word_1_973' title='bbox 444 5780 564 5855; x_wconf 82' lang='lat' dir='ltr'><strong>pontilet</strong></span> <span class='ocrx_word' id='word_1_974' title='bbox 586 5796 619 5835; x_wconf 88' lang='lat' dir='ltr'><strong>ca</strong></span> <span class='ocrx_word' id='word_1_975' title='bbox 636 5778 794 5849; x_wconf 82' lang='lat' dir='ltr'><strong>repetebat,</strong></span> <span class='ocrx_word' id='word_1_976' title='bbox 818 5794 901 5835; x_wconf 82' lang='lat' dir='ltr'><strong>autea</strong></span> 
     </span>
    </p>
   </div>
   <div class='ocr_carea' id='block_1_9' title="bbox 949 4578 1752 5859">
    <p class='ocr_par' dir='ltr' id='par_1_12' title="bbox 949 4578 1752 5626">
     <span class='ocr_line' id='line_1_136' title="bbox 952 4578 1751 4639; baseline 0.005 -5"><span class='ocrx_word' id='word_1_977' title='bbox 952 4580 1023 4634; x_wconf 90' lang='lat' dir='ltr'><strong>iiiiiili</strong></span> <span class='ocrx_word' id='word_1_978' title='bbox 1036 4596 1095 4635; x_wconf 89' lang='lat' dir='ltr'><strong>eoin</strong></span> <span class='ocrx_word' id='word_1_979' title='bbox 1106 4580 1237 4633; x_wconf 86' lang='lat' dir='ltr'><strong>tritlnitur.</strong></span> <span class='ocrx_word' id='word_1_980' title='bbox 1259 4578 1338 4635; x_wconf 87' lang='lat' dir='ltr'><strong>duno</strong></span> <span class='ocrx_word' id='word_1_981' title='bbox 1348 4580 1478 4634; x_wconf 75' lang='lat' dir='ltr'><strong>duntaxat</strong></span> <span class='ocrx_word' id='word_1_982' title='bbox 1493 4582 1545 4636; x_wconf 81' lang='lat' dir='ltr'><strong>uda</strong></span> <span class='ocrx_word' id='word_1_983' title='bbox 1560 4596 1591 4635; x_wconf 81' lang='lat' dir='ltr'><strong>et</strong></span> <span class='ocrx_word' id='word_1_984' title='bbox 1608 4581 1707 4639; x_wconf 84' lang='lat' dir='ltr'><strong>Leonis</strong></span> <span class='ocrx_word' id='word_1_985' title='bbox 1719 4582 1751 4638; x_wconf 92' lang='grc' dir='ltr'><strong>ΙΙΙ</strong></span> 
     </span>
     <span class='ocr_line' id='line_1_137' title="bbox 950 4649 1752 4721; baseline 0.002 -16"><span class='ocrx_word' id='word_1_986' title='bbox 950 4650 1071 4720; x_wconf 90' lang='lat' dir='ltr'><strong>epistolis</strong></span> <span class='ocrx_word' id='word_1_987' title='bbox 1089 4668 1097 4701; x_wconf 96' lang='lat' dir='ltr'><strong>i</strong></span> <span class='ocrx_word' id='word_1_988' title='bbox 1109 4649 1220 4705; x_wconf 88' lang='lat' dir='ltr'><strong>iscimus</strong></span> <span class='ocrx_word' id='word_1_989' title='bbox 1233 4649 1350 4704; x_wconf 78' lang='lat' dir='ltr'><strong>corsiae</strong></span> <span class='ocrx_word' id='word_1_990' title='bbox 1365 4649 1479 4705; x_wconf 89' lang='lat' dir='ltr'><strong>ittsnlam</strong></span> <span class='ocrx_word' id='word_1_991' title='bbox 1490 4650 1562 4721; x_wconf 84' lang='lat' dir='ltr'><strong>jutis</strong></span> <span class='ocrx_word' id='word_1_992' title='bbox 1576 4667 1636 4707; x_wconf 85' lang='lat' dir='ltr'><strong>esse</strong></span> <span class='ocrx_word' id='word_1_993' title='bbox 1649 4662 1752 4709; x_wconf 70' lang='lat' dir='ltr'><strong>sanctae</strong></span> 
     </span>
     <span class='ocr_line' id='line_1_138' title="bbox 950 4719 1752 4789; baseline 0.006 -16"><span class='ocrx_word' id='word_1_994' title='bbox 950 4723 1021 4775; x_wconf 76' lang='lat' dir='ltr'><strong>scitis</strong></span> <span class='ocrx_word' id='word_1_995' title='bbox 1037 4721 1198 4776; x_wconf 89' lang='lat' dir='ltr'><strong>liberalitate</strong></span> <span class='ocrx_word' id='word_1_996' title='bbox 1210 4719 1310 4785; x_wconf 85' lang='lat' dir='ltr'><strong>Caroli,</strong></span> <span class='ocrx_word' id='word_1_997' title='bbox 1324 4727 1425 4789; x_wconf 90' lang='lat' dir='ltr'><strong>etpost</strong></span> <span class='ocrx_word' id='word_1_998' title='bbox 1439 4736 1525 4776; x_wconf 88' lang='lat' dir='ltr'><strong>annos</strong></span> <span class='ocrx_word' id='word_1_999' title='bbox 1537 4737 1642 4789; x_wconf 84' lang='lat' dir='ltr'><strong>notem,</strong></span> <span class='ocrx_word' id='word_1_1000' title='bbox 1658 4723 1752 4778; x_wconf 78' lang='lat' dir='ltr'><strong>Sacili-</strong></span> 
     </span>
     <span class='ocr_line' id='line_1_139' title="bbox 951 4789 1751 4865; baseline 0.003 -20"><span class='ocrx_word' id='word_1_1001' title='bbox 951 4793 1022 4845; x_wconf 89' lang='lat' dir='ltr'><strong>iiiam</strong></span> <span class='ocrx_word' id='word_1_1002' title='bbox 1040 4807 1148 4861; x_wconf 86' lang='lat' dir='ltr'><strong>quoqne</strong></span> <span class='ocrx_word' id='word_1_1003' title='bbox 1161 4800 1188 4845; x_wconf 88' lang='lat' dir='ltr'><strong>et</strong></span> <span class='ocrx_word' id='word_1_1004' title='bbox 1200 4789 1321 4846; x_wconf 88' lang='lat' dir='ltr'><strong>Siciliam</strong></span> <span class='ocrx_word' id='word_1_1005' title='bbox 1342 4800 1461 4860; x_wconf 79' lang='lat' dir='ltr'><strong>poterim</strong></span> <span class='ocrx_word' id='word_1_1006' title='bbox 1482 4791 1620 4846; x_wconf 90' lang='lat' dir='ltr'><strong>donationi</strong></span> <span class='ocrx_word' id='word_1_1007' title='bbox 1641 4794 1751 4865; x_wconf 75' lang='lat' dir='ltr'><strong>aibuitqi</strong></span> 
     </span>
     <span class='ocr_line' id='line_1_140' title="bbox 949 4862 1752 4932; baseline 0.009 -18"><span class='ocrx_word' id='word_1_1008' title='bbox 949 4879 965 4915; x_wconf 91' lang='lat' dir='ltr'><strong>a</strong></span> <span class='ocrx_word' id='word_1_1009' title='bbox 984 4862 1121 4917; x_wconf 86' lang='lat' dir='ltr'><strong>Luilutico</strong></span> <span class='ocrx_word' id='word_1_1010' title='bbox 1134 4862 1178 4931; x_wconf 75' lang='lat' dir='ltr'><strong>trio</strong></span> <span class='ocrx_word' id='word_1_1011' title='bbox 1191 4868 1357 4929; x_wconf 87' lang='lat' dir='ltr'><strong>cunipertum</strong></span> <span class='ocrx_word' id='word_1_1012' title='bbox 1374 4862 1515 4917; x_wconf 86' lang='lat' dir='ltr'><strong>babemus.</strong></span> <span class='ocrx_word' id='word_1_1013' title='bbox 1536 4862 1628 4932; x_wconf 88' lang='lat' dir='ltr'><strong>ltaque</strong></span> <span class='ocrx_word' id='word_1_1014' title='bbox 1641 4874 1752 4932; x_wconf 87' lang='lat' dir='ltr'><strong>aposto·</strong></span> 
     </span>
     <span class='ocr_line' id='line_1_141' title="bbox 950 4930 1749 5005; baseline 0.009 -21"><span class='ocrx_word' id='word_1_1015' title='bbox 950 4932 1001 4987; x_wconf 89' lang='lat' dir='ltr'><strong>lica</strong></span> <span class='ocrx_word' id='word_1_1016' title='bbox 1016 4935 1095 4987; x_wconf 91' lang='lat' dir='ltr'><strong>seiles</strong></span> <span class='ocrx_word' id='word_1_1017' title='bbox 1113 4930 1175 5000; x_wconf 81' lang='lat' dir='ltr'><strong>jura</strong></span> <span class='ocrx_word' id='word_1_1018' title='bbox 1198 4946 1247 4987; x_wconf 85' lang='lat' dir='ltr'><strong>sua</strong></span> <span class='ocrx_word' id='word_1_1019' title='bbox 1262 4932 1288 4985; x_wconf 93' lang='lat' dir='ltr'><strong>in</strong></span> <span class='ocrx_word' id='word_1_1020' title='bbox 1305 4930 1350 4984; x_wconf 89' lang='lat' dir='ltr'><strong>illa</strong></span> <span class='ocrx_word' id='word_1_1021' title='bbox 1366 4931 1462 4996; x_wconf 83' lang='lat' dir='ltr'><strong>insula,</strong></span> <span class='ocrx_word' id='word_1_1022' title='bbox 1479 4932 1521 4985; x_wconf 78' lang='lat' dir='ltr'><strong>sin</strong></span> <span class='ocrx_word' id='word_1_1023' title='bbox 1546 4932 1675 4988; x_wconf 85' lang='lat' dir='ltr'><strong>eoittinuo</strong></span> <span class='ocrx_word' id='word_1_1024' title='bbox 1687 4950 1749 5005; x_wconf 87' lang='lat' dir='ltr'><strong>pits-</strong></span> 
     </span>
     <span class='ocr_line' id='line_1_142' title="bbox 950 5000 1750 5071; baseline 0 -13"><span class='ocrx_word' id='word_1_1025' title='bbox 950 5004 1020 5059; x_wconf 91' lang='lat' dir='ltr'><strong>sedit</strong></span> <span class='ocrx_word' id='word_1_1026' title='bbox 1032 5005 1067 5059; x_wconf 92' lang='lat' dir='ltr'><strong>ob</strong></span> <span class='ocrx_word' id='word_1_1027' title='bbox 1080 5002 1278 5059; x_wconf 88' lang='lat' dir='ltr'><strong>citntiuuaciam</strong></span> <span class='ocrx_word' id='word_1_1028' title='bbox 1295 5000 1465 5063; x_wconf 68' lang='lat' dir='ltr'><strong>Graecorum,</strong></span> <span class='ocrx_word' id='word_1_1029' title='bbox 1492 5018 1572 5071; x_wconf 87' lang='lat' dir='ltr'><strong>qitatn</strong></span> <span class='ocrx_word' id='word_1_1030' title='bbox 1587 5001 1750 5061; x_wconf 85' lang='lat' dir='ltr'><strong>Saracentca</strong></span> 
     </span>
     <span class='ocr_line' id='line_1_143' title="bbox 949 5072 1751 5144; baseline 0.005 -18"><span class='ocrx_word' id='word_1_1031' title='bbox 949 5075 1056 5144; x_wconf 82' lang='lat' dir='ltr'><strong>exeipit</strong></span> <span class='ocrx_word' id='word_1_1032' title='bbox 1074 5074 1188 5140; x_wconf 79' lang='lat' dir='ltr'><strong>linario,</strong></span> <span class='ocrx_word' id='word_1_1033' title='bbox 1201 5072 1299 5127; x_wconf 71' lang='lat' dir='ltr'><strong>littrolo</strong></span> <span class='ocrx_word' id='word_1_1034' title='bbox 1315 5082 1403 5125; x_wconf 85' lang='lat' dir='ltr'><strong>tantini</strong></span> <span class='ocrx_word' id='word_1_1035' title='bbox 1416 5083 1462 5126; x_wconf 88' lang='lat' dir='ltr'><strong>aut</strong></span> <span class='ocrx_word' id='word_1_1036' title='bbox 1478 5073 1592 5142; x_wconf 88' lang='lat' dir='ltr'><strong>patricio</strong></span> <span class='ocrx_word' id='word_1_1037' title='bbox 1607 5084 1653 5129; x_wconf 92' lang='lat' dir='ltr'><strong>aut</strong></span> <span class='ocrx_word' id='word_1_1038' title='bbox 1665 5074 1751 5144; x_wconf 89' lang='lat' dir='ltr'><strong>inipe-</strong></span> 
     </span>
     <span class='ocr_line' id='line_1_144' title="bbox 950 5141 1751 5215; baseline 0.001 -16"><span class='ocrx_word' id='word_1_1039' title='bbox 950 5147 1033 5200; x_wconf 90' lang='lat' dir='ltr'><strong>mtori</strong></span> <span class='ocrx_word' id='word_1_1040' title='bbox 1057 5148 1140 5200; x_wconf 92' lang='lat' dir='ltr'><strong>rel&#39;ert</strong></span> <span class='ocrx_word' id='word_1_1041' title='bbox 1163 5152 1282 5215; x_wconf 86' lang='lat' dir='ltr'><strong>accepta.</strong></span> <span class='ocrx_word' id='word_1_1042' title='bbox 1308 5141 1440 5212; x_wconf 84' lang='lat' dir='ltr'><strong>Equidem</strong></span> <span class='ocrx_word' id='word_1_1043' title='bbox 1456 5142 1547 5197; x_wconf 90' lang='lat' dir='ltr'><strong>malim</strong></span> <span class='ocrx_word' id='word_1_1044' title='bbox 1572 5145 1624 5214; x_wconf 82' lang='lat'><strong>12</strong></span> <span class='ocrx_word' id='word_1_1045' title='bbox 1636 5146 1751 5214; x_wconf 88' lang='lat' dir='ltr'><strong>patricio</strong></span> 
     </span>
     <span class='ocr_line' id='line_1_145' title="bbox 950 5213 1751 5284; baseline 0 -13"><span class='ocrx_word' id='word_1_1046' title='bbox 950 5226 979 5271; x_wconf 91' lang='lat' dir='ltr'><strong>ut</strong></span> <span class='ocrx_word' id='word_1_1047' title='bbox 991 5216 1117 5271; x_wconf 79' lang='lat' dir='ltr'><strong>Citmlina</strong></span> <span class='ocrx_word' id='word_1_1048' title='bbox 1134 5214 1245 5270; x_wconf 91' lang='lat' dir='ltr'><strong>donatio</strong></span> <span class='ocrx_word' id='word_1_1049' title='bbox 1259 5213 1362 5284; x_wconf 78' lang='lat' dir='ltr'><strong>integra</strong></span> <span class='ocrx_word' id='word_1_1050' title='bbox 1382 5213 1585 5282; x_wconf 86' lang='lat' dir='ltr'><strong>irnperatoriant</strong></span> <span class='ocrx_word' id='word_1_1051' title='bbox 1606 5224 1751 5284; x_wconf 66' lang='lat' dir='ltr'><strong>praetcrtc-</strong></span> 
     </span>
     <span class='ocr_line' id='line_1_146' title="bbox 952 5281 1750 5356; baseline 0 -15"><span class='ocrx_word' id='word_1_1052' title='bbox 952 5295 992 5343; x_wconf 93' lang='lat' dir='ltr'><strong>rct</strong></span> <span class='ocrx_word' id='word_1_1053' title='bbox 1007 5286 1174 5356; x_wconf 81' lang='lat' dir='ltr'><strong>rtiajestatcm</strong></span> <span class='ocrx_word' id='word_1_1054' title='bbox 1188 5284 1296 5340; x_wconf 71' lang='lat' dir='ltr'><strong>citroli:</strong></span> <span class='ocrx_word' id='word_1_1055' title='bbox 1312 5292 1339 5338; x_wconf 90' lang='lat' dir='ltr'><strong>at</strong></span> <span class='ocrx_word' id='word_1_1056' title='bbox 1353 5281 1529 5355; x_wconf 75' lang='lat' dir='ltr'><strong>coniectando</strong></span> <span class='ocrx_word' id='word_1_1057' title='bbox 1541 5299 1597 5337; x_wconf 85' lang='lat' dir='ltr'><strong>reni</strong></span> <span class='ocrx_word' id='word_1_1058' title='bbox 1612 5286 1680 5339; x_wconf 88' lang='lat' dir='ltr'><strong>tanti</strong></span> <span class='ocrx_word' id='word_1_1059' title='bbox 1696 5302 1750 5341; x_wconf 84' lang='lat' dir='ltr'><strong>mo</strong></span> 
     </span>
     <span class='ocr_line' id='line_1_147' title="bbox 951 5354 1750 5427; baseline 0 -14"><span class='ocrx_word' id='word_1_1060' title='bbox 951 5358 1034 5414; x_wconf 90' lang='lat' dir='ltr'><strong>menti</strong></span> <span class='ocrx_word' id='word_1_1061' title='bbox 1046 5357 1182 5411; x_wconf 91' lang='lat' dir='ltr'><strong>altirrnare</strong></span> <span class='ocrx_word' id='word_1_1062' title='bbox 1197 5372 1250 5410; x_wconf 93' lang='lat' dir='ltr'><strong>non</strong></span> <span class='ocrx_word' id='word_1_1063' title='bbox 1264 5354 1362 5410; x_wconf 88' lang='lat' dir='ltr'><strong>ausim.</strong></span> <span class='ocrx_word' id='word_1_1064' title='bbox 1387 5354 1498 5427; x_wconf 80' lang='lat' dir='ltr'><strong>Pergam</strong></span> <span class='ocrx_word' id='word_1_1065' title='bbox 1513 5354 1547 5409; x_wconf 89' lang='lat' dir='ltr'><strong>ile</strong></span> <span class='ocrx_word' id='word_1_1066' title='bbox 1569 5354 1680 5425; x_wconf 91' lang='lat' dir='ltr'><strong>reliquis</strong></span> <span class='ocrx_word' id='word_1_1067' title='bbox 1693 5358 1750 5413; x_wconf 90' lang='lat' dir='ltr'><strong>ilis-</strong></span> 
     </span>
     <span class='ocr_line' id='line_1_148' title="bbox 951 5426 1751 5500; baseline -0.001 -15"><span class='ocrx_word' id='word_1_1068' title='bbox 951 5444 1052 5491; x_wconf 88' lang='lat' dir='ltr'><strong>screrc,</strong></span> <span class='ocrx_word' id='word_1_1069' title='bbox 1071 5444 1131 5498; x_wconf 64' lang='lat' dir='ltr'><strong>quse</strong></span> <span class='ocrx_word' id='word_1_1070' title='bbox 1142 5436 1205 5480; x_wconf 92' lang='lat' dir='ltr'><strong>ante</strong></span> <span class='ocrx_word' id='word_1_1071' title='bbox 1218 5428 1421 5482; x_wconf 88' lang='lat' dir='ltr'><strong>renotationem</strong></span> <span class='ocrx_word' id='word_1_1072' title='bbox 1433 5436 1486 5480; x_wconf 89' lang='lat' dir='ltr'><strong>t.·nr</strong></span> <span class='ocrx_word' id='word_1_1073' title='bbox 1498 5426 1650 5495; x_wconf 78' lang='lat' dir='ltr'><strong>complente</strong></span> <span class='ocrx_word' id='word_1_1074' title='bbox 1664 5428 1751 5500; x_wconf 76' lang='lat' dir='ltr'><strong>digni-</strong></span> 
     </span>
     <span class='ocr_line' id='line_1_149' title="bbox 953 5496 1752 5568; baseline -0.001 -13"><span class='ocrx_word' id='word_1_1075' title='bbox 953 5499 1059 5555; x_wconf 74' lang='lat' dir='ltr'><strong>latisin</strong></span> <span class='ocrx_word' id='word_1_1076' title='bbox 1081 5497 1226 5553; x_wconf 89' lang='lat' dir='ltr'><strong>Occidente</strong></span> <span class='ocrx_word' id='word_1_1077' title='bbox 1249 5505 1350 5551; x_wconf 73' lang='lat' dir='ltr'><strong>sanctae</strong></span> <span class='ocrx_word' id='word_1_1078' title='bbox 1368 5497 1424 5551; x_wconf 88' lang='lat' dir='ltr'><strong>sedi</strong></span> <span class='ocrx_word' id='word_1_1079' title='bbox 1439 5511 1500 5551; x_wconf 91' lang='lat' dir='ltr'><strong>cnm</strong></span> <span class='ocrx_word' id='word_1_1080' title='bbox 1521 5496 1635 5568; x_wconf 90' lang='lat' dir='ltr'><strong>patricio</strong></span> <span class='ocrx_word' id='word_1_1081' title='bbox 1650 5497 1752 5555; x_wconf 84' lang='lat' dir='ltr'><strong>ilarita-</strong></span> 
     </span>
     <span class='ocr_line' id='line_1_150' title="bbox 953 5570 1287 5626; baseline -0.018 0"><span class='ocrx_word' id='word_1_1082' title='bbox 953 5586 1049 5626; x_wconf 90' lang='lat' dir='ltr'><strong>uorunt</strong></span> <span class='ocrx_word' id='word_1_1083' title='bbox 1066 5570 1287 5624; x_wconf 89' lang='lat' dir='ltr'><strong>intercesserunt.</strong></span> 
     </span>
    </p>

    <p class='ocr_par' dir='ltr' id='par_1_13' title="bbox 952 5636 1750 5859">
     <span class='ocr_line' id='line_1_151' title="bbox 990 5636 1750 5698; baseline 0.001 -2"><span class='ocrx_word' id='word_1_1084' title='bbox 990 5638 1187 5696; x_wconf 73' lang='lat' dir='ltr'><strong>Kilbddriano</strong></span> <span class='ocrx_word' id='word_1_1085' title='bbox 1209 5639 1264 5693; x_wconf 86' lang='lat' dir='ltr'><strong>rita</strong></span> <span class='ocrx_word' id='word_1_1086' title='bbox 1286 5637 1380 5692; x_wconf 86' lang='lat' dir='ltr'><strong>lancta</strong></span> <span class='ocrx_word' id='word_1_1087' title='bbox 1401 5636 1654 5695; x_wconf 77' lang='lat' dir='ltr'><strong>titillationum.</strong></span> <span class='ocrx_word' id='word_1_1088' title='bbox 1677 5656 1750 5698; x_wconf 93' lang='lat' dir='ltr'><strong>anno</strong></span> 
     </span>
     <span class='ocr_line' id='line_1_152' title="bbox 953 5706 1750 5781; baseline -0.003 -14"><span class='ocrx_word' id='word_1_1089' title='bbox 953 5708 1203 5777; x_wconf 59' lang='lat' dir='ltr'><strong>retentatione</strong></span> <span class='ocrx_word' id='word_1_1090' title='bbox 1227 5720 1356 5781; x_wconf 75' lang='lat' dir='ltr'><strong>magnum</strong></span> <span class='ocrx_word' id='word_1_1091' title='bbox 1379 5706 1507 5765; x_wconf 77' lang='lat' dir='ltr'><strong>Ecclesia</strong></span> <span class='ocrx_word' id='word_1_1092' title='bbox 1521 5710 1690 5767; x_wconf 82' lang='lat' dir='ltr'><strong>detentorem</strong></span> <span class='ocrx_word' id='word_1_1093' title='bbox 1710 5712 1750 5765; x_wconf 90' lang='lat' dir='ltr'><strong>le-</strong></span> 
     </span>
     <span class='ocr_line' id='line_1_153' title="bbox 952 5777 1749 5859; baseline -0.001 -21"><span class='ocrx_word' id='word_1_1094' title='bbox 952 5786 1025 5859; x_wconf 79' lang='lat' dir='ltr'><strong>gatio</strong></span> <span class='ocrx_word' id='word_1_1095' title='bbox 1039 5784 1120 5839; x_wconf 88' lang='lat' dir='ltr'><strong>inissa</strong></span> <span class='ocrx_word' id='word_1_1096' title='bbox 1133 5782 1166 5837; x_wconf 90' lang='lat' dir='ltr'><strong>dc</strong></span> <span class='ocrx_word' id='word_1_1097' title='bbox 1185 5779 1265 5835; x_wconf 87' lang='lat' dir='ltr'><strong>amici</strong></span> <span class='ocrx_word' id='word_1_1098' title='bbox 1289 5777 1425 5851; x_wconf 87' lang='lat' dir='ltr'><strong>pontilicis</strong></span> <span class='ocrx_word' id='word_1_1099' title='bbox 1449 5780 1573 5837; x_wconf 87' lang='lat' dir='ltr'><strong>transitu.</strong></span> <span class='ocrx_word' id='word_1_1100' title='bbox 1599 5780 1675 5837; x_wconf 89' lang='lat' dir='ltr'><strong>llane</strong></span> <span class='ocrx_word' id='word_1_1101' title='bbox 1696 5782 1749 5837; x_wconf 88' lang='lat' dir='ltr'><strong>alia</strong></span> 
     </span>
    </p>
   </div>
   <div class='ocr_carea' id='block_1_10' title="bbox 0 0 1906 6116">
    <p class='ocr_par' dir='ltr' id='par_1_14' title="bbox 0 0 1906 6116">
     <span class='ocr_line' id='line_1_154' title="bbox 0 0 1906 6116; baseline 0 0"><span class='ocrx_word' id='word_1_1102' title='bbox 0 0 1906 6116; x_wconf 95' lang='lat' dir='ltr'><strong> </strong></span> 
     </span>
    </p>
   </div>
  </div>
 </body>
</html>
