3780 6120
126 270 196 331 rori
534 268 624 329 trum
643 270 997 334 cunnum-uaria.
1017 278 1062 335 uu
1080 276 1174 336 rure.
1194 280 1310 337 -uin
1329 281 1364 338 ιι.
1685 262 1751 340 iuri

124 390 195 463 stylo
205 403 259 444 non
275 386 365 442 valent
379 385 473 456 digeri.
487 386 516 442 ln
533 387 585 443 irae
599 388 706 445 ciuitate
721 389 851 458 imagines
862 391 914 445 im·
926 401 951 460 g
1263 394 1377 460 curbi
1394 394 1439 452 Ν.

124 480 231 552 piomru
245 475 280 532 nd
294 475 408 530 nihilum
421 475 584 546 redigentur,
595 477 657 546 quia
671 476 778 531 illorum
789 487 914 547 aspectus
967 482 1103 569 Quomodo
1110 485 1302 569 intelligendum
1311 487 1423 569 estquod
1429 484 1644 570 ptdmograpltat
1650 493 1753 558 recinit,

124 566 225 623 divinis
239 580 292 620 uon
305 565 405 635 poterit
424 580 552 635 apparere
563 567 766 636 conspectibus3
785 568 832 622 ned
846 568 916 625 slent
1001 554 1184 610 Misericordia
1197 562 1225 609 et
1232 563 1331 610 veritas
1346 557 1522 610 obviaverunt
1535 557 1596 620 silli,
1607 556 1712 627 lustitia
1727 572 1755 617 et

123 656 279 728 polluerunt
290 655 316 709 in
327 670 357 710 se
371 655 514 726 imaginem
528 656 634 712 Domini
650 657 677 711 in
695 657 835 727 praesentis
853 660 915 715 vitoe
1000 639 1069 748 ἢ
1078 640 1108 748 se}
1123 624 1277 748 ‘fffflffi
1293 623 1610 766 guffiawbrffifflo·
1625 631 1755 770 wasa·

123 746 268 811 curriculo,
287 746 324 800 ita
339 747 365 802 in
378 744 755 803 eoelestiierusalemiilorum
770 761 915 818 nouappa-
1001 761 1174 818 Orientalium
1206 763 1235 817 g,
1260 765 1458 834 pgsgpggpggm
1488 767 1641 821 „mggg
1678 785 1754 840 905,oe

123 839 196 893 rebit
210 839 308 906 imago,
329 836 374 906 qui
389 844 490 892 nterim
508 837 615 908 quidem
630 839 854 908 mancipabuntur
874 841 916 894 in·
1000 831 1140 887 Adueniet
1153 833 1753 908 Tarasiipurlrrctudictrrrneromptettm.

123 928 236 991 cendio,
252 927 285 981 de
302 926 399 995 quibus
413 926 479 983 alias
497 942 546 997 per
559 927 726 996 psalmistam
749 928 866 983 dieitur:
881 928 916 982 lit
1001 922 1210 979 Misericordiam
1223 931 1252 979 et
1271 924 1411 978 veritatem
1430 925 1482 980 sibi
1501 937 1594 982 minuo
1618 929 1752 995 obviasse,

122 1019 201 1072 tomo
212 1017 305 1071 cerain
316 1017 413 1071 honore
423 1027 486 1071 estet
495 1033 547 1071 non
557 1016 692 1082 intellexit,
703 1027 866 1086 comparatus
878 1025 915 1071 ert
961 1011 1093 1080 iustitiam
1106 1021 1133 1067 et
1150 1028 1245 1084 paoem
1268 1013 1382 1068 invirem
1394 1028 1424 1068 se
1442 1014 1595 1084 nomplexas
1605 1015 1687 1072 inisse
1702 1018 1753 1073 ila·

121 1109 247 1184 jumentis
262 1107 489 1178 insipientiores
502 1108 595 1162 similis
609 1108 695 1177 suctus
710 1116 746 1161 est
761 1106 814 1161 illis
827 1107 912 1178 (Piri.
965 1101 1113 1157 viduatum
1132 1101 1359 1158 luculentissimus
1376 1102 1513 1174 eleganter
1524 1104 1667 1160 decantat:
1682 1107 1754 1178 quod

123 1200 210 1270 uuir),
224 1199 285 1269 quia
299 1198 424 1253 videlieet
442 1214 502 1252 eum
515 1201 542 1252 in
553 1206 627 1252 tanto
644 1199 747 1252 bonore
761 1206 833 1253 esset
843 1199 915 1268 quod
964 1194 1073 1249 tandem
1091 1201 1198 1250 mustat
1208 1209 1268 1250 esse
1280 1195 1457 1265 completum,
1479 1210 1539 1251 euni
1553 1205 1614 1266 post
1631 1198 1754 1254 incarna-

122 1288 158 1343 ad
168 1289 313 1359 imaginem
326 1295 353 1342 et
366 1287 568 1342 similitudinem
584 1287 630 1341 liei
647 1287 770 1342 eonditus
780 1296 848 1352 erat,
860 1304 913 1344 non
964 1282 1065 1341 tionem
1081 1284 1187 1339 Domini
1207 1285 1260 1340 duo
1272 1285 1443 1340 Testamenta
1456 1285 1483 1340 in
1501 1286 1582 1342 unius
1596 1303 1753 1360 compagem

122 1360 306 1448 intelligendo,
314 1377 348 1431 ad
359 1384 460 1431 tautam
473 1376 559 1430 labem
571 1377 696 1431 vit‘orum
707 1386 749 1432 est
760 1377 909 1442 devolutus,
964 1371 1142 1441 copulationis
1154 1381 1217 1428 suut
1233 1373 1355 1429 adducta.
1372 1372 1505 1440 Quoniam
1516 1390 1670 1446 quanquam
1683 1377 1755 1434 inter

122 1474 153 1522 nt
166 1484 218 1522 uon
230 1467 364 1521 immerito
374 1466 503 1535 jumentis
516 1465 746 1521 irrationabilibus
756 1474 828 1520 esset
839 1481 914 1521 com·
964 1476 994 1517 se
1011 1463 1115 1519 diversa
1129 1463 1325 1533 quodammodo
1338 1472 1499 1529 cernantur,
1523 1464 1651 1522 aarum
1664 1476 1758 1524 umen

125 1564 246 1626 paratus.
256 1555 296 1611 Ad
305 1555 418 1611 nibilum
430 1555 916 1626 ergoimpiorumimaginesredigun·
963 1550 1065 1609 bivium
1077 1552 1104 1607 in
1118 1553 1227 1609 Citristo
1239 1555 1285 1623 qui
1294 1563 1336 1609 est
1352 1568 1404 1623 pax
1419 1562 1521 1620 nostra,
1540 1553 1587 1625 qui
1599 1554 1664 1612 lenit
1677 1565 1755 1612 utra·

122 1655 178 1712 tur,
197 1647 305 1716 quando
321 1662 349 1702 se
366 1648 406 1702 eis
420 1648 477 1717 ipsa
498 1648 605 1704 tertias
617 1648 779 1705 subtrabens
799 1649 833 1704 ab
855 1648 913 1719 nius
964 1655 1017 1711 que
1031 1658 1122 1707 unum,
1135 1644 1279 1701 convenire
1297 1652 1453 1700 noscuntur·
1467 1643 1496 1702 la
1506 1642 1582 1700 Novo
1591 1644 1663 1704 cuim
1675 1647 1755 1705 arise-

123 1738 184 1793 iueu
205 1739 367 1804 alienantur,
392 1753 442 1793 nec
457 1737 659 1794 simitudinem
680 1739 770 1794 vatent
786 1739 910 1801 retinere,
930 1733 1082 1811 gricordia
1098 1742 1156 1800 usi,
1175 1735 1203 1791 iu
1223 1750 1275 1804 uua
1289 1748 1338 1803 uer
1356 1735 1470 1805 grauun
1498 1749 1583 1806 uenus
1607 1735 1754 1794 humanum

122 1828 200 1898 eujus
216 1828 389 1884 beatitudinis
410 1836 534 1897 exportes
558 1836 706 1883 noscuntur
723 1835 914 1900 usquequaque
964 1823 1113 1879 liberatur:
1129 1824 1255 1879 inveteri
1272 1825 1378 1892 veritas,
1389 1825 1435 1881 ubi
1446 1824 1513 1896 legis
1526 1835 1554 1881 et
1563 1828 1754 1896 proplietamm

122 1933 244 1975 manere.
267 1918 380 1987 Pmpter
401 1917 556 1974 dolositates
570 1917 660 1986 itaque
679 1932 773 1972 eorum
793 1918 914 1987 apposita
964 1916 1133 1977 annuntiatio
1146 1916 1308 1977 continetur.
1323 1915 1387 1975 line
1405 1926 1495 1974 antem
1509 1917 1563 1973 duo
1584 1918 1635 1976 sibi
1660 1928 1755 1977 mutuo

121 2011 163 2066 eis
180 2010 207 2064 in
224 2008 407 2078 superioribus
428 2007 534 2063 dixerat
556 2007 640 2073 mala,
659 2008 721 2078 qula
742 2008 814 2063 Dens
830 2007 916 2085 judee
964 2005 1246 2069 obtinendarum,
1275 2021 1328 2065 uon
1349 2007 1383 2064 ad
1399 2008 1757 2067 eontrarietatemexerenn·

121 2092 209 2174 furtas
221 2098 305 2152 reddit
323 2098 463 2168 unicuique
475 2096 617 2152 resument
639 2113 717 2175 opero
730 2114 788 2152 aua.
805 2098 916 2154 Dixerat
964 2094 1036 2161 dtu,
1054 2096 1101 2155 sed
1116 2097 1150 2153 ad
1170 2097 1285 2166 gratiam
1300 2097 1439 2167 promisse
1452 2097 1628 2168 perfeetionis
1643 2097 1756 2169 implen-

123 2191 206 2247 etiain
218 2205 265 2244 eos
285 2187 486 2257 dejecisseeum
501 2187 691 2253 allevarentur,
705 2188 769 2259 quia
784 2187 854 2243 bertr
868 2204 915 2242 ra·
965 2184 1040 2251 dam;
1064 2201 1148 2245 unum
1160 2187 1258 2257 quippe
1272 2195 1377 2246 matut
1387 2187 1487 2245 iactum
1506 2187 1578 2258 qnod
1589 2190 1757 2259 temporibus

121 2282 208 2354 pertis
222 2283 325 2345 restitit,
346 2278 488 2333 lumiliter
505 2287 591 2333 asten
607 2279 653 2334 det
667 2280 789 2351 pretium.
806 2279 916 2335 biaerat
964 2277 1095 2345 probatur
1104 2292 1165 2335 esse
1178 2277 1312 2342 divisum,
1339 2285 1367 2332 et
1385 2285 1415 2332 ut
1434 2292 1518 2348 genus
1533 2278 1621 2347 ipsum
1645 2278 1756 2339 lindesia

123 2385 173 2427 eos
198 2371 284 2425 rebbo
300 2369 425 2439 defecisse
447 2370 599 2440 reperiisse
623 2378 729 2440 propter
752 2370 917 2440 lniqur'tutent
965 2366 1136 2437 hymnidicos
1148 2366 1231 2424 Dauid
1243 2367 1383 2427 evidenter
1405 2367 1577 2443 exprimeret,
1594 2371 1647 2429 bae
1667 2370 1756 2439 ipsum

122 2478 198 2517 raum
213 2459 280 2516 erist
294 2462 424 2515 somniarit
440 2461 610 2531 extorquetis,
626 2460 689 2530 quia
713 2461 782 2516 sient
805 2461 917 2531 quibus·
965 2458 1039 2518 tana
1055 2458 1195 2519 nominum
1208 2458 1350 2519 iteratione
1361 2457 1521 2529 geminant.
1534 2458 1659 2527 amplexu
1684 2460 1757 2520 retli-

121 2555 185 2610 dam
199 2555 340 2624 prestigiis
355 2552 507 2608 mortalium
520 2561 627 2622 pectora
643 2553 671 2607 in
687 2553 790 2608 somnis
804 2553 917 2609 eiudun·
965 2554 1009 2605 eet
1020 2550 1134 2617 quodam
1145 2546 1298 2611 dilectionis
1309 2547 1377 2610 duaa
1398 2560 1452 2614 tot.
1466 2546 1492 2605 it
1509 2545 1704 2616 tatriuslitiatu
1730 2558 1758 2609 nt

122 2650 177 2710 tur,
191 2651 219 2698 et
238 2651 330 2713 optata
350 2658 464 2714 quinque
476 2642 566 2698 subito
578 2657 607 2698 se
624 2643 810 2699 naetosiuisse
822 2653 915 2715 grata·
964 2653 1076 2710 paona,
1097 2642 1124 2695 in
1152 2647 1271 2699 ututuam
1290 2638 1414 2708 protinus
1433 2637 1540 2700 t'tnitto
1563 2640 1755 2705 inuuidiam

123 2730 223 2798 lautur,
246 2747 306 2786 enm
326 2741 372 2786 aut
394 2731 545 2786 desiderato
566 2732 627 2802 quis
641 2733 744 2801 potitur
763 2747 856 2804 regno,
870 2743 917 2789 aut
965 2746 1045 2803 quem
1056 2731 1165 2801 quidem
1178 2730 1340 2788 versiculum
1353 2738 1382 2792 et
1390 2731 1539 2791 recursuum
1549 2733 1756 2802 mnatoporian

122 2822 215 2893 eupito
226 2822 387 2901 sublimatur
402 2822 500 2892 aliquis
510 2823 670 2888 ministerio,
692 2831 746 2889 aut,
759 2835 916 2895 paupertate
965 2825 993 2881 id
1005 2824 1178 2894 esteorporis
1195 2821 1417 2888 attributionem,
1441 2835 1490 2890 per
1517 2833 1597 2885 ouem
1614 2820 1759 2881 locutionis

123 2910 227 2983 iugata,
242 2912 339 2981 aliquis
356 2912 445 2968 subito
456 2914 564 2981 ditatur,
579 2922 726 2985 antoptato
742 2915 839 2986 aliquis
852 2917 917 2974 irui-
965 2915 1074 2973 modum
1093 2915 1172 2973 rebus
1194 2912 1361 2983 incorporeis
1377 2926 1491 2981 corpora
1513 2913 1687 2980 tribuuntur·
1715 2914 1758 2971 di·

123 3012 169 3058 tur
179 3001 312 3074 conjugio,
330 3012 376 3058 aut
397 3004 495 3060 debilis
508 3006 606 3077 aliquis
617 3009 731 3063 amissos
746 3017 822 3064 artus
833 3024 862 3066 se
873 3025 917 3066 re·
966 3014 1039 3063 ctum
1050 3019 1110 3060 otte
1122 3010 1238 3069 moliti·
1252 3009 1280 3057 θῑ
1296 3017 1344 3072 bel
1356 3001 1542 3070 miiblwltb·
1561 3002 1588 3066 it
1601 3011 1652 3068 etl.
1665 3017 1758 3068 retulit

122 3094 227 3164 nepisse
241 3094 400 3163 gratulatur,
421 3103 468 3149 aut
487 3097 649 3152 criminosus
662 3098 760 3168 aliquis
774 3092 916 3157 honorabi-
929 3097 951 3159 C
965 3096 1161 3165 verboriuuque
1182 3093 1395 3158 translationem,
1421 3107 1472 3162 per
1490 3108 1572 3162 quam
1599 3092 1758 3166 plemmque

123 3184 177 3242 lein
190 3201 221 3240 se
230 3185 336 3255 gaudet,
351 3193 397 3239 aut
409 3186 506 3255 aliquis
518 3187 642 3257 ignobilis
654 3189 781 3256 nobilem,
793 3198 840 3244 aut
849 3190 917 3247 insi·
969 3201 985 3240 a
998 3187 1080 3247 rebus
1089 3185 1248 3245 animalibus
1259 3184 1293 3240 ad
1311 3183 1451 3250 animato.
1465 3184 1500 3245 ab
1513 3184 1702 3247 irianimallbus
1723 3185 1758 3242 ad

123 3275 203 3346 piens
221 3274 369 3342 sapientem
383 3289 411 3328 se
426 3281 510 3344 putat,
523 3283 551 3330 et
563 3277 652 3332 subito
669 3277 768 3332 amittit
789 3279 918 3349 evigilans
967 3275 1141 3343 inanimales.
1167 3277 1202 3338 ab
1220 3275 1412 3336 inanimalibus
1429 3275 1462 3330 ad
1476 3275 1607 3339 animales
1619 3276 1759 3334 translatio

123 3368 196 3436 qood
209 3365 371 3435 acquisierat
380 3366 526 3430 dormiens,
545 3375 574 3421 et
582 3366 722 3436 praetactis
740 3381 769 3423 se
782 3369 854 3424 dolet
864 3386 917 3425 uon
967 3368 1013 3435 on
1023 3384 1084 3439 quai
1096 3370 1155 3427 duat
1166 3368 1330 3429 locutionum
1344 3366 1436 3437 ligura
1447 3366 1485 3420 ita
1498 3366 1570 3429 inter
1580 3378 1611 3421 se
1622 3365 1758 3436 diiiemnt,

125 3456 217 3512 videre
228 3457 312 3511 oeulis
321 3472 382 3526 quae
390 3457 522 3526 gaudebat
531 3458 794 3514 ridereelausisisle
804 3459 917 3515 inlicitas
965 3456 1760 3530 quodmarebusincorporeiseorpora‚alteraetrebuseor·

125 3546 271 3616 impiomni
283 3547 360 3615 quasi
373 3560 421 3616 per
436 3547 571 3601 somnium
589 3547 786 3616 quodammodo
800 3548 916 3614 ridetur,
965 3550 1181 3620 pnreisrueuibra
1197 3557 1224 3605 et
1240 3556 1337 3610 motus,
1347 3556 1374 3605 et
1382 3547 1714 3616 incorporeisetmembra
1730 3556 1759 3605 et

125 3637 189 3706 quia
206 3643 267 3705 post
288 3634 421 3690 modicum
437 3643 542 3704 tempus
557 3651 610 3691 uon
632 3634 782 3701 ridebitur;
799 3643 827 3690 et
846 3635 917 3691 sieut
966 3647 1088 3698 motusot
1099 3636 1201 3695 turmas
1214 3636 1318 3692 tribuit.
1330 3635 1407 3692 llune
1419 3635 1704 3706 ‹leniqueveriiculum
1719 3645 1759 3711 te·

125 3726 284 3797 evigilantes
295 3741 326 3780 ea
339 3740 399 3795 quan
410 3725 498 3780 subito
518 3739 568 3795 per
588 3740 712 3779 somnum
734 3725 917 3795 inquisierant
966 3732 1082 3790 meraris
1093 3739 1121 3788 et
1135 3729 1284 3789 adulatorie
1298 3725 1561 3797 loannespresbyter
1576 3725 1760 3797 inparticipa·

126 3817 251 3888 otidum,
272 3817 312 3871 ⁸¹⁰
324 3816 469 3871 ῐῐῑθῐῑθῦῑθθ
488 3831 530 3880 0⁰.
542 3831 602 3886 tluae
621 3816 720 3871 babere
743 3816 915 3881 ridebantur,
966 3824 1038 3879 tione
1048 3821 1210 3880 venentius
1223 3835 1299 3890 papae
1309 3819 1430 3882 Adriani,
1449 3817 1588 3875 etTarasii
1602 3817 1759 3895 Constanti·

127 3907 275 3960 amittunt:
290 3905 417 3975 quoniam
432 3913 459 3959 et
482 3905 519 3959 illi
543 3905 709 3975 prestigium
733 3904 824 3960 laetitia
836 3919 917 3975 quam
966 3913 1111 3984 „putiani
1119 3908 1362 3981 episeopiprotulit,
1372 3909 1418 3979 qui
1426 3917 1515 3965 minen
1525 3908 1667 3981 presbyter
1675 3923 1759 3980 quan-

126 4001 280 4051 smmeutes
300 3993 371 4048 nanti
396 4003 467 4060 sunt,
493 3995 520 4048 iu
546 4002 682 4049 momento
707 4002 811 4060 carent,
832 4004 860 4050 et
872 3994 917 4050 isti
966 4019 1047 4074 quani
1062 4002 1194 4073 episeopis
1206 4001 1233 4061 iu
1245 4000 1338 4057 eadem
1351 3997 1453 4071 synodo
1476 3998 1656 4058 residentibus
1669 3999 1759 4059 minor

128 4097 206 4146 varta,
220 4089 248 4137 et
264 4091 293 4137 ut
308 4083 345 4141 ita
358 4083 483 4148 dixerim,
502 4083 590 4138 lumea
604 4085 694 4138 mundi
714 4082 809 4153 gaudia
823 4083 868 4141 diu
878 4091 918 4138 te-
965 4092 1046 4152 fuerit
1055 4093 1167 4157 lionam,
1179 4106 1232 4152 non
1246 4098 1335 4151 nmen
1346 4088 1444 4159 iegitur
1453 4086 1542 4143 minor
1556 4086 1640 4144 inisse
1650 4104 1755 4163 errore,

127 4188 194 4229 uere
211 4188 266 4230 noir
288 4173 442 4230 valenton
461 4189 575 4244 quorum
597 4174 748 4244 impietates
762 4188 838 4243 quasi
851 4188 918 4244 qua·
966 4182 1013 4253 qui
1033 4186 1088 4246 iste
1102 4180 1290 4252 precedebant
1303 4194 1365 4237 eum
1376 4179 1475 4250 gradus
1487 4176 1662 4246 sublimitate,
1678 4194 1758 4253 supe-

126 4263 190 4319 dam
209 4265 354 4321 severitate
378 4279 508 4320 antennis
523 4262 660 4334 Propheta
685 4262 823 4332 subjunxit
838 4278 846 4317 ε
863 4263 916 4317 llo-
966 4272 1096 4331 fanantur
1114 4281 1204 4331 nmen
1218 4272 1253 4335 qn
1274 4285 1307 4328 ω
1322 4269 1480 4340 murgiloqua
1495 4269 1679 4340 praescitam
1703 4283 1756 4328 nen
1779 4301 1784 4309 .

127 4357 207 4422 istinc,
225 4356 373 4410 incivitate
395 4365 440 4410 tuit
460 4357 599 4426 imaginem
621 4355 727 4409 illorum
750 4355 785 4408 ad
806 4354 917 4413 nibilum
967 4359 1759 4435 supergiipotuitapiatatissubiretustmemerarilsloquav

127 4447 229 4517 rediges
249 4447 336 4515 (brai.
358 4447 465 4517 ιιιιιιι),
490 4454 521 4502 ut
533 4447 656 4502 videlieet
668 4447 713 4517 qui
728 4447 755 4500 in
769 4461 798 4502 se
809 4447 848 4502 tui
859 4447 919 4502 eba·
933 4439 958 4503 b
970 4451 1108 4519 ciiiilius,
1121 4451 1167 4521 qui
1180 4450 1342 4521 subiectura
1354 4449 1757 4523 praiaiirruperanatnrpoati-

127 4538 242 4597 raeteris
254 4539 338 4594 meus
351 4539 428 4600 mulis
438 4540 563 4610 operibus
579 4539 796 4609 inquinaverunt,
809 4539 916 4596 illomm
969 4539 1092 4605 dealibus
1109 4539 1292 4612 dignitatibus.
1304 4537 1355 4611 Qui
1379 4538 1528 4614 presertim
1545 4537 1642 4610 duplet
1659 4539 1686 4597 ili
1708 4539 1759 4597 iias

127 4625 212 4683 lanies
222 4627 250 4682 in
263 4638 308 4683 tua
318 4630 427 4685 eisitato
438 4646 490 4683 nou
501 4630 651 4694 rideantur,
662 4631 688 4685 in
701 4643 753 4700 qua
765 4637 807 4685 est
815 4640 916 4686 aeterna
969 4637 1045 4699 parto
1054 4629 1172 4689 credun
1183 4639 1305 4700 patrasse
1323 4628 1488 4701 deliquium,
1515 4628 1572 4684 sire
1594 4629 1658 4701 quia
1675 4629 1758 4693 rerba

127 4716 258 4783 lelleitas,
273 4733 378 4773 summa
396 4719 549 4784 beatitudo,
562 4727 720 4788 perpetuum
734 4720 873 4790 gaudium
889 4720 916 4774 in
969 4719 1159 4789 mysteriorum
1167 4720 1272 4777 arcanis
1279 4718 1355 4789 piena
1362 4719 1396 4779 ab
1403 4718 1503 4795 Spiritu
1510 4727 1605 4777 saneto
1614 4716 1759 4799 prolatari

127 4807 206 4878 ailus
221 4807 328 4877 palatiis
346 4816 443 4878 regnat
465 4825 523 4874 rex,
537 4809 613 4879 eiius
626 4810 701 4880 regni
712 4825 765 4864 nou
778 4810 831 4870 erit
844 4809 915 4875 litiis,
969 4824 1013 4867 ros
1025 4810 1157 4873 humanas
1171 4808 1306 4872 interme
1327 4809 1401 4867 nisus
1416 4808 1452 4866 sit
1473 4805 1658 4878 superstitiosa
1672 4806 1760 4866 iuteo·

127 4914 204 4970 nnpus
221 4901 347 4970 subsellia
376 4901 590 4971 pmrlarebamm
616 4910 710 4957 senatu
734 4902 915 4971 resplendent,
969 4899 1043 4956 tione
1053 4898 1249 4959 adorandarum
1266 4898 1422 4969 imaginum,
1442 4897 1498 4958 sive
1514 4896 1576 4970 quia
1590 4895 1683 4953 eadem
1696 4908 1760 4973 pot·

128 4991 206 5062 nujus
217 4993 292 5048 euna
307 4981 497 5064 prophetarum
509 4993 600 5048 rutilat
614 4993 714 5057 cuneis,
729 4990 805 5060 eujus
817 4992 916 5047 moenia
969 5003 1047 5045 rersa
1060 4989 1209 5067 intentione
1225 4994 1376 5043 excaecatus
1389 4986 1415 5040 iu
1430 4984 1592 5041 adulationis
1607 4983 1760 5042 miserabile

129 5091 279 5153 martyrum
291 5099 433 5139 numerosa
447 5084 542 5139 militia
555 5090 731 5150 exornantur,
744 5080 821 5151 eujus
833 5090 917 5152 portae
969 5079 1103 5135 norruerit
1118 5077 1231 5133 vitium:
1247 5075 1320 5147 quod
1345 5074 1440 5130 vitium
1469 5065 1630 5131 adulationis
1650 5071 1759 5145 expavit

126 5173 284 5243 apmtoiieis
296 5176 457 5244 deaurantur
481 5174 610 5253 caetibus,
623 5172 699 5245 eujus
711 5174 806 5246 platea
819 5174 917 5229 redun-
969 5170 1161 5241 prophetarum
1176 5168 1220 5224 ille
1240 5167 1440 5233 nobilissimus,
1464 5164 1509 5238 qui
1527 5165 1616 5223 dixit:
1630 5163 1761 5253 Corripiet

129 5264 197 5325 dant
213 5264 341 5338 uirgineis
354 5266 452 5330 eboris,
477 5263 555 5335 ertjus
576 5265 709 5323 domicilia
733 5263 916 5322 noniessorum
969 5278 1010 5328 tlte
1019 5261 1109 5332 justat
1119 5259 1147 5314 in
1159 5258 1338 5316 misericordia
1352 5256 1524 5329 etinrrepubit
1539 5273 1590 5325 nie,
1613 5253 1699 5311 oleum
1713 5272 1757 5310 uu·

130 5355 210 5428 pirna
235 5365 297 5412 suut
322 5357 479 5428 legionibus,
506 5371 566 5427 quar
589 5371 641 5412 non
655 5356 756 5427 indiget
772 5354 837 5419 snio,
853 5353 916 5426 quia
970 5360 1020 5412 tear
1046 5349 1190 5425 uenatoria
1212 5366 1265 5411 aon
1284 5350 1427 5421 impinguet
1453 5357 1530 5418 caput
1548 5362 1634 5402 meunt
1662 5343 1758 5418 (urat

130 5446 262 5506 nonnas
276 5447 320 5507 lux
332 5445 390 5524 eius
404 5457 455 5518 nst.
467 5444 605 5524 per-eitius
615 5461 709 5505 omues
721 5447 795 5504 vicos
805 5445 920 5507 Alleluia
973 5441 1056 5517 etur).
1069 5441 1144 5505 llude
1154 5441 1223 5500 bene
1243 5442 1323 5497 etiam
1336 5448 1364 5496 et
1380 5439 1431 5494 alia
1449 5437 1588 5510 Scriptura
1608 5436 1692 5495 dicit:
1705 5433 1758 5491 lle-

133 5547 269 5606 unnim.
973 5533 1024 5597 it'tt
1035 5540 1072 5592 etl
1082 5542 1167 5590 nsunt
1179 5532 1343 5607 obiurgauit
1351 5530 1425 5602 lueto
1437 5545 1542 5601 quemn
1555 5535 1691 5602 peremne
1703 5523 1756 5581 lare
