3780 6120
60 305 118 392 ²7³.
155 300 235 360 COD.
255 299 344 357 utet.
364 329 400 342 -
417 298 566 369 BONUM„
588 300 678 368 stc,
699 300 766 358 suit
786 298 902 357 GODEX
921 298 1127 358 caueamus.
1146 332 1181 342 -
1199 300 1274 357 ute.
1296 300 1484 359 tentabis·
1502 304 1620 362 tteutt.
1656 306 1712 362 att

61 417 132 470 tiam
141 411 346 468 accommodata
355 410 600 478 deprehenduntnr.
609 410 739 479 Equidem
746 408 863 463 Bassania
876 412 901 469 Α
915 408 1045 472 lloruana,
1060 409 1135 478 cirins
1156 412 1278 467 meminit
1293 414 1349 467 laco
1365 413 1400 468 li'
1427 413 1534 485 (babb,
1549 414 1629 470 Cous.
1644 425 1709 474 tem.

62 485 139 541 laartd
154 481 288 538 ementior
309 482 365 555 (arr.
378 479 441 544 eat,
457 496 483 533 n.
499 482 544 547 971
567 496 618 550 qua
636 478 753 534 uouuibii
773 495 864 532 corru-

61 565 109 637 pta
124 568 192 618 esse,
209 560 233 606 et
253 550 384 622 aliquibus
402 551 579 620 superadditis
589 549 736 621 'depravatu
755 548 862 611 latetur,

63 639 121 679 rute
128 620 311 678 eumeruditis
322 622 408 677 nostri
419 621 468 675 :cri
481 621 575 676 eadem
587 623 657 676 inter
666 619 865 690 suppositiones

61 703 180 749 ceteras
200 690 308 759 reiicim
327 690 475 746 Adrianurn
498 701 588 745 tannen
614 706 629 743 a
650 690 717 744 laisa
738 690 865 759 opinione

63 764 186 828 uindice,
199 763 263 816 dnm
275 760 353 826 dcta,
373 762 450 830 queis
473 761 511 814 uti
535 771 592 817 tum
615 761 722 824 licebat,
741 768 864 814 secutum

61 849 126 890 esse
143 831 289 896 contendo,
309 847 364 886 uon
382 840 472 885 autem
491 831 547 885 indi
558 833 609 886 iem
631 838 723 884 natant
741 828 864 897 sequenti

60 904 167 961 seculo
173 901 347 957 detentionem
356 901 502 956 mendaciis
513 910 593 970 atque
604 901 713 969 ineptiis
725 898 862 954 relertam.

62 973 137 1028 Aute
151 987 195 1029 rue
204 975 257 1028 ltec
270 971 375 1026 uiderat
387 970 489 1026 Natalis
501 974 574 1041 (sec.
587 988 623 1035 rr,
639 972 705 1024 diss.
720 970 765 1034 att,
782 977 833 1023 art.
847 969 865 1022 2

60 1044 134 1114 etii)
158 1057 167 1097 x
189 1043 340 1112 reprobata
358 1041 429 1096 enim
448 1041 482 1094 ab
503 1057 533 1096 sc
549 1040 685 1096 donationi
710 1055 756 1094 seu
778 1040 866 1094 edicto

58 1111 120 1183 jam
134 1113 170 1168 ab
188 1110 316 1166 omnibns
335 1111 502 1165 conclamate
519 1110 656 1180 subjungit
674 1125 733 1181 qnae
751 1110 808 1180 ipse
828 1116 866 1162 at-

63 1192 141 1239 scote
163 1180 348 1237 considerauit
363 1195 371 1234 t
386 1180 503 1236 edictum
528 1182 593 1236 illud
618 1181 744 1234 nirnirnm
767 1180 866 1233 uidisse

63 1253 185 1324 primam
199 1251 286 1306 iucem
302 1251 329 1304 iu
347 1250 504 1306 collectione
518 1251 684 1315 isidoriana;
698 1248 757 1317 ejus
774 1249 865 1302 ntenri-

63 1324 142 1378 uisse
158 1321 336 1376 lliucmararu
351 1321 470 1375 emnium
488 1322 624 1391 primum;
642 1328 735 1388 postea
758 1335 791 1373 ex
812 1318 867 1372 lle-

64 1392 156 1447 ruanis
171 1390 348 1461 peutibcihus
362 1390 479 1445 Leonem
495 1391 541 1454 lll,
555 1405 635 1458 quem
651 1389 733 1442 luerit
746 1388 867 1441 imitatus

64 1461 168 1518 Petrus
182 1460 305 1515 Damiani
324 1460 351 1513 in
366 1459 559 1529 Disceptatieae
576 1458 696 1528 synodali
712 1458 780 1511 iuter
799 1457 866 1526 repis

65 1531 235 1587 adsecutum.
244 1540 269 1583 ct
281 1528 358 1583 Rom.
371 1527 445 1582 Ecci.
453 1528 627 1599 defensorem.
643 1529 763 1596 lienique
775 1526 867 1580 buscl-

64 1616 144 1657 mum
154 1600 307 1655 Lucensem
324 1607 353 1653 ct
370 1599 477 1654 lxoueur
495 1599 560 1652 iilnd
578 1597 729 1666 adoptasse,
751 1611 867 1665 qrrenrnr

66 1680 159 1725 tamen
171 1669 327 1724 auctoritati
340 1668 536 1740 praeferendum
545 1667 608 1736 jure
619 1675 696 1748 putat
709 1665 866 1735 pentilrcnrn

917 479 982 539 titt,
998 497 1024 551 p.
1038 481 1093 550 52).
1116 481 1182 536 Nam
1195 483 1221 535 in
1233 482 1298 537 Cori.
1314 484 1374 537 ilat.
1396 499 1470 537 num.
1491 483 1571 549 stis,
1598 487 1644 555 qui
1667 486 1710 541 in-

916 550 1045 605 scribitur
1058 551 1135 605 Liier
1146 554 1230 606 suncti
1248 552 1404 607 Celotrtbuni
1421 553 1453 606 de
1466 554 1556 621 liobio,
1572 571 1626 609 nen
1639 557 1711 611 nuda

916 627 1020 674 tantum
1036 622 1145 675 nenrina
1161 629 1190 675 nt
1206 623 1266 677 aliis
1279 624 1305 676 in
1318 623 1470 688 codicibus,
1492 626 1538 680 sed
1560 627 1624 695 ipsa
1644 642 1711 681 cou-

916 691 1071 745 stitntienes
1089 706 1272 747 recensentur.
1287 693 1324 746 lta
1339 694 1420 762 igitur
1437 696 1469 749 tle
1487 697 1644 764 pontilicum
1658 695 1712 751 llo-

916 775 1057 816 rnanornm
1081 761 1197 816 decretis
1223 763 1258 816 ud
1280 778 1337 817 rem
1366 773 1506 818 nostram:
1526 765 1677 821 ‹Silrcstcr
1696 782 1712 820 a

916 829 996 884 Pctre
1010 832 1164 900 trigesimus
1179 840 1291 901 quartus
1311 835 1484 904 congregatis
1509 835 1560 889 lli
1577 837 1713 907 episcopis

916 899 1033 969 capitula
1059 901 1131 955 ab.»
1156 903 1246 969 Quare
1267 920 1283 957 a
1304 919 1466 974 quiscunque
1480 913 1507 959 et
1521 909 1616 975 quetis
1640 917 1712 962 tetu-

915 986 982 1040 pore
1005 970 1129 1025 Silvestri
1153 976 1262 1028 decreta
1287 972 1391 1040 arljecta
1415 977 1469 1029 sint
1492 975 1648 1042 Cresconiu,
1665 976 1711 1046 qui

918 1041 1034 1109 septimo
1046 1050 1161 1095 exeunte
1180 1043 1278 1098 sacnlo
1299 1042 1421 1109 florebat,
1437 1059 1470 1099 ca
1485 1045 1552 1100 nilnl
1565 1047 1713 1102 aliurlsunt

916 1125 996 1179 quarn
1021 1112 1196 1166 constitutum
1220 1112 1294 1178 illud,
1321 1115 1393 1183 qued
1418 1130 1451 1169 cx
1475 1116 1551 1171 Actis
1573 1116 1712 1188 produxit,

916 1179 1082 1249 perindeque
1095 1189 1176 1250 atque
1189 1182 1234 1236 illa
1245 1197 1294 1253 per
1303 1193 1429 1237 cetarum
1442 1186 1569 1239 saeculum
1581 1188 1640 1241 usui
1652 1202 1712 1242 esse

916 1256 1036 1318 poterat;
1062 1253 1168 1305 tametsi
1190 1250 1247 1319 rjus
1267 1262 1425 1334 excerptum
1447 1254 1546 1324 ubique
1564 1255 1714 1311 adbibitunr

917 1320 1032 1384 rideant,
1059 1320 1152 1374 nnllibi
1165 1322 1243 1375 exiis
1257 1321 1435 1391 bbcapttibus
1457 1323 1540 1378 nllunt
1565 1326 1710 1379 inreuianr.

917 1388 1088 1458 erapreptcr
1105 1391 1139 1443 ad
1153 1406 1253 1443 nonum
1270 1391 1398 1445 smcnlnm
1411 1391 1511 1447 dilierri
1526 1395 1714 1463 oportereaie-

917 1458 979 1511 barn
989 1472 1130 1537 canrrncru,
1144 1460 1189 1528 qni
1202 1468 1242 1512 est
1251 1461 1334 1530 308
1345 1461 1465 1515 liornana
1479 1464 1602 1517 collectio
1611 1464 1709 1585 Brinta,

917 1542 1052 1596 qnernqne
1066 1528 1093 1580 iu
1106 1529 1216 1595 judiciis
1237 1539 1342 1584 tantum
1364 1545 1423 1584 csse
1447 1531 1595 1587 adhibitum
1633 1548 1665 1585 ee
1679 1533 1713 1586 tv

919 1605 1043 1661 testatur,
1071 1612 1156 1651 sacr-c
1182 1599 1354 1654 bibliothece
1380 1615 1430 1653 usu
1458 1601 1484 1654 in
1517 1601 1630 1670 reliquis
1660 1617 1714 1655 nen

919 1669 1052 1734 neglecto,
1070 1674 1099 1719 nt
1115 1668 1214 1736 passini
1228 1668 1289 1722 steri
1303 1676 1419 1723 constat.
1436 1668 1545 1737 lirjccta
1561 1671 1644 1745 igitur
1655 1672 1714 1725 col-

66 1739 180 1796 ddriaui
194 1738 335 1794 etNicolai
348 1739 367 1800 l,
387 1753 491 1793 necnon
505 1736 641 1792 Anastasri
652 1735 865 1799 bibliothecarii,
884 1735 1035 1813 „lectione
1059 1736 1180 1790 llernana
1203 1739 1237 1791 ab
1256 1749 1353 1792 ectaxe
1369 1740 1476 1802 seculo,
1493 1741 1559 1794 nibil
1581 1748 1622 1795 est
1644 1740 1716 1809 qnod

66 1819 95 1867 et
106 1807 269 1881 Liutprandi
280 1808 399 1880 episcopi
413 1808 603 1862 Cremonensis
615 1806 777 1860 altissimum
790 1805 822 1860 de
835 1820 868 1859 co

66 1879 218 1935 silentium.
232 1879 272 1934 lta
287 1880 362 1934 card.
387 1877 506 1941 Baronii,
522 1875 633 1932 loannis
645 1875 751 1938 blorini,
772 1890 804 1929 ac
818 1874 868 1928 Pc-

67 1949 104 2005 tri
115 1950 152 2005 de
165 1948 258 2004 llarca
269 1948 373 2003 leribns
386 1947 548 2016 conjecturis
561 1946 686 2015 explosis,
703 1946 753 2014 ipsi
765 1945 868 1999 lsirlore

68 2018 429 2143 ffisrestori,bpiaudcntibus
443 2018 528 2074 nestri
542 2018 592 2072 aeri
607 2016 731 2080 cruditis,
749 2015 868 2070 edictum

98 2091 134 2143 ud
147 2089 221 2143 ascri
243 2089 273 2143 it.

102 2157 198 2213 xxsst.
214 2158 252 2213 dt
261 2158 415 2229 quicunque
425 2157 484 2227 ejus
495 2165 589 2212 auctor
601 2157 645 2221 sit,
658 2156 793 2210 liemarus
803 2169 870 2223 pon-

69 2229 155 2284 tillces
166 2230 289 2284 sensisse
301 2228 447 2285 fallaciam.
462 2230 538 2282 testis
548 2237 590 2282 rst
604 2242 664 2282 sant
672 2236 713 2280 tns
724 2225 870 2293 Gregorius

69 2298 122 2362 lli,
139 2298 190 2369 qui
209 2298 300 2355 sancti
319 2298 418 2354 leonis
437 2298 472 2353 lb
489 2298 601 2351 nirniam
618 2297 803 2351 cre-lulitatcru
823 2307 870 2348 sus

919 1820 980 1859 earn
1001 1806 1027 1858 iu
1048 1804 1161 1859 Adriani
1185 1806 1283 1862 litteris
1300 1808 1484 1876 exquiramus.
1500 1810 1614 1864 Perinde
1626 1820 1667 1863 est
1681 1811 1716 1865 de

917 1875 1076 1929 isidorianis
1094 1876 1238 1940 rnercibnS,
1262 1892 1329 1946 quas
1345 1893 1416 1931 none
1434 1878 1532 1934 saecuto
1546 1879 1716 1934 circumferri

919 1953 1022 2014 ereptas
1034 1944 1133 1998 eruditi
1152 1945 1313 2015 intelligunt,
1330 1946 1461 2015 figlinam
1477 1955 1566 2003 tantcn
1584 1949 1715 2017 aurigae

920 2023 991 2078 rant,
1014 2022 1062 2068 ant
1084 2015 1208 2084 ignorare
1231 2016 1369 2070 sirnnlztnt.
1387 2017 1462 2071 Unus
1476 2017 1629 2072 blondellus
1645 2033 1716 2087 pene

920 2085 1009 2153 attigit
1029 2093 1168 2153 punctum,
1187 2086 1232 2139 ubi
1248 2085 1286 2139 ait
1306 2087 1505 2208 suppositiones
1517 2088 1576 2141 illas
1594 2088 1714 2142 l'raneo-

920 2152 1111 2208 Gernranicurn
1131 2163 1268 2209 auctorent
1289 2157 1353 2209 rcrle
1364 2172 1420 2211 cre.
1443 2157 1549 2211 Etenim
1561 2173 1594 2212 ex
1608 2173 1715 2212 surnnra

920 2225 1041 2278 orrruinnr
1056 2239 1148 2278 eartnn
1166 2225 1380 2306 suppositionum
1394 2235 1510 2290 constat,
1526 2228 1553 2281 in
1568 2227 1716 2299 prouinciis

921 2293 1048 2348 llerrrensi
1064 2301 1091 2348 ct
1105 2294 1257 2363 blegnntrna
1271 2302 1331 2365 prist
1347 2296 1472 2352 Ludorici
1491 2296 1532 2351 Pii
1553 2304 1716 2352 exauctora-

68 2371 156 2440 deque
170 2369 288 2435 babens,
308 2368 389 2423 edicti
413 2368 576 2422 anctoritate
597 2383 631 2421 uc
652 2366 736 2420 senrel
761 2364 870 2434 quidem
921 2364 1031 2424 tionem,
1048 2374 1075 2418 ct
1091 2379 1185 2434 poenas
1199 2365 1261 2419 inde
1273 2373 1381 2420 secutas
1392 2376 1487 2421 contra
1503 2367 1645 2439 episcopos
1657 2367 1715 2434 eius

70 2448 111 2493 sst
126 2454 205 2493 usus.
230 2438 346 2494 Occasio
366 2448 456 2493 tamen
479 2436 620 2507 multiplex
641 2452 674 2491 ee
697 2451 727 2490 se
749 2432 870 2489 terrendi
921 2435 1091 2503 aliorumque
1113 2435 1273 2489 delictorum
1297 2450 1358 2490 reos
1382 2446 1461 2492 natas
1484 2451 1554 2503 csse,
1578 2445 1606 2492 ct
1629 2437 1717 2492 sancti

70 2508 160 2564 ablata
175 2516 220 2564 est
232 2524 240 2563 ε
252 2517 281 2564 et
298 2525 359 2565 cnm
377 2508 513 2578 llispanice
535 2523 647 2576 regnnrn
669 2504 787 2574 antiquis
805 2519 870 2558 cou-
920 2503 1016 2559 lsidori
1037 2502 1203 2572 llispalcnsis
1218 2505 1369 2560 collectioni
1387 2507 1505 2576 optima,
1521 2523 1601 2577 quarn
1617 2507 1712 2577 llispa·

68 2578 260 2635 stitutienibus
275 2580 349 2633 beato
364 2578 443 2633 Petro
456 2586 480 2631 et
495 2588 592 2632 serurtre
607 2575 734 2629 bernonis
745 2573 872 2628 Ecclesia
922 2588 986 2628 nam
1013 2588 1152 2637 recantas,
1177 2574 1266 2645 inepte
1292 2575 1444 2643 arljttnctas.
1466 2576 1502 2630 At
1527 2580 1560 2631 tle
1584 2578 1617 2631 iis
1639 2578 1715 2644 alibi,

82 2664 135 2703 neu
160 2648 298 2705 Silvestre
316 2657 345 2704 et
366 2649 579 2710 successoribus)
605 2646 733 2700 traditum
749 2659 810 2699 csse
832 2644 872 2697 ait
922 2658 995 2698 nuuc
1009 2645 1042 2697 de
1058 2644 1123 2712 ipsis
1137 2643 1249 2698 Adriani
1262 2646 1383 2714 epistolis
1398 2647 1539 2701 dicendum
1553 2655 1604 2703 est.

90 2720 126 2773 ib.
142 2734 163 2783 r,
176 2734 222 2789 cp.
237 2720 254 2772 't
262 2737 270 2783 ;
282 2719 300 2775 1.
315 2733 405 2789 rr,op.
419 2718 483 2788 ibi:
500 2729 528 2772 et
541 2733 602 2772 cum
621 2715 739 2771 Oraocor
752 2713 872 2784 jadicem
958 2712 1041 2768 xxv.
1058 2714 1158 2768 Nerern
1169 2723 1197 2768 et
1212 2717 1388 2787 qnadraginta
1401 2717 1502 2771 eadem
1516 2726 1589 2782 sont,
1605 2732 1638 2771 ac
1652 2731 1716 2788 pro·

108 2788 260 2843 laritanum
278 2790 393 2849 mennit,
417 2796 446 2843 ut
468 2804 529 2843 cum
551 2787 663 2856 reliquis
682 2784 818 2854 jndicibus
838 2783 873 2837 de
922 2782 984 2838 iude
998 2784 1110 2839 tetidem
1122 2783 1178 2838 lere
1189 2793 1271 2854 atque
1284 2785 1414 2856 iliaqrras
1428 2788 1575 2856 lrncusqnc
1588 2787 1715 2843 ridirnns.

69 2856 136 2912 lare
149 2858 240 2913 structi
259 2858 332 2912 Petri
350 2860 377 2913 in
397 2858 522 2913 Sardinia
542 2857 699 2912 conxenirct
719 2856 776 2922 (lib.
792 2870 812 2918 r,
827 2869 870 2924 ep.
923 2853 1014 2925 Longe
1026 2863 1118 2909 antem
1131 2854 1164 2909 iis
1176 2864 1315 2926 praestant,
1337 2856 1400 2926 qnia
1420 2857 1528 2927 scriptxc
1545 2872 1640 2913 omnes
1656 2865 1719 2927 post

69 2926 133 2998 li);
157 2937 188 2983 et
200 2944 264 2983 curn
279 2928 368 2983 insola
383 2928 493 2984 Corsica
507 2944 541 2982 cx
556 2928 709 2982 invasorum
724 2925 873 2980 saracene
923 2925 1044 3049 [rituum
1066 2924 1154 2980 Caroli
1168 2927 1312 2981 adrentum
1326 2927 1352 2982 in
1367 2926 1471 2981 ltaliam
1487 2929 1603 2998 indeque
1616 2927 1718 2997 ejectos

71 3012 132 3052 rum
154 2999 284 3053 manibus
306 3006 408 3068 erepta,
431 3016 464 3053 eo
485 2999 613 3053 Pisanum
639 2995 871 3069 arciriepiscepnm
947 2994 1126 3065 angebardos.
1145 2994 1279 3051 Praeterea
1295 2998 1363 3052 datar
1377 3012 1472 3052 errrncs
1484 3006 1547 3052 surrt
1561 2998 1720 3069 pustcccie·

71 3068 157 3133 misit,
177 3078 208 3123 ut
223 3068 297 3122 illam
313 3080 418 3139 regeret
430 3069 488 3139 (lib.
503 3084 527 3132 r,
542 3081 586 3138 ep.
600 3066 639 3138 l).
660 3066 701 3122 tt
715 3065 870 3135 liispaniam
885 3088 907 3147 (s
923 3066 1062 3120 siasticanr
1086 3066 1218 3121 ditionem
1233 3067 1268 3120 ab
1279 3080 1312 3121 ee
1329 3067 1383 3122 late
1406 3068 1598 3138 amplificatam
1622 3069 1718 3123 eadem

70 3140 250 3209 mtcmqncm
261 3139 368 3204 attinet,
381 3139 511 3193 baronius
522 3146 615 3192 emicet
626 3136 682 3209 (an.
698 3136 759 3200 tut,
772 3150 799 3189 n.
828 3135 871 3207 td)
897 3128 907 3149 ¹
924 3137 1068 3191 occasione
1089 3135 1168 3206 primi
1185 3136 1226 3190 sni
1248 3137 1391 3204 adrentus,
1416 3153 1487 3193 anne
1510 3138 1636 3194 uidelicet
1654 3138 1717 3204 771,

70 3216 136 3263 aute
148 3209 319 3264 iurssieuem
332 3209 411 3264 beate
424 3208 505 3264 l‘ctro
518 3209 583 3264 illud
597 3221 626 3261 re
646 3222 708 3260 num
723 3221 783 3260 esc
799 3204 873 3259 ebla-
923 3205 1034 3262 incunte
1051 3222 1144 3261 mense
1159 3206 1254 3277 Aprili,
1272 3223 1333 3262 cum
1346 3209 1544 3264 solemnitatem
1559 3208 1718 3264 Pasclralenr

70 3288 130 3333 taut
148 3280 186 3335 ab
204 3279 296 3351 alique
315 3293 350 3333 ex
372 3279 424 3350 piis
447 3280 555 3349 regibus
572 3225 652 3348 303
674 3276 779 3339 Getlris,
801 3273 872 3344 qnod
922 3277 1062 3401 piissimus
1085 3291 1132 3331 rex
1156 3278 1302 3332 celebrarit
1332 3278 1434 3333 llorere.
1465 3278 1645 3345 Quamobrem
1669 3279 1717 3349 qui

70 3364 208 3419 mquam
234 3363 286 3420 ego
315 3350 442 3420 reperio;
469 3358 498 3404 at
522 3351 699 3417 urnlecnnque
726 3346 873 3416 Gregorius
934 3347 1651 3430 arcusqueperspeximusdonationemPippinianam,
1665 3350 1719 3404 lio-

69 3419 200 3474 rretitiaru
230 3419 371 3484 lrauserit,
399 3435 509 3475 censum
535 3418 721 3474 tantummodo
743 3415 871 3485 exquirit,
924 3432 1011 3473 marnae
1028 3419 1174 3489 proxincue
1190 3433 1236 3472 scu
1256 3420 1518 3487 :tritiquiorisanctc
1536 3419 1609 3473 sedis
1622 3418 1718 3475 ditioni

68 3488 321 3559 quedeblationem
333 3505 387 3544 nen
398 3490 570 3545 certationem
582 3488 637 3543 desi
659 3494 715 3541 nat.
729 3487 766 3540 lic
777 3486 873 3541 insulis
923 3486 1088 3554 adjrtnctam,
1108 3490 1156 3543 sed
1175 3504 1311 3557 nunqnam
1327 3489 1431 3561 integre
1445 3491 1479 3544 ab
1498 3503 1529 3543 ea
1549 3503 1712 3560 possessam,

70 3558 294 3624 rereSardiuia,
309 3569 337 3614 ct
348 3559 470 3623 Corsica,
492 3575 560 3630 quas
573 3503 706 3613 Carobinae
720 3557 873 3611 donationis
923 3557 988 3625 quin
1021 3557 1104 3612 etiam
1135 3559 1212 3614 noxis
1240 3574 1311 3628 stirpe
1340 3559 1525 3616 invasionibus
1551 3560 1716 3626 obnoxiam,

69 3636 179 3698 partem
190 3644 253 3684 esse
267 3645 321 3684 uon
337 3643 359 3683 e.
371 3645 398 3685 ta
413 3630 523 3694 latebat,
538 3645 552 3683 a
568 3628 703 3684 Ludexico
717 3625 773 3691 Pio,
794 3626 872 3682 Otto·
923 3636 1050 3696 nrctnque
1063 3626 1119 3682 lere
1133 3636 1333 3698 perpetuorum
1348 3630 1444 3699 ipsam,
1467 3639 1523 3685 tum
1537 3631 1717 3700 antiquiorem

68 3698 166 3763 tribuis,
186 3708 215 3754 ct
228 3700 345 3756 ilenrico
364 3699 374 3754 l
393 3699 558 3755 coadunatae
577 3699 709 3768 loquitur,
726 3706 756 3751 ut
779 3712 872 3753 catum
923 3698 1063 3763 ditionem,
1090 3712 1123 3752 ne
1136 3699 1203 3752 urbe
1216 3699 1324 3767 quidem
1339 3710 1464 3772 excepta,
1489 3702 1629 3770 agitatam,
1651 3716 1717 3755 cou-

68 3770 209 3824 demiuus.
231 3768 383 3840 Siquando
403 3780 493 3824 autern
513 3769 636 3824 Sitresni
655 3768 730 3822 dctis
752 3767 871 3832 inlraesit,
923 3769 1005 3821 traria
1019 3768 1062 3821 lris
1073 3767 1201 3836 deinceps
1215 3769 1297 3822 visuri
1311 3783 1415 3823 sarnus.
1427 3771 1596 3825 Exarcbatus
1607 3778 1634 3823 ct
1645 3770 1718 3824 Pen-

69 3847 103 3893 ιιι
122 3838 271 3894 ddriauunr
295 3839 391 3895 iecisse
411 3840 539 3905 xialinurs',
559 3849 606 3894 aut
630 3840 712 3893 etiarn
736 3838 872 3892 donationi
923 3837 1029 3907 tapolis,
1042 3836 1265 3905 scul'ippinianxc
1282 3838 1434 3894 donationis
1448 3842 1583 3908 possessio
1600 3839 1717 3909 integra,

68 3924 135 3979 quae
148 3925 199 3964 suo
211 3925 270 3965 :ero
281 3908 292 3979 j
303 3927 338 3964 rur
354 3911 506 3965 adoleverat
519 3909 599 3978 lnrjus
614 3908 747 3963 fallaciam
765 3908 851 3963 tenuit
863 3924 870 3973 ;
922 3922 1075 3978 quanquam
1087 3906 1252 3961 liarenuatis
1262 3909 1458 3979 ar·rlricpiscopi
1471 3911 1548 3963 arnlar
1558 3910 1582 3963 ia
1596 3909 1717 3977 aliqnan-

68 3994 158 4049 qtrarc
167 3980 348 4035 Constantino
361 3979 485 4047 arljnnxit
495 3980 630 4039 Garoltrnr,
647 3990 813 4047 caeteresque
826 3977 874 4032 be-
922 3979 968 4032 diu
983 3978 1101 4040 turbata,
1114 3978 1141 4031 in
1151 3977 1263 4032 Adriani
1281 3979 1403 4047 epistolis
1419 3980 1606 4050 perspicietur.
1620 3979 1718 4034 Tuscia

69 4064 107 4105 ee
130 4051 163 4105 de
182 4051 303 4105 Ecclesia
323 4051 444 4105 meritos.
470 4052 498 4106 ld
520 4048 668 4104 luculenter
689 4048 819 4103 discimus
839 4062 872 4101 ex
922 4046 1204 4118 Langnlrardica‚quac
1217 4048 1346 4102 llomanxe
1358 4065 1405 4103 scu
1417 4050 1608 4120 ritrcatusparti
1620 4050 1719 4104 Trans-

63 4116 227 4189 juramente
248 4123 320 4190 quod
337 4121 452 4176 lleurice
467 4120 608 4191 proposuit
628 4119 687 4189 (lib.
704 4133 741 4182 tx,
756 4126 816 4187 post
828 4132 870 4187 ep.
923 4119 1045 4174 tiberinae
1062 4117 1187 4186 rtrijnncta
1201 4134 1263 4173 cant
1290 4119 1399 4174 coniicit
1414 4121 1580 4191 proxinciam
1593 4136 1654 4189 qum
1666 4120 1716 4173 iro-

66 4189 98 4271 d)
123 4199 153 4244 ut
182 4192 429 4246 reconciliationem
452 4197 669 4262 pronrcrcreturt
684 4189 742 4241 «be
764 4189 873 4242 ordina·
922 4189 967 4244 die
979 4190 1055 4244 audit
1067 4188 1272 4255 Patrirnenium,
1288 4189 1387 4244 ibidem
1403 4199 1541 4261 conperta
1558 4191 1621 4244 crit.
1633 4190 1715 4245 Cisti-

67 4268 147 4314 troue
160 4275 227 4316 rere
243 4260 437 4327 Ecclesiarnrn,
458 4271 484 4316 et
504 4263 536 4315 de
554 4260 635 4314 terris
649 4259 689 4311 rel
710 4274 792 4311 censu
812 4274 873 4327 qum
922 4259 1018 4315 berino
1041 4260 1150 4315 ducatui
1170 4260 1334 4314 territorium
1359 4260 1507 4317 Sabincnse
1528 4270 1556 4316 et
1575 4260 1715 4316 Beneuen·

64 4330 266 4386 coe-antinus
284 4328 871 4402 imperaterxcharolnssanctel‘etreinon
922 4330 978 4384 tani
1003 4331 1117 4384 ducatus
1142 4331 1267 4386 civitates
1295 4347 1341 4385 sex
1368 4331 1396 4385 in
1424 4331 1570 4402 Garrrpania
1598 4329 1718 4399 adjectas

66 4400 216 4471 Silvestre)
231 4402 371 4465 dederrnrt,
388 4411 415 4457 et
428 4402 461 4457 de
474 4401 599 4455 erunibus
617 4399 740 4453 ecclesiis
751 4399 792 4453 tel
804 4416 872 4468 prc-
923 4408 1058 4455 testantur
1071 4400 1170 4455 candem
1188 4400 1318 4471 epistotae.
1335 4400 1510 4472 Spoletannm
1529 4401 1645 4472 denique
1664 4400 1715 4464 dte

67 4470 124 4527 dis
136 4486 199 4542 quac
212 4472 369 4540 apostolicas
383 4473 440 4527 serii
460 4473 494 4526 ab
511 4471 647 4540 aliquibus
668 4469 736 4525 rixis
755 4469 796 4524 rcl
815 4485 871 4524 nru·
887 4444 1012 4525 Dcuturn
1040 4469 1141 4525 lactum
1160 4471 1335 4525 tributarium
1358 4473 1444 4527 sancti
1465 4472 1538 4528 Petri
1554 4489 1586 4527 ex
1605 4471 1717 4526 adriani

67 4540 186 4597 lietibus
208 4543 301 4613 aliquo
324 4551 445 4612 ternpore
466 4550 528 4596 suut
546 4541 645 4605 oblata,
665 4548 744 4593 etex
779 4539 813 4592 dt
839 4541 872 4593 dc
922 4539 1021 4594 litteris
1031 4540 1205 4610 accipiemus.
1218 4542 1316 4597 iudicia
1331 4543 1412 4597 etiam
1427 4543 1553 4597 nonnulla
1564 4550 1716 4613 suppetent,

68 4612 217 4667 wdone
231 4629 313 4683 quarn
329 4613 514 4682 imprudenter
528 4610 671 4679 conjicitur
686 4610 798 4665 Adriani
814 4625 872 4664 aare
921 4611 981 4680 pari
1002 4621 1075 4665 sorte
1095 4627 1174 4666 usum
1188 4628 1249 4667 csse
1260 4613 1387 4667 ducatum
1403 4612 1517 4679 Tuscia,
1532 4630 1613 4684 quarn
1627 4612 1719 4690 eppei-

68 4683 233 4745 ttttersisse‚
260 4697 378 4753 cumque
400 4698 433 4737 ac
453 4696 624 4737 successores
641 4681 780 4748 aruplexes
798 4681 871 4734 iliam
922 4683 978 4735 lant
993 4682 1120 4750 regalem.
1140 4681 1186 4736 Eae
1200 4697 1264 4736 tere
1279 4683 1406 4748 ditiones,
1421 4699 1484 4739 cum
1500 4685 1643 4739 undecimo
1658 4697 1716 4750 Jam

69 4766 141 4815 esse,
151 4752 285 4820 jamsatis
295 4756 389 4808 matta.
405 4752 511 4808 Etenim
522 4752 663 4806 dicendum
675 4750 775 4820 aliquid
787 4758 874 4805 restat
922 4749 1059 4805 sectileiu
1084 4759 1217 4821 potestate
1246 4752 1303 4807 iere
1328 4767 1423 4808 omnes
1446 4762 1538 4809 esseut
1561 4751 1718 4823 apostoliea·

70 4823 105 4877 dc
119 4822 206 4878 abero
225 4822 357 4880 deutrum
379 4822 444 4889 leto,
465 4837 513 4877 sen
534 4822 693 4885 cerasumto,
716 4821 787 4890 qnod
811 4821 873 4874 inde
922 4820 1003 4883 scriis,
1014 4831 1119 4944 ¹practer
1133 4823 1238 4878 Tusciae
1254 4824 1390 4886 ducatum,
1407 4837 1441 4878 ne
1466 4832 1522 4878 tarn
1538 4824 1650 4893 arrtiquo
1665 4824 1719 4876 ltac-

71 4892 157 4949 suuito
177 4900 242 4947 ante
261 4893 433 4948 donationem
449 4908 496 4948 sen
516 4893 634 4946 edietum
654 4890 829 4961 produxerat,
845 4896 873 4943 ct
922 4899 1000 4946 terant
1026 4894 1199 4956 nndarnento,
1212 4909 1244 4946 ac
1257 4893 1371 4961 preinde
1385 4892 1420 4947 sit
1431 4893 1508 4949 nefas
1519 4894 1627 4951 casdem
1638 4894 1720 4947 attiu-

73 4962 150 5032 rujrrs
168 4964 319 5019 arroteritae
333 4980 431 5035 magna
446 4971 506 5019 erat
523 4962 624 5025 lionae,
638 4970 668 5015 ct
682 4962 708 5015 in
723 4962 872 5032 Anglirana
922 4976 997 5033 gere,
1021 4978 1066 5016 ars
1085 4978 1175 5028 emnrs
1195 4969 1343 5031 omnesque
1362 4963 1503 5018 industria
1524 4963 1600 5018 uerri
1617 4976 1716 5016 auen-

72 5030 204 5097 Ecclesia,
221 5042 251 5089 ut
264 5042 339 5105 patet
352 5049 385 5090 ex
398 5035 476 5089 libris
488 5032 723 5088 Poerritentialibus
736 5033 770 5086 ab
783 5040 873 5087 extre·
922 5030 1003 5088 trullis
1013 5033 1183 5096 adhibentur,
1196 5040 1225 5087 nt
1234 5034 1436 5087 fundamentum
1448 5034 1455 5086 i
1490 5049 1545 5098 arn,
1556 5031 1719 5104 querl309

75 5105 506 5174 commutabo-testacearios.
923 5102 1047 5156 demoliri
1073 5113 1224 5172 ucqncuut,
1251 5102 1423 5157 labefactent.
1472 5107 1488 5158 ri
1515 5104 1542 5158 id
1563 5101 1718 5173 epistolaris

109 5173 205 5229 xxiv.
218 5174 376 5243 llnjusrnurli
395 5176 571 5230 constitutum
585 5180 662 5243 putat
672 5171 803 5226 liarunins
815 5170 870 5244 (an.
922 5172 989 5227 ertio
1015 5181 1155 5241 comparat
1171 5173 1326 5229 ntcclrinanr
1342 5173 1457 5227 maxime
1472 5174 1714 5233 accommodatam,

75 5243 176 5310 mu.
192 5245 254 5317 lid)
269 5247 359 5316 priano
371 5247 474 5301 editum
487 5246 514 5300 in
528 5244 615 5299 veteri
625 5243 805 5298 Cresceniana
817 5242 874 5297 col·
922 5243 992 5312 siqui
1003 5243 1055 5296 iem
1070 5252 1227 5313 perpetuum
1240 5243 1422 5313 chronologiae
1445 5243 1583 5299 silentium
1602 5244 1636 5296 ad
1657 5238 1716 5294 eei-

76 5312 210 5381 leetioue;
238 5332 302 5371 com
323 5326 413 5371 arttcnr
437 5332 470 5370 eo
488 5315 596 5370 rrrrurine
612 5314 701 5369 donati
716 5313 770 5368 sint
783 5312 873 5383 plnres
922 5312 1032 5368 lectoris
1046 5313 1179 5369 incuriam
1191 5314 1304 5370 accedit.
1319 5312 1446 5383 Adeoque
1455 5313 1631 5383 praeferendis
1643 5319 1719 5380 post-

75 5385 192 5452 oedices,
205 5388 252 5457 qui
265 5386 389 5457 Gregorii
406 5387 488 5441 etiarn
502 5384 524 5439 li
547 5385 754 5441 constitutiones
771 5398 872 5454 prasc-
922 5384 1106 5453 ponendisque
1129 5385 1261 5457 epistulis,
1283 5385 1318 5439 ad
1337 5393 1459 5453 optatum
1481 5384 1562 5439 tinem
1579 5380 1717 5453 perreuiri

75 5452 175 5523 Ιιπιιιι,
190 5472 279 5527 neque
298 5458 344 5512 ilic
359 5466 467 5512 atatem
482 5456 634 5512 collectioni
648 5454 807 5525 praescribit,
822 5469 873 5509 nc·
922 5461 1020 5523 petest.

76 5540 126 5597 ῃ
136 5528 184 5583 ulli
198 5529 340 5583 bertricum
359 5527 529 5582 statuendam
548 5541 608 5582 esse
627 5540 652 5579 ar
661 5525 746 5578 bitror
760 5524 785 5578 in
798 5531 873 5578 tanta
958 5524 1053 5578 xxti.
1074 5523 1148 5579 lianc
1162 5539 1219 5579 rem
1234 5539 1290 5592 proc
1300 5524 1361 5578 aliis
1373 5522 1470 5579 icisse
1480 5522 1650 5578 Annalistam
1664 5520 1718 5576 lta·

75 5608 163 5653 teram
177 5598 232 5655 esti
250 5599 305 5653 ine.
322 5597 411 5653 Unum
425 5599 451 5653 id
466 5606 542 5653 certe
553 5596 664 5660 scimus,
681 5597 753 5649 inter
766 5596 874 5664 regrrlas
923 5595 978 5648 lurn
994 5594 1083 5665 (lom.
1097 5594 1140 5660 tv,
1161 5609 1224 5649 ann.
1247 5594 1299 5648 775
1319 5594 1408 5668 seqq.)
1427 5609 1506 5649 tremo
1524 5596 1646 5665 ignerat:
1662 5592 1717 5648 ua·

25 5730 30 5743 ¹
74 5670 218 5738 mium
244 5672 419 5726 tertianorum
432 5668 528 5737 rigirrti
546 5666 636 5738 capita
652 5662 710 5732 ejus
732 5665 872 5720 constituti
924 5665 1012 5720 tolum
1027 5665 1126 5735 qnippe
1147 5664 1287 5733 promissis
1311 5679 1365 5719 nen
1385 5665 1493 5720 stetisse
1505 5680 1625 5736 unquam
1639 5661 1716 5733 ejus-

75 5739 455 5813 su'nuraiecumexaupassc
475 5739 621 5797 incarroac
642 5751 690 5793 seu
713 5735 874 5794 collectione
924 5736 997 5793 medi
1017 5743 1078 5797 arte
1100 5734 1303 5798 demonstrarit.
1317 5733 1385 5791 Gara
1398 5750 1463 5794 rere
1476 5751 1557 5809 quem
1570 5735 1622 5795 sibi
1633 5734 1721 5805 duem,
