3780 6120
591 274 682 332 trent
700 267 873 330 ctttotldt.
891 294 928 307 -
946 259 1214 319 redimentibus.

80 448 102 492 ξ
111 408 1717 489 w

389 573 675 695 nunni
704 558 1052 687 canoni
1077 560 1402 726 mseras

791 784 1029 844 intensionis

655 939 1158 1102 SCRIPTA.

263 1230 502 1315 SEOTIO
541 1222 1139 1304 sesenna-antem
1180 1220 1526 1302 OAROLINI.

722 1395 1081 1422 ⁶¹⁶*—

699 1509 1096 1592 rhotbeottbiln.

337 1723 578 1788 binominis
598 1720 789 1788 concute
810 1720 1187 1788 relucebonoibnst
1206 1721 1484 1787 Dissertatio.

121 1929 141 1984 Ι.
165 1927 245 1981 Anno
261 1923 448 1992 Redemptoris
456 1924 695 1994 septingentesimo
704 1921 916 1990 nonagesimoA
965 1918 1008 1975 ill.
1023 1917 1170 1989 Eiipnndes
1190 1920 1294 2000 sarapte·
1305 1918 1424 2000 interestne
1444 1931 1599 2040 propeque.
1611 1919 1728 1990 -poni

82 2005 193 2068 quarto,
209 1995 355 2050 indictione
369 1995 496 2055 seenmla
513 1992 711 2048 Franeolordiae
724 1993 751 2046 in
767 1991 881 2046 Germa·
931 1990 1158 2060 ainpliuslrorar
1172 1995 1213 2043 est
1223 2003 1311 2042 onrms
1328 1995 1467 2056 iniquitas,
1485 1997 1624 2058 mutoque
1642 1988 1729 2074 magis

83 2070 132 2123 nia
150 2071 342 2136 congregatum
354 2071 397 2117 cst
418 2063 577 2126 concilium,
593 2062 710 2132 quodob
731 2061 882 2116 numerosi·
931 2059 1092 2116 insatiabilis
1111 2059 1231 2122 haeresis,
1257 2064 1287 2111 nt
1305 2065 1368 2127 pote
1389 2071 1450 2127 qrroe
1465 2060 1664 2116 anlcntieribus
1686 2072 1729 2118 nt.

85 2146 171 2191 tatem
186 2136 382 2204 episcoporum,
396 2135 621 2202 praesentiamque
634 2131 792 2201 apostolicae
810 2131 883 2186 sedis
932 2130 1001 2186 lerni
1014 2130 1150 2186 caloribus
1163 2135 1268 2191 aestuet,
1283 2136 1313 2182 ut
1332 2129 1479 2183 secundum
1501 2127 1566 2184 iliud
1589 2132 1730 2201 propheti.

85 2207 248 2276 legatorum,
258 2204 407 2275 picrrarinm
419 2202 738 2272 reperiturnominatum.
753 2200 793 2254 Er
807 2199 882 2255 ltalia
932 2216 994 2256 cnm
1007 2217 1013 2254 :
1028 2198 1180 2254 absorbebit
1191 2199 1310 2269 deuiam,
1329 2207 1353 2251 et
1372 2213 1424 2252 non
1437 2198 1585 2264 mirabitur,
1603 2201 1730 2271 fiduciam

85 2291 215 2345 namque,
233 2274 320 2330 Gallia
338 2282 419 2342 atipne
431 2272 575 2328 Germania
590 2272 753 2341 trequentes,
774 2272 883 2326 circiter
932 2271 1029 2325 habens
1040 2278 1069 2323 ut
1083 2269 1178 2339 indunt
1197 2269 1224 2322 in
1242 2283 1270 2349 oa
1291 2268 1349 2338 ejus
1369 2267 1578 2350 Jordaniaiiob
1590 2272 1647 2340 nu).
1664 2271 1730 2330 Pei-

86 2345 202 2402 trecenti
216 2357 328 2399 numero
338 2344 456 2411 episcopi
468 2357 628 2407 convenere,
642 2341 713 2411 quod
725 2341 815 2410 magni
827 2355 884 2396 mo·
932 2341 995 2395 inde
1008 2354 1040 2395 ae
1062 2340 1085 2394 si
1108 2344 1264 2408 perangusti
1290 2347 1381 2393 essent
1405 2344 1512 2392 termini
1536 2338 1729 2400 latissimarum

86 2417 174 2470 menti
196 2426 277 2469 causa
291 2414 318 2468 id
338 2413 505 2481 postularet:
520 2413 653 2481 siqnidem
673 2413 706 2467 de
718 2411 770 2467 lide
786 2410 882 2467 catbo-
934 2410 1123 2480 Hispaniarum
1137 2410 1171 2463 ud
1184 2409 1350 2463 zizaniorum
1364 2415 1521 2472 sementem,
1536 2408 1647 2478 Gallias,
1661 2413 1731 2470 Ger-

86 2486 140 2540 iica
180 2486 274 2539 uastio
304 2490 463 2546 verteretur,
487 2482 648 2552 disputando
699 2488 825 2537 deesset
850 2482 884 2536 de
933 2482 1091 2551 nraniasqoe
1104 2480 1208 2534 laborat
1220 2479 1274 2534 illis
1287 2480 1408 2547 implere,
1429 2492 1612 2549 spargensque
1623 2496 1673 2552 per
1684 2484 1731 2540 lit.

86 2555 149 2610 Filii
194 2555 218 2609 ei
242 2553 434 2608 incarnationis
450 2553 504 2609 alto
528 2553 667 2623 mysterio.
712 2566 757 2606 nin
780 2550 884 2607 seilicet
934 2559 1006 2607 teras
1016 2565 1129 2620 pravum
1143 2564 1244 2614 semen,
1256 2564 1375 2618 cousque
1387 2564 1557 2619 progressus,
1571 2560 1600 2606 nt
1611 2552 1731 2623 ipsorum

86 2625 160 2680 idern
175 2624 223 2678 liei
235 2623 328 2685 Filius,
340 2623 486 2678 seeundum
499 2631 665 2692 assumptam
677 2623 881 2685 humanitatem,
934 2636 1025 2690 regem
1038 2621 1309 2684 christianissimum,
1331 2624 1426 2674 turrim
1444 2621 1654 2678 munitissimam
1669 2624 1731 2683 ddei

87 2694 220 2750 dicendus
231 2700 303 2749 esset
318 2693 401 2748 lilius
415 2693 462 2747 [tei
476 2694 618 2762 adoptivus
636 2708 670 2748 an
685 2693 819 2775 proprius.
839 2691 885 2746 ti·
933 2690 1101 2755 orthodoxae,
1118 2691 1233 2745 insuam
1247 2691 1418 2755 sententiam,
1435 2691 1457 2746 si
1473 2700 1573 2760 posset,
1586 2704 1733 2753 conaretur

86 2771 134 2819 oet
147 2765 219 2817 enim
230 2770 323 2818 sancta
336 2764 383 2818 liei
395 2762 515 2818 Ecclesia
528 2763 671 2829 catholiea,
689 2762 757 2816 nihii
769 2764 840 2831 quod
852 2762 885 2817 de
935 2761 1069 2818 adducere
1083 2760 1208 2817 Carnium
1227 2760 1363 2832 Magnum,
1389 2761 1511 2816 scribens
1532 2762 1566 2817 ad
1589 2778 1650 2819 enin
1674 2767 1733 2837 cpl-

87 2834 133 2889 his
155 2832 196 2888 rei
217 2833 312 2888 leviter
322 2832 458 2887 dubitaret
482 2834 602 2897 baberet,
627 2839 739 2904 utpote
761 2833 833 2902 qnod
856 2832 885 2886 in
935 2832 1033 2888 stolam
1044 2841 1148 2887 veneno
1161 2831 1296 2895 refertam,
1311 2832 1357 2887 sed
1371 2842 1460 2887 tannen
1475 2830 1512 2886 ita
1530 2832 1610 2888 melle
1627 2835 1732 2892 delibu-

87 2903 204 2958 eoneilio
227 2904 394 2958 muriienieo
414 2904 549 2971 Ephesino
590 2904 637 2958 nid
662 2901 749 2959 dehis
764 2901 884 2958 sentien-
936 2911 1002 2968 tam,
1016 2910 1046 2957 nt
1067 2902 1133 2957 nihil
1146 2903 1285 2957 continere
1309 2903 1446 2958 rideretur
1466 2903 1638 2959 amarulenti.
1663 2905 1733 2963 Cum

87 2974 154 3028 dum
173 2981 253 3037 esset,
267 2972 361 3028 luisset
373 2973 528 3042 plenissime
548 2919 697 3038 de‘itrritum,
716 2987 778 3027 cum
793 2972 886 3029 lieste
936 2973 1008 3030 enirn
1020 2973 1107 3044 ipsum
1121 2974 1211 3028 desua
1231 2973 1364 3028 sententia
1379 2973 1503 3028 rerlrlcret
1523 2976 1678 3042 certiorem,
1695 2977 1735 3033 si-

87 3042 161 3097 riurn
184 3044 398 3107 corrdemnasset,
422 3044 489 3098 dnos
507 3043 576 3099 lilios
593 3043 640 3099 liei
658 3044 884 3109 introducentem,
936 3043 994 3100 mul
1014 3045 1082 3113 petit
1102 3052 1133 3098 nt
1149 3043 1195 3099 nbi
1222 3058 1303 3113 quam
1326 3043 1421 3098 scribit
1434 3042 1576 3113 epistolam
1598 3060 1691 3103 eoram
1704 3063 1735 3104 su

86 3112 204 3168 atreum
229 3114 377 3168 secundnm
399 3113 577 3177 divinitatem,
600 3114 714 3171 alterurn
736 3115 884 3169 secundnm
935 3113 1026 3186 legere
1035 3113 1137 3177 iecerit,
1149 3114 1296 3184 theologos,
1308 3115 1372 3183 qrrid
1386 3128 1417 3168 ea
1431 3112 1641 3171 inresentirent
1652 3117 1735 3175 simul

88 3183 301 3249 humanitatem
315 3191 396 3252 atque
411 3198 496 3252 nuper
517 3185 619 3254 pariter
639 3186 793 3241 damnasset
811 3180 884 3239 Feli·
938 3184 1128 3255 interrogaret,
1144 3185 1287 3240 ntreritas
1342 3191 1397 3239 sset
1411 3185 1527 3255 exquiri,
1541 3184 1619 3255 errius
1639 3202 1669 3245 se
1683 3188 1735 3245 cu·-
1778 3254 1781 3259 Ι

87 3265 149 3307 cem
164 3251 349 3322 Urgclitanum
375 3255 541 3324 episcopum,
563 3263 727 3311 asserentem
746 3253 885 3312 Christum
900 3277 924 3339 B
937 3255 1105 3326 pldisslmum
1115 3255 1292 3325 praselerrot
1329 3254 1737 3328 ddirlitbisaliaplura,qnibue
1758 3302 1768 3313 ..
1782 3270 1799 3315 .·
1819 3302 1822 3307 .

87 3324 237 3378 mundum
251 3338 360 3378 earnem
377 3339 437 3379 esse
453 3326 594 3380 dicendum
614 3325 662 3380 Dei
678 3324 766 3380 Patris
786 3324 885 3380 Filium
938 3326 1095 3383 conciliaret
1112 3327 1163 3381 sihi
1178 3326 1299 3380 animum
1322 3324 1390 3379 tanti
1415 3326 1496 3397 regis,
1525 3341 1623 3397 nempe
1637 3344 1667 3385 se
1684 3344 1736 3400 pro
1772 3332 1797 3345 ''

88 3392 244 3462 adoptiuum
261 3394 352 3463 (quem
365 3393 465 3449 erroris
475 3394 648 3464 poenitentem
662 3396 779 3451 diximus
791 3408 885 3451 recan-
937 3396 1022 3466 ipsius
1038 3397 1125 3451 salute
1137 3395 1216 3468 juges
1232 3395 1266 3450 ed
1285 3397 1368 3451 Deum
1384 3408 1478 3465 preces
1500 3396 1607 3453 elicere.
1630 3399 1736 3467 Quibus

88 3470 163 3517 tasse
185 3461 277 3518 horna
298 3463 460 3533 palinodiam
480 3466 550 3534 apud
572 3465 720 3520 adrianum
734 3463 885 3521 ltomanunr
936 3467 1092 3536 praemissis,
1106 3467 1228 3521 salubres
1251 3467 1449 3522 admonitiones
1469 3467 1593 3537 ingerere
1613 3469 1733 3537 simulat,

88 3531 267 3604 pontificem),
278 3540 369 3588 nmen
380 3536 443 3604 quia
456 3535 549 3590 inleiix
562 3534 623 3599 istc,
636 3544 665 3588 ut
675 3535 751 3589 canis
761 3546 887 3590 reversus
937 3537 1104 3605 reddereque
1123 3537 1209 3605 ipsum
1234 3543 1342 3590 caritnm
1356 3536 1471 3592 aliorum
1483 3538 1616 3608 exemplo,
1630 3555 1665 3597 ne
1679 3540 1735 3596 sei·

88 3602 125 3658 ad
141 3602 272 3657 romitum
286 3619 375 3670 snum,
389 3613 416 3660 et
427 3620 473 3661 sus
494 3604 549 3660 iota
567 3606 648 3660 rediit
666 3605 701 3659 ad
715 3604 887 3660 volutabrum
937 3604 1000 3662 lieet
1012 3607 1052 3660 uti
1064 3604 1258 3661 Constantinus
1268 3607 1464 3675 beneeceptum
1474 3608 1592 3679 opua(ut
1603 3609 1652 3682 ait)
1663 3609 1735 3665 male

88 3670 150 3736 iuti,
163 3687 258 3728 rursus
269 3675 393 3730 eumdem
405 3690 485 3746 quem
497 3674 764 3731 damnariterrorem
786 3681 814 3730 et
832 3672 887 3730 ilo-
938 3685 1116 3741 consummet,
1128 3676 1307 3744 adeptamque
1318 3691 1351 3730 er
1366 3680 1467 3745 pietate
1486 3677 1599 3749 gloriam
1620 3679 1736 3735 immen-

89 3756 143 3796 me
157 3751 314 3798 exsecratus
337 3754 379 3799 est
404 3746 540 3811 ineresim,
556 3745 695 3817 protessus
714 3745 821 3814 pobiiee
839 3760 887 3799 ea·
938 3746 1212 3810 samobscuret3bacc
1225 3745 1313 3799 etalia
1324 3746 1401 3814 plura
1414 3747 1539 3810 miscens,
1553 3747 1641 3816 ipsum
1653 3748 1735 3805 Chri-

91 3810 200 3867 tbolicae
211 3812 273 3869 iidei
289 3813 486 3872 contessionem
497 3819 531 3872 ad
541 3818 626 3870 altare
639 3815 769 3885 principis
779 3822 889 3886 aposto-
938 3815 1187 3884 stianissiruumque
1202 3828 1291 3886 regem
1309 3819 1343 3869 ad
1358 3829 1436 3870 suum
1458 3816 1556 3885 dogma
1573 3816 1732 3883 sollicitans,

91 3881 197 3936 iorum:
215 3885 336 3941 eamdem
349 3886 548 3942 ardentioribus
565 3887 663 3940 animis
679 3887 778 3941 iterum
793 3887 887 3941 delon·
938 3885 1127 3943 Nestorianum
1140 3885 1296 3940 haereticum
1305 3884 1417 3940 reddere
1429 3899 1462 3940 er
1473 3882 1607 3944 catholieo
1616 3888 1733 3944 studuit.

90 3952 156 4007 dere
166 3960 208 4007 est
218 3967 362 4023 aggressus
371 3972 468 4028 magno
479 3958 577 4013 damno
588 3956 707 4011 lidelium
719 3955 885 4011 animarum:
938 3957 1117 4013 Nonexstant
1136 3957 1199 4025 ipsae
1212 3955 1320 4024 aalma
1341 3958 1410 4011 data
1433 3955 1466 4009 ad
1490 3955 1617 4012 carolum
1638 3957 1736 4015 litterae

91 4020 190 4077 iterum
204 4038 238 4077 ne
250 4025 349 4080 malum
362 4026 468 4096 longius
478 4034 608 4096 serperet,
626 4035 654 4081 et
675 4025 793 4082 inlusum
806 4040 887 4081 rene·
939 4026 1072 4096 Elipandi,
1085 4027 1133 4082 sed
1149 4029 1206 4081 irasc
1221 4027 1279 4095 ipsa
1292 4025 1384 4080 onmia
1407 4038 1467 4096 quae
1487 4035 1551 4081 sunt
1576 4028 1647 4083 dieta
1661 4029 1735 4099 ipsas

90 4106 157 4146 num
170 4107 237 4147 sana
248 4096 371 4151 membra
392 4105 586 4167 corrumperet,
612 4097 662 4151 luit
683 4097 717 4151 ad
738 4095 887 4166 plenarium
939 4096 1114 4155 continuisse.
1128 4094 1187 4165 ejus
1197 4094 1285 4151 Caroli
1298 4097 1332 4151 ad
1344 4095 1432 4166 ipsunt
1442 4102 1508 4153 tune
1517 4094 1629 4154 reddin
1638 4098 1737 4155 litterae

89 4160 221 4234 judicium
235 4168 409 4230 revocandus,
422 4183 455 4223 eo
469 4169 555 4239 ntagis
578 4169 650 4237 quod
668 4182 721 4221 non
732 4167 805 4222 solus
820 4168 887 4223 tario
939 4171 1045 4226 docent.

90 4233 259 4302 reperiretur
267 4244 387 4292 assertor
398 4239 509 4304 erroris,
525 4237 602 4307 cujus
616 4238 672 4306 ipse
686 4238 777 4307 potius
791 4251 887 4294 eonse-
974 4237 1018 4293 tv.
1033 4235 1158 4321 Eiipnndi
1171 4233 1287 4290 abacta
1299 4242 1416 4290 erice-
1426 4233 1476 4304 Qui
1491 4236 1574 4306 igitur
1584 4239 1618 4294 ad
1630 4242 1735 4294 tanturn

90 4310 181 4358 etator
193 4318 274 4388 qnam
285 4314 381 4363 auctor
393 4308 521 4365 dicendus
532 4317 612 4365 esset.
939 4322 1030 4380 regern
1061 4322 1120 4378 erus
1142 4307 1293 4378 argumenti
1317 4307 1424 4376 scripsit
1441 4307 1581 4377 epistolant
1607 4309 1735 4379 priuatim

127 4371 159 4426 ll.
184 4372 332 4440 elipandus
363 4379 524 4450 impenitens
546 4387 701 4449 perseueret.
728 4376 794 4432 Erat
815 4378 888 4434 enirn
939 4380 1081 4449 adipsum
1104 4379 1205 4440 datam,
1222 4376 1289 4433 alias
1304 4374 1406 4433 addidit
1424 4377 1547 4447 publicas
1559 4385 1587 4433 et
1598 4378 1738 4450 generales

91 4449 175 4522 tantae
198 4443 372 4514 blasphemiae
393 4449 534 4504 restitutor
553 4447 690 4518 primariae
706 4447 777 4504 sedis
794 4448 889 4518 Hispa·
940 4450 974 4506 ad
1001 4464 1097 4505 omnes
1118 4447 1266 4504 Galliarum
1288 4447 1438 4518 episcopos.
1461 4442 1629 4505 Erubcseere
1651 4451 1738 4506 nescit

92 4526 198 4566 nrarum
212 4518 326 4571 antistes
339 4518 485 4588 Elipundns
496 4517 716 4588 archiepiscopos
731 4517 887 4585 Toletanus,
941 4520 1053 4576 haeresis
1068 4537 1074 4572 ι
1091 4518 1156 4576 binc
1167 4518 1406 4588 enimprophetice
1417 4520 1631 4575 demonstratum
1651 4519 1738 4593 Raby-

92 4582 139 4650 qui
158 4582 199 4663 (ot
211 4584 338 4659 uidimus)
355 4596 457 4644 tanturn
473 4589 558 4645 abluit
569 4596 599 4642 ut
613 4589 766 4644 admonitus
780 4591 815 4645 ab
829 4590 887 4660 epi·
941 4591 1030 4647 ionem
1040 4589 1172 4659 scriptum
1185 4589 1212 4643 in
1225 4588 1313 4644 l'ronte
1324 4590 1735 4672 gestareblasphemlomldpoe.

92 4666 183 4722 scopis
204 4662 285 4722 atque
308 4660 472 4730 presbyteris
494 4659 653 4716 orthodoxis
682 4659 733 4715 sibi
761 4658 889 4729 subjectis
903 4659 927 4720 C
942 4677 1002 4725 xiii,
1015 4659 1093 4732 nuri).
1111 4659 1189 4715 llaod
1207 4658 1279 4712 enim
1300 4660 1408 4715 erubuit
1429 4660 1557 4730 pudorne
1576 4660 1737 4731 Elipandum

93 4724 293 4790 emendaretur,
318 4737 400 4799 atque
419 4731 575 4785 damnatum
596 4730 696 4787 abillis
711 4731 892 4786 detestaretur
942 4733 975 4786 ad
987 4730 1134 4787 Galliarum
1150 4729 1291 4799 episcopos
1311 4731 1344 4785 de
1357 4731 1451 4786 haeresi
1469 4744 1517 4785 sua
1532 4732 1651 4787 scribere
1665 4731 1738 4787 litte-

92 4807 225 4858 errorem,
238 4802 265 4848 et
284 4795 363 4853 iidem
383 4800 542 4856 cartrolicam
564 4802 699 4870 poenitens
721 4809 890 4872 sapueretur,
941 4818 996 4867 ras,
1009 4802 1072 4858 lieet
1084 4801 1167 4856 sciret
1189 4816 1248 4855 eam
1273 4802 1344 4856 haud
1359 4802 1462 4871 pridem
1478 4801 1512 4856 ab
1527 4800 1592 4871 ipsis
1604 4803 1632 4856 in
1650 4800 1741 4859 Felice

93 4871 124 4915 ut
136 4878 283 4921 conuersus
300 4868 327 4923 in
341 4885 432 4925 arcum
452 4886 576 4941 prauum,
592 4871 673 4926 etiam
693 4871 771 4942 longe
788 4875 891 4942 positos
926 4873 1009 4935 ,colle
1045 4879 1095 4938 ,et
1113 4887 1174 4928 cuin
1188 4869 1277 4925 Felice
1298 4871 1382 4927 luisse
1403 4872 1568 4927 damnatam.
1595 4870 1649 4926 Sed
1674 4873 1738 4941 quid

93 4931 222 4989 Ecclesiae
234 4937 373 4995 catholicae
389 4940 457 4997 illios
473 4941 579 4999 iniectis
600 4957 703 4998 venene
724 4943 830 5012 sagittis
842 4957 891 5011 ap·
941 4888 1054 4999 callainis
1068 4942 1141 5013 agit?
1153 4958 1187 4997 ne
1198 4942 1239 4996 sui
1253 4942 1418 5010 turpitudine
1435 4939 1564 4997 deiorrms
1575 4948 1658 5011 atque
1671 4940 1739 4996 inla-

94 5008 186 5072 petere
202 5020 256 5060 iton
272 5009 422 5074 desisteret,
443 5013 530 5068 iactus
542 5013 654 5068 haeresis
665 5028 718 5067 non
733 5013 891 5083 solornpro·
926 5014 993 5070 'mis
1010 5014 1120 5069 haeresis
1135 5027 1216 5082 quarn
1228 5013 1326 5082 prodit,
1354 5017 1482 5082 appareat
1502 5011 1658 5067 insectanda
1674 5011 1739 5067 diris

93 5081 229 5142 pugnator
245 5080 402 5145 acerrimus,
426 5083 473 5138 sed
487 5081 701 5139 studiosissimus
716 5091 888 5154 propagator.
941 5093 969 5140 et
983 5084 1215 5139 exsecrationibus
1238 5081 1425 5151 explodenda:
1441 5081 1537 5137 alicnis
1554 5081 1676 5137 indutam
1694 5096 1740 5136 rc-

95 5143 234 5212 siqnidem
255 5164 393 5220 nunquam
413 5154 524 5218 destitit,
549 5168 638 5223 neque
660 5155 771 5225 quierit,
804 5156 890 5210 donee
944 5156 1031 5210 stibus
1052 5154 1140 5209 instar
1153 5147 1249 5222 AEsopi
1268 5151 1379 5222 graculi,
1396 5151 1530 5208 laborarit
1547 5159 1741 5221 repraesentare

95 5228 234 5298 reversum
246 5218 363 5275 Felicem
378 5225 411 5276 ad
422 5225 597 5290 orthodoxos,
610 5227 744 5283 revocarit
755 5225 789 5281 ad
801 5234 890 5281 eastra
943 5224 1101 5290 formosam,
1121 5225 1185 5279 dnm
1204 5234 1232 5277 et
1251 5224 1347 5278 dirime
1363 5221 1510 5293 Scriptura
1531 5221 1611 5277 dictis
1632 5229 1660 5277 et
1677 5237 1741 5277 sen-

96 5293 253 5354 rmpretatrs,
268 5298 296 5345 et
309 5293 446 5361 potentius
460 5297 574 5351 armarit
588 5296 623 5353 ad
642 5296 774 5367 prelium,
798 5304 826 5350 et
842 5311 891 5351 ex·
945 5296 1037 5352 tentiis
1048 5302 1203 5351 sanctorum
1215 5293 1324 5349 Petrum
1339 5307 1398 5348 eant
1411 5293 1515 5350 studuit
1529 5307 1672 5348 exornare.
1687 5293 1740 5349 Sel

94 5357 200 5411 acuerit
214 5358 371 5433 diligentius
386 5365 420 5418 ad
443 5373 589 5431 certamen,
625 5368 690 5423 robe
713 5367 801 5424 sciens
820 5366 891 5423 rela-
944 5367 1061 5422 reddidit
1081 5364 1162 5435 duple
1184 5363 1349 5429 delorrrrenr;
1373 5380 1436 5420 narn
1459 5370 1619 5420 ornamenta
1642 5363 1740 5420 castis-

95 5427 169 5508 benti
182 5428 210 5482 in
223 5432 325 5488 crimen
339 5433 441 5506 majora
453 5438 558 5506 suppeti
569 5383 657 5494 sotere
667 5440 701 5494 ab
715 5437 821 5495 iiderno
831 5438 892 5495 snb
944 5438 1020 5494 simae
1040 5436 1163 5508 uirginis,
1185 5432 1314 5492 Ecclesiae
1335 5434 1436 5492 Christi
1458 5448 1572 5507 mense,
1587 5432 1742 5492 nullatenus

94 5499 173 5562 sidia,
187 5506 217 5553 ut
237 5500 296 5558 loco
312 5504 391 5559 unius
408 5521 456 5577 per
476 5508 662 5576 poeniteniam
680 5508 758 5593 ejecti
781 5511 892 5580 spir-itas
945 5507 1081 5564 meretrici
1096 5521 1245 5578 eongruere
1270 5504 1322 5562 luit
1343 5507 1465 5562 omniurn
1485 5506 1621 5563 aenoentia
1638 5504 1742 5578 pateis

95 5582 224 5639 nequam,
245 5582 355 5645 septena
378 5577 510 5634 damonia
529 5579 576 5634 uni
594 5580 621 5636 in
640 5580 771 5636 auxilium
792 5578 891 5651 alliun·
945 5587 1029 5635 ctum

95 5648 196 5765 fantem
215 5640 291 5713 (Luc.
313 5644 363 5717 xi),
378 5647 526 5720 eademque
547 5650 677 5722 nequiora
696 5652 840 5728 mittantur
858 5649 892 5707 ad
925 5699 928 5703 ,
982 5649 1014 5704 i.
1040 5646 1189 5774 mim
1212 5645 1341 5719 detepitnr
1363 5642 1549 5707 Nestorinnns.
1574 5637 1744 5721 carperem

107 5712 246 5770 moestiora
260 5718 401 5787 patranda.
947 5710 1070 5776 Nestoris
1108 5717 1241 5791 liprandus
1254 5749 1290 5761 -
1303 5710 1357 5776 Sed
1377 5710 1526 5780 veniamus
1540 5720 1574 5778 ad
1597 5716 1656 5791 ejus
1678 5717 1738 5774 tte-i
