3780 6120
107 250 158 309 niti
438 244 530 303 ittittt
549 247 719 305 canditati.
740 277 775 288 -
793 244 904 303 carm.
925 246 970 301 DE
988 245 1081 302 liidG.
1102 277 1137 288 -
1162 246 1240 302 rei.
1260 246 1398 304 institi.
1684 255 1737 316 otio
1756 200 1768 224 ’μ

100 350 193 416 ‘aerariae
211 356 346 421 Ecclesiae,
358 365 387 411 ει
396 364 494 413 restrae
507 368 536 412 et
551 374 566 413 a
581 358 636 415 ilco
653 365 782 428 protectas
797 357 896 427 regalis
909 360 933 420 Α
947 355 1069 409 nonnihil
1088 371 1210 425 repressa
1226 363 1268 410 est
1286 357 1432 439 imaginum
1450 362 1588 418 veneratio
1606 377 1613 416 :
1634 365 1681 421 sed
1700 375 1739 424 ta·

143 429 233 485 tentiae
244 427 445 482 exaltationem.
457 426 529 482 inter
539 444 599 498 quae
609 428 692 484 edidit
703 429 780 483 nohis
789 426 897 497 Capitu-
947 440 1008 479 meu
1027 426 1161 480 Adrianus
1174 434 1202 480 ει
1218 425 1263 480 alii
1280 427 1421 496 pontifices
1435 429 1465 482 iu
1478 445 1527 484 sua
1541 432 1666 502 opinione
1680 452 1739 506 per·

116 517 164 554 are
179 500 308 554 adversus
320 497 522 566 synodumque
535 513 585 567 pro
598 513 736 553 sacramm
749 498 897 567 imaginum
947 502 1120 558 severarunt,
1143 505 1180 555 et,
1197 504 1304 550 mortuo
1327 496 1433 562 Carolo,
1455 515 1566 555 suanam
1586 516 1737 574 pupparum

104 569 242 626 erectione
252 568 279 621 in
292 564 379 621 Nicea
390 574 451 620 acta
462 576 513 622 est.
527 568 603 623 Unde
612 582 661 637 pro
671 576 761 623 restra
772 566 897 622 melliflua
947 565 1047 619 cultum
1063 564 1248 620 uehementius
1262 577 1462 634 pmmorernnt.
1482 589 1491 621 r

105 638 189 708 regali
199 637 342 692 dilectione
352 651 400 706 per
410 638 617 706 unumquodque
626 637 773 705 capitulum
785 652 898 707 respon·
986 636 1149 689 Αιτιιειιιυε
1164 635 1352 690 Benedictinus
1370 638 1519 693 monemus
1533 641 1601 696 beart
1617 638 1684 698 bien
1703 645 1738 703 stt
1788 669 1790 673 ’

104 725 166 763 sum
180 707 354 770 reddidimus,
372 721 426 759 non
437 706 582 774 quemlihet
598 704 689 779 (absit)
702 706 838 761 hominem
851 706 899 761 de·
948 705 1019 773 apud
1029 703 1196 759 Parisienses
1209 705 1235 758 in
1247 704 1373 759 hunalih.
1386 706 1516 762 Francor.
1533 724 1604 764 anno
1615 659 1737 837 wigii-

104 778 254 837 lendentcs.
268 777 314 830 sed
325 775 453 829 olitanam
467 776 639 830 traditionem
649 785 749 831 sanctae
759 776 898 832 catholicae
948 775 1068 837 moinus,
1088 773 1134 828 lib.
1149 789 1186 837 tr,
1202 788 1261 842 cap.
1275 773 1321 846 85)
1337 793 1343 827 :
1361 794 1370 827 r
1387 775 1444 829 ilex
1459 777 1493 831 ad
1507 780 1672 836 condemnans
1692 798 1737 838 am

103 858 132 902 ει
153 862 167 901 a
187 846 306 901 ostoiicae
327 844 456 899 Romanae
478 845 607 900 Ecclesiae
625 853 762 910 tenentes,
779 847 898 914 priscam
948 843 1073 898 haeresim
1086 843 1249 899 Felicionem
1267 844 1370 899 aestatis
1386 845 1471 908 initio,
1486 849 1593 916 quando
1613 860 1641 904 et
1655 866 1737 921 gene·-

103 862 331 989 praexecessorum
345 921 498 970 nostrorum
513 926 668 970 sanctorum
678 915 839 997 pontificum
854 931 898 971 εε-
948 913 1031 967 raiem
1038 912 1127 983 populi
1140 915 1180 968 sui
1189 914 1464 979 conventumhabuit,
1479 917 1623 972 concilium
1632 922 1737 989 episco-

103 987 214 1058 quimur
235 985 404 1048 doctrinam,
429 993 511 1039 rectae
532 984 593 1040 tidei
616 985 788 1040 traditionem
812 986 898 1041 modis
947 996 1043 1050 porum
1074 998 1107 1036 ex
1132 983 1257 1038 omnibus
1281 984 1356 1054 regni
1375 985 1416 1038 sui
1431 987 1577 1053 provinciis
1598 989 1626 1041 in
1640 992 1735 1047 eadem

105 1056 232 1112 omatibus
250 1052 427 1108 vindicantes.
450 1073 459 1106 a
477 1083 513 1096 -
531 1054 565 1108 Et
581 1054 696 1124 capitul.
716 1055 727 1109 1
746 1069 868 1124 respons.
888 1071 895 1109 ε
948 1052 1011 1105 villa
1028 1051 1319 1124 (Franeonolnrtjuxta
1336 1053 1465 1126 lloenum)
1481 1059 1664 1125 congregarit.
1682 1061 1738 1115 hd-

106 1144 117 1178 «
137 1126 194 1180 linc
210 1126 306 1192 dogma
323 1122 450 1177 Thrasius
469 1138 523 1177 non
544 1138 593 1192 per
612 1138 641 1179 se
659 1125 829 1193 explanarit,
849 1124 898 1180 sed
948 1119 1148 1176 ineruntetiam
1161 1123 1187 1176 in
1199 1123 1292 1176 eadem
1310 1138 1323 1176 s
1343 1123 1411 1178 trodo
1423 1123 1503 1192 iegati
1515 1123 1630 1180 hnmani
1646 1130 1738 1198 ponti·

102 1209 154 1264 per
167 1193 317 1250 doctrinam
330 1199 485 1246 sanctornm
497 1192 607 1247 Petrum
619 1192 758 1248 consessus
768 1202 821 1253 cst,
831 1209 899 1263 quo-
949 1189 1007 1245 tatis
1024 1191 1240 1272 Theopirrlactns
1261 1207 1293 1245 ac
1320 1138 1477 1273 §tephanus
1497 1195 1630 1316 effrisropi,
1651 1198 1737 1254 ricem

104 1281 166 1319 rum
179 1263 296 1332 capitula
310 1277 359 1331 pro
371 1269 460 1317 restro
473 1263 557 1316 nimie
569 1277 670 1325 amore,
684 1277 763 1331 quern
776 1277 839 1333 erga
854 1279 898 1316 re-
948 1266 1140 1328 tenentesque
1154 1276 1168 1313 a
1185 1276 1238 1330 quo
1251 1261 1327 1316 missi
1346 1261 1463 1326 inerant,
1479 1262 1500 1314 h
1523 1264 1589 1318 riani
1607 1281 1692 1336 papae.
1708 1268 1737 1324 ln

103 1343 189 1388 stram
213 1331 464 1402 praerectissimam
488 1348 503 1384 a
527 1331 582 1385 Deo
605 1339 754 1400 protectam
780 1331 897 1402 regalem
947 1342 1001 1408 quo
1011 1330 1125 1384 concilio
1138 1339 1165 1384 ει
1175 1330 1287 1384 heresis
1300 1341 1448 1385 memorata
1459 1333 1634 1389 mndemnata
1646 1345 1698 1403 est,
1708 1346 1737 1393 ει

103 1403 294 1459 excellentiam
309 1401 442 1470 gerimus,
457 1401 575 1455 breviter
590 1417 747 1466 exaramus,
763 1410 816 1456 etc.
837 1421 846 1454 ι
862 1431 898 1442 -
948 1396 1017 1453 liber
1027 1407 1121 1453 contra
1139 1415 1199 1454 eam
1212 1400 1347 1454 communi
1365 1401 1552 1471 episcoporum
1577 1408 1737 1463 auctoritate

104 1474 139 1528 iit
153 1471 268 1542 capitul.
282 1471 331 1523 ult.
347 1485 469 1540 respons.
485 1485 492 1523 :
509 1487 518 1520 ι
536 1471 592 1526 iioc
606 1486 713 1527 sacrum
728 1482 755 1526 et
768 1486 898 1526 veneran-
949 1469 1124 1536 compositus,
1149 1470 1177 1522 in
1189 1484 1243 1537 quo
1255 1484 1349 1524 omnes
1369 1470 1596 1538 subscripserunt.
1613 1472 1737 1543 synodus

104 1540 170 1596 dum
191 1541 336 1611 capitulum
357 1541 471 1594 multum
492 1540 610 1595 distata
631 1542 695 1596 totis
716 1556 796 1610 supra
818 1542 897 1598 dictis
948 1537 1040 1602 etiam,
1056 1554 1116 1607 quae
1129 1546 1192 1593 ante
1205 1553 1397 1607 paucosannos
1409 1539 1436 1593 in
1444 1539 1674 1612 Constantinopoli
1686 1547 1738 1602 suh

103 1611 240 1681 capitulis.
264 1609 297 1664 Et
317 1609 418 1664 idcireo
436 1624 497 1663 eum
515 1611 673 1691 agnovimus
688 1619 784 1665 restrae
804 1625 819 1664 a
842 1611 896 1667 beo
947 1605 1023 1659 irene
1033 1615 1060 1661 et
1071 1606 1247 1663 Constantino
1264 1606 1319 1662 lilio
1331 1608 1389 1676 ejus
1399 1618 1571 1679 coaegregata,
1586 1620 1613 1664 et
1623 1613 1658 1667 ab
1671 1615 1738 1683 ipsis

103 1690 218 1736 seruate
233 1680 442 1748 orthodoxaeque
462 1679 559 1749 regalis
578 1680 742 1737 excellentiae
756 1695 816 1736 esse
833 1696 896 1750 pro-
911 1701 935 1761 Β
948 1691 1000 1730 non
1012 1677 1098 1731 sotum
1111 1677 1235 1748 septima,
1245 1692 1339 1731 rerum
1353 1679 1434 1733 etiam
1449 1679 1608 1735 universalis
1619 1693 1677 1738 erat
1690 1700 1738 1755 ap·

103 1752 207 1820 prium,
221 1758 274 1805 010,
296 1748 416 1803 Meminit
428 1750 500 1804 enim
516 1758 605 1803 nesam
617 1751 839 1831 praeerectissima
854 1766 896 1806 fe.
945 1745 1053 1813 pellata,
1063 1752 1093 1799 ut
1102 1761 1151 1801 nec
1159 1747 1330 1817 septimanae
1341 1747 1500 1803 universalis
1510 1749 1738 1809 habereturdice-

103 1820 173 1890 galis
187 1818 349 1890 praeexcelsa
363 1819 474 1874 seientia
487 1819 603 1887 qualiter
616 1835 644 1874 ιιι
659 1821 715 1890 ipsa
728 1821 813 1875 sancti
829 1819 898 1876 Gre-
946 1821 1065 1880 rmurre,
1077 1817 1154 1885 quati
1162 1831 1338 1886 supervacua,
1351 1818 1378 1871 iu
1394 1825 1478 1871 totum
1494 1818 1528 1873 ab
1546 1820 1670 1876 omnibus
1689 1825 1738 1880 ah-

103 1891 173 1961 gorii
186 1904 261 1959 popm
272 1888 394 1958 epistola,
406 1898 458 1943 etc.
475 1907 484 1940 r
501 1889 534 1942 Ει
545 1889 572 1943 in
583 1889 636 1944 ime
649 1889 897 2013 capitulinUnde
946 1885 1034 1940 dicata
1049 1894 1129 1969 est.»
1202 1957 1208 1970 .
1287 1957 1293 1968 ι
1518 1958 1524 1969 ι

104 1961 127 2014 si
143 1969 233 2015 restra
245 1959 369 2013 annuerit
383 1973 398 2012 a
412 1959 466 2013 lieo
480 1967 600 2026 protecta
615 1975 677 2030 rega
690 1962 713 2015 is
725 1961 894 2025 excellentia,
981 1954 1040 2012 Aue
1063 1957 1223 2012 Viennensis
1252 1971 1408 2026 episeopus,
1425 1955 1567 2020 Chreme,
1587 1967 1666 2015 atate
1685 1979 1711 2018 rr
1727 1979 1736 2019 a

103 2030 200 2085 eodem
215 2029 390 2083 adhortamur
403 2028 503 2096 impetu
520 2027 639 2099 (scilicet
652 2029 898 2099 Constantinopoli·
949 2041 958 2074 ι
976 2024 995 2078 S
1015 2026 1101 2081 nodus
1120 2026 1219 2079 iterum
1233 2024 1303 2081 lacta
1321 2034 1415 2081 contra
1428 2029 1736 2094 supradictamrem-sin

104 2107 198 2153 unum
209 2097 409 2168 imperatorem)
419 2112 468 2167 pro
479 2098 563 2153 saeris
574 2098 734 2168 imaginibus
745 2101 771 2152 in
781 2100 896 2168 pristino
947 2094 974 2147 in
1006 2094 1191 2159 ranconostttb
1208 2095 1304 2219 Ιθῖιῑίε
1318 2095 1470 2163 apostolieae
1485 2098 1557 2151 sedis
1570 2102 1737 2166 praesidenti-

104 2176 177 2223 statu
193 2167 329 2223 erectione
341 2168 455 2237 gratiam
470 2177 595 2237 agentes,
609 2176 661 2223 etc.
677 2169 716 2224 Dc
729 2184 794 2223 iero
807 2179 896 2224 restra
946 2164 998 2218 bus
1013 2163 1087 2236 [Lep.
1113 2165 1238 2235 praesenti
1259 2164 1307 2237 us]
1325 2164 1524 2234 Theoplayiaeto
1547 2180 1575 2221 et
1599 2170 1737 2241 Stephano

103 2238 897 2361 groeemctissimaabeoprotectaexcellentiaortboaloace
946 2233 1097 2313 episeopis,
1130 2245 1157 2290 et
1186 2235 1345 2288 auctoritate
1365 2242 1519 2316 sanctomm
1544 2236 1655 2293 Petrum
1671 2257 1736 2297 eon-

124 2309 167 2362 dei
183 2308 330 2363 stabilitate
344 2308 485 2371 roborata,
499 2305 560 2361 lreti
574 2307 726 2374 existimus,
744 2310 806 2377 quia
822 2311 895 2364 rania
946 2315 1034 2358 rictus
1046 2313 1073 2358 et
1082 2306 1226 2359 damnatus
1236 2313 1277 2359 εει
1290 2306 1387 2359 iterum
1401 2304 1476 2359 Felix
1490 2321 1552 2361 curn
1569 2323 1662 2365 errore
1674 2325 1734 2378 suo,

103 2375 163 2446 ejus
179 2377 332 2431 firmissima
347 2392 362 2431 a
378 2377 469 2445 pravis
483 2385 510 2432 et
530 2376 682 2433 infidelibus
693 2379 832 2433 hominum
846 2395 896 2433 un·
946 2382 1128 2443 perpetueque
1138 2374 1235 2429 exsilio
1248 2374 1318 2444 apud
1341 2373 1501 2445 lugdunum
1527 2377 1661 2449 relegatus
1674 2389 1734 2448 est;

102 2462 185 2517 quam
198 2447 351 2503 concutitur
365 2446 407 2500 vei
420 2454 560 2512 moretur3
578 2448 664 2502 sedin
677 2461 719 2512 ea,
732 2449 895 2518 quaecoepm
947 2458 1026 2566 guero
1050 2444 1141 2498 lerunt
1164 2444 1191 2499 in
1206 2443 1299 2499 eodem
1324 2444 1383 2514 ipso
1403 2460 1452 2499 suo
1477 2460 1569 2502 ermre
1588 2460 1734 2506 mortuum.

103 2525 186 2572 rectae
200 2517 261 2571 ildei
273 2516 424 2572 traditionis
438 2517 561 2571 doctrina
573 2517 722 2586 spiritualis
733 2519 828 2572 matris
842 2533 897 2574 sum
968 2512 1000 2567 t‘d
1012 2513 1233 2592 pseudosinodus
1242 2529 1323 2596 quam
1336 2514 1478 2583 septimam
1490 2514 1576 2571 Gtaecl
1589 2521 1734 2589 appeltam,

103 2595 205 2641 sanetae
224 2587 363 2641 catholicae
383 2594 411 2640 et
432 2587 587 2655 apostelicae
609 2588 736 2643 Romane
758 2589 895 2654 Ecclesiae,
947 2597 995 2651 tito
1012 2583 1156 2638 adorandis
1178 2582 1349 2666 immitibus,
1363 2584 1486 2639 abdicata
1503 2588 1643 2655 penitus-t

105 2663 197 2711 tenere
215 2663 243 2711 et
261 2656 387 2725 ampiecti
406 2656 595 2711 incunctanter
615 2673 701 2727 usque
720 2659 747 2712 in
767 2658 896 2714 saecuimu
983 2653 1108 2709 Sannaus·
1120 2653 1261 2710 Fuldensas
1276 2655 1433 2720 monachus,
1445 2657 1472 2709 in
1484 2654 1642 2723 Annalibus,
1664 2675 1734 2718 anno

103 2727 194 2780 saculi
209 2726 267 2781 sine
279 2726 487 2795 reprehensione
500 2740 609 2780 manere
623 2728 767 2783 credimus.
783 2729 816 2782 Et
837 2729 897 2783 ideo
948 2721 1018 2776 7943
1035 2743 1043 2774 t
1061 2723 1080 2777 S
1101 2723 1186 2779 n0dtts
1201 2724 1293 2779 habita
1306 2724 1334 2778 in
1344 2724 1364 2777 F
1367 2724 1548 2790 r³n⁰01¹⁰ftttb
1567 2727 1594 2781 in
1612 2745 1665 2798 qua
1679 2730 1734 2786 ba)-

103 2796 600 2866 contidimnsdclieinostripotentia
632 2798 674 2851 tria
690 2807 818 2867 quantum
832 2815 895 2868 erga
948 2792 1016 2846 resia
1045 2739 1181 2848 Feiieiana
1206 2809 1298 2850 coram
1320 2794 1453 2864 episeopis
1482 2793 1687 2853 Germaniarum
1706 2810 1735 2857 et

101 2866 243 2920 beatorum
256 2866 408 2936 principum
425 2866 608 2934 apostolorum
647 2868 698 2922 etri
711 2877 739 2922 et
757 2867 831 2922 Paui
847 2869 897 2924 Ec·
946 2861 1092 2918 Galliarum
1119 2864 1313 2933 italorumque,
1336 2875 1468 2932 praesente
1492 2879 1589 2934 tuagno
1633 2870 1734 2942 rincipe

102 2935 214 2990 clesiam
228 2935 308 2992 iidem
339 2937 459 2991 csseritis
471 2945 498 2991 et
513 2952 643 3001 amorem,
657 2953 761 3007 semper
775 2953 824 3006 pre
837 2937 896 3005 ains
946 2932 1043 2988 Carolo
1053 2941 1081 2987 ct
1099 2935 1191 2989 missis
1203 2935 1314 2989 Adriani
1330 2935 1469 3002 apostolici
1483 2884 1684 3008 theophyfactus
1705 2946 1734 2996 et

122 3004 224 3060 roiectu
239 3014 266 3061 et
279 2951 442 3061 excitatione
454 3007 538 3077 regali
552 3008 613 3072 nisi,
630 3008 746 3076 undiquc
759 3017 895 3064 certantes
948 3000 1084 3084 Stephano
1103 3006 1246 3075 episcopis,
1265 3005 1343 3059 tertio
1363 3005 1489 3059 damnata
1501 3016 1552 3070 est,
1567 3015 1595 3061 et
1607 3018 1665 3062 rata
1685 3009 1734 3065 sti-

102 3019 263 3141 Rabnerttis,
286 3084 361 3130 tanto
381 3076 483 3132 brachii
499 3077 539 3130 sui
560 3078 692 3200 proflitins
713 3079 738 3131 in
761 3044 930 3148 regalibusC
946 3073 1082 3141 putatione
1092 3075 1229 3129 damnatio
1242 3076 1374 3130 roborata.
1392 3074 1615 3146 Pseudosynodus
1626 3077 1734 3136 Greco-

102 3145 247 3215 triumphis
265 3146 299 3200 ab
315 3146 435 3201 adversis
453 3155 480 3201 et
497 3147 596 3215 iniquis
628 3148 763 3201 ominibus
782 3164 830 3204 ros
850 3150 895 3203 de·
946 3158 1006 3196 rum
1032 3145 1414 3215 ptoatlorandisimaginibus
1432 3145 1532 3212 hahita,
1553 3146 1659 3203 ettatse
1673 3165 1735 3221 scp-

102 3212 212 3270 lendere
229 3223 256 3270 et
273 3216 469 3286 circumtegere
486 3217 620 3284 dignetur,
641 3226 670 3271 nt
688 3232 740 3270 una
760 3233 821 3273 cnm
841 3219 895 3287 spi·
945 3213 1009 3266 tima
1022 3221 1126 3279 rocam,
1139 3216 1172 3269 ab
1190 3216 1322 3284 episcopis
1334 3216 1487 3268 dananatur.
1507 3236 1516 3267 ι

101 3283 193 3355 rituali
212 3285 266 3339 titia
277 3285 385 3340 domina
398 3294 489 3340 nostra
502 3287 593 3357 regina
612 3294 755 3356 rastraque
766 3292 895 3356 precelsa
980 3282 1171 3339 Ειοιιειιιιειε
1201 3300 1341 3340 uertentis
1359 3284 1386 3337 itt
1420 3285 1479 3339 l'ita
1505 3285 1592 3341 Caroli
1620 3289 1707 3359 hiagni
1722 3298 1737 3345 ι

101 3353 270 3408 nobilissima
293 3355 381 3423 prole,
406 3355 518 3424 longiori
544 3373 601 3411 aero
626 3356 653 3410 in
677 3358 727 3412 hoc
752 3369 895 3439 regnantes
947 3352 1049 3406 «Antio
1062 3355 1184 3422 sequenti
1204 3355 1327 3409 dominus
1345 3368 1391 3408 rei
1411 3353 1524 3409 Carolus
1542 3358 1574 3411 tle
1596 3357 1732 3429 flagelles·

101 3425 213 3487 mundo,
229 3423 358 3480 inintnro
376 3427 667 3480 sinetinevitamcum
685 3442 768 3497 regno
788 3443 815 3482 an
832 3444 895 3484 arce
944 3421 1013 3493 burg
1028 3422 1080 3476 iter
1094 3425 1158 3477 i'ecrt
1181 3425 1286 3494 navigio
1303 3423 1336 3478 ad
1363 3422 1493 3478 fossatum
1520 3441 1645 3495 maguum
1662 3429 1733 3484 ἰιιιει

100 3492 156 3560 poli
169 3493 270 3548 habere
288 3496 453 3550 mereamini,
470 3496 632 3550 incolumem
648 3497 834 3551 exceltentiam
852 3512 895 3552 ve.
943 3493 1106 3547 tiitmaniam
1119 3493 1324 3547 etiladautiam.
1336 3493 1447 3547 ibicum
1460 3497 1613 3550 muneribus
1629 3501 1732 3567 magnis

102 3569 188 3617 stram
204 3564 290 3634 gratia
306 3580 421 3634 superna
436 3565 579 3619 custodiat.
600 3583 609 3618 ι
943 3562 1019 3615 missi
1032 3563 1171 3629 apostotici
1188 3563 1345 3630 presentati
1369 3571 1442 3625 sunt,
1462 3571 1485 3615 et
1512 3567 1664 3621 rrnrrtiatum
1689 3578 1732 3625 εει

138 3631 261 3701 Sgaedus
281 3632 438 3689 Perisienaia
458 3637 484 3688 in
501 3634 605 3703 praelat.
625 3635 657 3689 ad
679 3635 843 3691 hadericum
866 3645 895 3692 et
942 3632 968 3685 ei
983 3631 1105 3686 Saxones
1123 3632 1220 3686 iterum
1239 3632 1390 3687 rebellasse.
1412 3632 1475 3687 inde
1494 3649 1542 3701 per
1570 3635 1730 3693 Radantiam

100 3698 215 3758 Lothar.
237 3704 319 3772 impp.
340 3721 347 3757 :
369 3722 377 3754 ι
397 3705 525 3759 Banadem
545 3719 626 3773 porro
641 3706 771 3774 synnodum
809 3705 894 3762 Nieae-
943 3701 1031 3754 navali
1049 3701 1146 3755 itinere
1162 3701 1230 3755 abiit
1246 3702 1272 3755 in
1288 3702 1409 3767 ilocltin,
1435 3710 1462 3755 et
1480 3704 1567 3756 natale
1585 3705 1731 3763 celebrarit

101 3787 165 3826 nam
180 3771 217 3843 ιι)
232 3788 292 3828 cum
306 3781 405 3829 sanctae
419 3774 557 3829 memorie
574 3774 678 3843 genitor
692 3784 782 3829 vester
810 3774 895 3831 Caro·
943 3772 977 3824 ad
1000 3780 1122 3825 sanctum
1139 3770 1290 3826 chilianum
1316 3773 1343 3826 in
1363 3771 1555 3842 wirzinburg.
1581 3784 1608 3829 et
1627 3775 1731 3832 Pascha

100 3840 145 3896 lus
165 3840 286 3913 Magnus)
310 3858 400 3897 corani
422 3857 451 3898 se
470 3845 580 3913 suisque
602 3843 701 3913 perlegi
722 3845 831 3900 iecisset
854 3845 893 3916 (in
943 3840 970 3893 in
981 3840 1228 3895 Franconoiurtzet
1239 3841 1274 3897 ibi
1285 3849 1492 3912 corrgregataest
1502 3844 1620 3912 synodus
1632 3861 1731 3917 magna

101 3910 216 3965 concilio
236 3911 485 3984 francofordiensi)
505 3924 532 3968 ct
551 3912 641 3967 multis
659 3913 685 3966 in
702 3913 783 3978 iocis,
805 3922 834 3968 ut
853 3914 893 3969 di·
942 3911 1129 3980 episcopomm
1145 3909 1303 3975 Galliarum,
1318 3911 1524 3974 Germanorum,
1548 3912 1686 3982 italorum,
1702 3917 1729 3972 in

100 3994 184 4050 gnum
198 3988 266 4044 erat,
283 3983 507 4049 reprehendisset,
521 3990 548 4036 ct
560 3983 681 4052 quaedam
693 3984 822 4052 capitula,
851 3999 893 4040 nae
942 3980 1085 4050 prasentia
1103 3979 1171 4048 ejus.
1187 3980 1225 4035 ihi
1244 3979 1351 4034 luerunt
1375 3981 1449 4034 missi
1464 3981 1565 4036 domini
1590 3986 1729 4054 apostolici

101 4051 303 4170 reprehensioni
316 4054 454 4120 patebant,
472 4060 657 4122 praenotasset,
675 4067 759 4122 eaque
774 4069 824 4124 per
833 3999 893 4107 ‘iu-
943 4049 1053 4104 tldriani
1067 4050 1284 4121 Theopiaytactus
1296 4058 1322 4103 et
1332 4050 1485 4137 Stephanus
1498 4052 1617 4124 episcopi
1632 4073 1638 4107 :
1652 4064 1679 4109 et
1692 4057 1729 4111 ibi

100 4118 245 4188 gibertum
259 4121 382 4175 abbatem
397 4121 483 4176 eidem
497 4121 617 4176 Adriano
637 4138 712 4192 papae
731 4123 891 4189 direxisset,
944 4120 1023 4175 tertio
1033 4120 1357 4174 damnaverunthaercsim
1369 4120 1543 4176 helicianam.
1558 4122 1642 4189 Quam
1653 4126 1729 4179 dam·

101 4195 131 4241 ut
141 4188 212 4243 iilius
219 4188 320 4256 judicio
330 4199 358 4244 et
368 4192 530 4247 auctoritate
540 4192 747 4260 corrigerentur,
759 4202 837 4249 etc.»
942 4190 1079 4245 nationem
1100 4204 1149 4258 per
1169 4190 1357 4244 auctoritatem
1384 4199 1541 4246 sanctorum
1565 4193 1675 4248 Parrum
1702 4195 1729 4248 in

135 4258 292 4314 flrucuanns
304 4259 463 4315 Rhemensis
477 4262 694 4332 archiepiscopus
707 4262 734 4316 in
748 4263 818 4318 libro
830 4280 893 4319 con·
942 4259 1011 4315 libro
1033 4260 1250 4329 corascripsemnt
1261 4273 1279 4312 .:
1299 4275 1379 4328 quem
1402 4259 1501 4315 librum
1520 4276 1615 4316 omnes
1640 4278 1730 4319 sacer-

100 4335 142 4381 tra
157 4327 332 4383 liincmamm
348 4329 551 4386 laudunensem
567 4332 735 4402 episcopum,
753 4348 811 4403 cap.
831 4334 888 4387 20:
942 4329 1018 4385 dotes
1036 4330 1152 4399 propriis
1168 4331 1290 4384 matribus
1314 4330 1507 4385 subscribendo
1524 4332 1728 4388 coulirmamnt.

102 4415 112 4447 r
137 4396 257 4466 Septima
279 4405 369 4454 autem
391 4399 460 4468 apud
480 4400 588 4456 Graecos
610 4412 705 4457 vocata
729 4403 890 4459 universalis
906 4377 1730 4470 ⁰PseudosynodusGrsecorum,quamialsoseptimamroea·

99 4469 330 4537 pseudosynodus,
345 4470 378 4524 de
392 4470 562 4541 imaginibus,
578 4487 645 4541 quas
655 4472 764 4541 quidam
774 4472 890 4528 conirin·
941 4468 1014 4532 bant,
1027 4485 1076 4538 pro
1086 4469 1258 4540 imaginibus,
1271 4470 1368 4538 rejecta
1383 4478 1424 4524 est
1445 4485 1460 4524 a
1476 4472 1657 4540 pontilicihns.
1672 4493 1682 4524 a

99 4537 210 4605 gendes
231 4539 340 4607 quidam
359 4549 449 4594 autem
468 4541 619 4595 adorandas
633 4541 772 4606 dicebant,
795 4554 890 4598 neutra
975 4539 1120 4594 dannanus
1133 4539 1273 4609 episcopus
1287 4541 1344 4596 sire
1355 4541 1448 4607 abbas,
1460 4539 1549 4596 baroli
1562 4540 1602 4594 iia
1623 4544 1649 4596 ni
1662 4559 1727 4599 con-

99 4621 163 4661 rero
183 4620 246 4675 pars
261 4609 397 4665 intellectu
419 4625 484 4666 sano
499 4608 631 4665 dilliniens
651 4612 709 4666 sine
729 4614 890 4669 auctoritate
941 4608 1069 4673 siliarius,
1089 4609 1115 4662 iu
1128 4609 1278 4663 hortalibus
1288 4608 1463 4675 Francorum,
1479 4610 1576 4665 :annol
1615 4612 1727 4683 ,(Ρειιῑι

98 4677 253 4745 apostolicae
268 4680 339 4734 sedis
354 4696 407 4733 non
425 4681 504 4751 longe
521 4687 581 4734 ante
598 4688 690 4736 nostra
707 4688 828 4753 tempora
844 4683 890 4736 h'i-
941 4694 971 4731 ee
982 4679 1079 4748 persia
1089 4695 1140 4748 qen
1153 4677 1185 4731 de
1197 4678 1245 4732 troc
1256 4678 1365 4733 coneilio
1376 4689 1513 4734 caneertur
1527 4691 1564 4734 est
1578 4697 1654 4735 :eam
1665 4698 1727 4736 eon·

98 4759 161 4801 m
174 4755 216 4802 εει
238 4763 254 4802 a
266 4750 472 4818 quamplurimis
485 4749 618 4818 episcopis
629 4751 721 4805 hahita
734 4758 762 4806 et
776 4752 889 4807 Romam
940 4748 1048 4801 seruauit
1060 4747 1221 4819 Regiumque*
1235 4748 1333 4819 [utetur
1353 4765 1380 4802 re
1400 4749 1471 4804 illins
1485 4750 1599 4804 Annales
1617 4753 1688 4822 requi
1701 4760 1726 4806 et

99 4815 190 4881 missa,
211 4832 292 4888 quam
310 4821 391 4876 etiam
409 4834 478 4890 papa
501 4819 637 4874 Romanus
650 4820 678 4874 in
692 4819 834 4877 Franciam
849 4823 891 4877 di·
940 4816 1148 4889 fidelissimis)
1306 4864 1308 4868 ε
1355 4836 1358 4843 ·
1626 4886 1629 4897 Ι

97 4885 178 4940 rexit.
198 4887 274 4944 Unde
293 4898 413 4958 tempore
426 4888 515 4945 Caroli
533 4888 620 4960 uagni
639 4890 819 4958 imperatoris,
832 4891 890 4959 jus-
975 4887 1078 4943 Recine
1092 4887 1258 4942 Prumiensis
1269 4886 1361 4950 abbas,
1372 4886 1499 4942 chronic.
1510 4886 1557 4941 lib.
1571 4904 1610 4942 n:
1629 4888 1725 4945 «Anno

98 4953 175 5010 sione
188 4959 433 5029 apostolieasedis,
449 4959 582 5030 generalis
593 4959 712 5029 synodus
725 4960 752 5014 in
764 4959 887 5027 Francia,
940 4957 1086 5012 Dominicae
1114 4955 1308 5011 incarnationis
1329 4955 1380 5010 'tet
1402 4955 1548 5010 celebrarit
1562 4971 1608 5011 rex
1620 4958 1725 5013 Pascha

97 5035 264 5082 convocante
278 5029 390 5098 praelato
404 5030 575 5098 imperatore,
590 5029 734 5095 celebrata,
750 5039 778 5085 et
794 5046 889 5086 secun-
939 5028 966 5081 in
983 5025 1191 5091 Franconoiurt,
1211 5027 1301 5094 ibique
1325 5025 1498 5095 congregarit
1515 5026 1644 5095 synodum
1667 5043 1726 5081 ma-

98 5094 161 5149 dum
183 5094 384 5166 Scripturarum
407 5099 542 5153 tramitem
565 5099 790 5167 traditionemque
805 5101 890 5169 majo-
939 5113 1018 5168 gnam
1032 5097 1228 5166 episcoporum,
1240 5094 1388 5158 Gallorum,
1400 5093 1596 5149 Germanorum
1606 5105 1632 5148 et
1645 5096 1725 5151 italo·

98 5178 175 5229 runs,
199 5165 257 5235 ipsa
281 5167 438 5224 Grecomm
460 5168 680 5240 pseudosynodus
702 5170 839 5226 destructa
862 5179 890 5225 et
940 5184 999 5221 rum
1019 5181 1027 5219 ι
1048 5167 1094 5221 ubi
1111 5165 1219 5220 luerunt
1245 5164 1320 5221 nrissi
1346 5164 1485 5232 apostolici
1512 5164 1674 5234 Theophilus
1697 5174 1725 5221 et

96 5235 205 5302 penitus
218 5235 351 5292 abdicata.
374 5239 412 5292 iic
433 5239 509 5306 eujus
528 5237 710 5293 destructione
731 5254 785 5293 non
804 5240 890 5296 meali-
939 5234 1233 5305 Stephannsepiseopi.
1253 5235 1282 5288 ln
1297 5235 1348 5290 bac
1372 5234 1474 5305 synodo
1497 5234 1576 5288 tertio
1599 5235 1725 5289 condem-

96 5317 160 5358 cum
172 5305 308 5372 volumen,
320 5308 391 5376 quod
403 5307 430 5361 in
443 5308 543 5377 palatio
557 5308 771 5365 adolescentulus
783 5309 842 5379 legi,
855 5312 889 5366 ab
939 5315 1001 5362 nata
1020 5312 1062 5360 est
1078 5306 1189 5360 heresis
1201 5305 1345 5367 Felieiana,
1368 5319 1449 5373 quam
1465 5303 1662 5358 damnationem
1676 5319 1725 5372 per

96 5372 193 5428 eodem
203 5374 366 5445 imperatore
377 5378 489 5431 Roaiam
500 5386 542 5433 est
552 5393 600 5447 per
609 5380 738 5447 quosdam
749 5380 890 5449 episcopos
939 5377 1128 5433 auctoritatem
1139 5382 1293 5430 sanctorum
1310 5373 1420 5428 Patmm
1434 5373 1461 5426 iu
1475 5372 1544 5428 libro
1558 5373 1725 5455 coarscripse·

98 5443 221 5497 naissum.
236 5444 266 5500 in
280 5446 355 5514 cujus
365 5446 508 5502 reluruinis
519 5455 616 5516 quarto
629 5448 698 5502 libro
711 5449 768 5502 baec
782 5450 814 5503 de
826 5451 889 5504 uni·
940 5455 1003 5502 runt
1018 5463 1024 5499 :
1038 5460 1118 5515 qoem
1131 5443 1228 5501 librum
1239 5458 1333 5500 omnes
1345 5443 1501 5498 sacerdotes
1520 5444 1644 5498 manibus
1663 5459 1725 5514 pro·

98 5512 196 5567 rersaii
211 5516 321 5571 nonaine
333 5517 434 5586 scripta
452 5527 514 5572 sunt
531 5535 538 5572 :
557 5517 633 5572 Sicut
648 5517 768 5573 Ecclesia
781 5520 891 5574 unirer·
937 5517 1006 5589 priis
1029 5515 1255 5585 subscripsemnt.
1298 5511 1522 5568 Pseudos·nodus
1549 5511 1724 5580 Graecorum,

96 5582 292 5648 salisest,etc.
307 5604 317 5636 a
331 5586 488 5641 Extanttib.
503 5603 538 5649 rr,
553 5603 577 5642 e.
591 5587 635 5651 28,
650 5588 810 5657 qnihnsista
822 5602 888 5644 con-
939 5602 1019 5659 quam
1050 5585 1233 5642 moderandis
1247 5582 1410 5655 imaginibus
1429 5593 1577 5649 ascranae
1594 5584 1724 5653 pennici-

98 5649 174 5708 tinuo
193 5655 351 5710 subnectit:
373 5674 382 5708 ι
405 5656 572 5713 Αιειοιίιιιε
589 5657 680 5728 itaque
697 5656 777 5726 itarius
793 5659 888 5727 ayraudi
939 5659 991 5714 hus
1042 5662 1191 5712 ernest.»
