3780 6120
178 260 242 316 toti

605 258 635 314 it.
655 256 782 317 CAROL!
801 259 909 315 ΜΕΝ)
927 259 1004 318 OPP.
1024 259 1115 316 etus
1133 259 1166 315 ll.
1190 256 1366 318 tectiore.

1755 258 1822 319 lini

176 373 257 431 i‘atre
272 370 533 443 i'ilioqneproceiiit‚
547 370 685 426 evidenter
699 369 867 425 ostenditur:
884 378 911 426 et
924 385 973 440 per
988 367 1089 439 Arpuiti
1117 367 1237 438 protulit,
1270 369 1318 425 seri
1332 377 1360 423 et
1392 369 1482 424 omnis
1506 367 1825 441 irremuneratos

175 464 270 522 isaiam
284 464 443 534 prophetam
461 480 467 514 :
488 461 604 533 Spiritus
626 459 732 515 llomini
747 463 854 530 spiritns
867 462 972 532 sapien·

176 559 221 614 tiit·
233 556 422 620 ellembertus,
435 556 543 628 spiritus
556 553 660 608 corrsilii
674 562 698 607 et
712 553 884 624 fortitudinis,
898 552 975 623 spiri·

176 660 219 707 trts
228 651 343 705 scientiae
358 659 381 702 et
400 649 515 718 pietatis,
532 647 641 717 spiritns
654 647 756 701 tintoris
770 645 877 699 Dornini
889 645 975 699 norni-

177 750 257 796 natur
270 738 339 811 (isa.
355 737 405 810 xi).
422 739 460 792 De
478 754 532 807 quo
546 737 627 790 etiarn
649 736 771 807 angulari
792 735 880 806 lapide
897 745 974 805 petra

178 830 306 887 Ecclesiae
320 829 375 884 ait:
396 826 470 883 Sicut
484 828 562 881 modo
582 828 663 897 peniti
678 826 812 896 informes,
832 825 977 880 rationabi-

178 920 291 987 tessine
304 917 365 974 dolo
378 919 421 972 lac
435 918 616 989 concupiscite,
632 927 659 971 ot
673 918 700 971 in
713 934 744 971 eo
760 917 882 972 crescatis
896 919 923 970 in
933 933 977 971 so-

178 1010 258 1067 lutam
274 1028 283 1066 .·
302 1013 325 1067 si
343 1021 431 1066 tumen
445 1011 569 1082 pastostis
583 1026 662 1081 quom
674 1008 759 1063 dulcis
776 1018 814 1063 est
836 1008 975 1072 Dominus,

179 1100 213 1153 ad
224 1116 300 1173 quern
310 1099 461 1153 accedentes
476 1097 589 1169 lapident
603 1099 697 1163 aierem,
714 1098 905 1151 abdominibus
919 1098 978 1168 qui·

179 1190 237 1245 dem
252 1190 426 1260 reprobatum,
441 1206 457 1242 o
477 1188 532 1243 Deo
548 1198 634 1243 aorem
649 1188 757 1244 electum
770 1200 794 1242 ct
813 1189 978 1257 honorifico-

1024 459 1051 514 in
1065 458 1188 529 pluribus
1211 461 1357 515 somnianti
1383 474 1522 516 assensum
1537 461 1676 530 praebuit,
1695 474 1758 531 qttae
1774 477 1827 517 noa

1024 549 1111 605 solum
1130 549 1230 605 dicenti
1250 565 1305 605 non
1318 550 1428 616 restitit,
1451 551 1498 606 sed
1521 551 1606 605 etiarn
1622 552 1698 606 dicta
1710 549 1740 606 io
1752 549 1828 604 sola·

1026 640 1098 696 miae
1111 641 1222 695 taxavit.
1242 640 1310 696 Cum
1329 656 1395 712 ergo
1418 650 1514 698 sancta
1534 642 1661 698 Ecclesia
1677 640 1829 698 secundum

1026 740 1182 788 sauctorum
1205 730 1316 787 Parrum
1348 733 1546 788 institutionem
1569 749 1654 789 omrre
1672 732 1748 804 quoa
1763 733 1829 788 irre·

1025 822 1206 891 prehensibile
1220 830 1262 878 est
1276 823 1399 893 recipiat,
1415 838 1496 879 omne
1513 836 1578 879 tero
1589 822 1665 892 quoti
1683 823 1827 894 repreben-

1027 915 1106 971 sibile
1130 915 1250 985 abjiciat,
1270 917 1340 972 hanc
1363 932 1470 987 quoque
1491 932 1586 972 eoram
1603 915 1753 987 synodum,
1771 930 1829 987 aar

1028 1007 1121 1077 utique
1136 1008 1358 1076 reprehensibilis
1374 1016 1415 1064 est
1440 1008 1549 1077 abjicit:
1571 1017 1599 1062 et
1622 1007 1649 1063 si
1671 1008 1747 1064 haue
1770 1022 1829 1078 (μω

1028 1099 1248 1168 reprehensibilis
1264 1107 1305 1154 est
1319 1116 1371 1155 non
1391 1099 1491 1169 abjicit,
1509 1116 1598 1172 neque
1619 1115 1671 1155 eas
1687 1116 1752 1170 quae
1763 1099 1830 1154 irre·

1028 1190 1224 1260 preireusiitiles
1255 1198 1319 1244 sunt
1357 1193 1491 1261 suscipit:
1517 1192 1632 1261 suscipit
1663 1198 1756 1246 autem
1784 1204 1830 1245 eas

180 1291 234 1336 tam
247 1281 272 1353 (l
292 1280 350 1335 Pet.
366 1280 420 1352 ιι),
447 1289 549 1350 etpost
570 1296 673 1350 pauca:
700 1278 777 1335 l'obis
791 1281 873 1350 ipitur
892 1280 979 1333 bonor
1029 1297 1089 1351 qrue
1103 1282 1354 1351 irreprehensibiles
1375 1293 1449 1347 sient,
1463 1284 1534 1338 harre
1551 1283 1645 1353 igitur,
1659 1283 1724 1353 quia
1742 1297 1830 1353 repre·

179 1372 358 1435 credentibus,
380 1387 432 1424 non
454 1369 619 1424 credentibus
633 1378 720 1424 autern
734 1368 819 1440 lapis,
842 1386 919 1441 quem
939 1385 979 1423 re·
1030 1371 1153 1426 betusiani
1176 1381 1259 1441 patet,
1279 1372 1387 1443 peintus
1405 1372 1543 1442 suscipere
1572 1387 1626 1427 non
1657 1372 1752 1428 debet.
1772 1370 1830 1425 illas

181 1460 354 1533 probauerunt
374 1460 551 1528 oedificantes,
572 1460 614 1513 iic
635 1459 719 1530 [artus
741 1469 778 1514 est
797 1462 825 1514 in
839 1470 917 1531 caput
935 1477 981 1515 ora·
1031 1461 1103 1515 ertinr
1121 1460 1238 1531 synodos
1256 1469 1349 1515 satiem
1366 1469 1393 1515 et
1411 1461 1572 1516 universalis
1587 1461 1686 1531 recipit
1698 1459 1828 1525 Ecclesia,

182 1550 248 1623 puli,
268 1562 292 1605 et
306 1551 373 1624 lapis
391 1553 544 1623 offensionis
561 1563 672 1624 cipetra
689 1554 808 1609 scandali
822 1555 863 1609 lris
881 1555 925 1625 qui
941 1553 980 1622 ol·
1031 1567 1091 1621 quae
1104 1567 1155 1620 pro
1171 1551 1286 1606 dirersis
1308 1551 1370 1607 lidei
1394 1553 1451 1608 sire
1467 1553 1606 1623 religionis
1622 1552 1728 1617 causis,
1743 1551 1829 1606 direr-

183 1643 293 1715 ternum
307 1644 383 1697 aerbo
394 1661 441 1697 nec
451 1643 558 1697 credunt
569 1645 597 1698 in
608 1661 659 1715 prro
671 1653 695 1698 et
707 1645 784 1716 positi
796 1653 856 1698 sunt
869 1643 977 1715 (toiri.
1031 1643 1069 1697 sis
1087 1643 1154 1697 locis
1169 1657 1217 1697 seu
1231 1643 1407 1712 temporibus
1428 1645 1543 1700 abactis
1564 1655 1592 1699 et
1605 1642 1829 1699 minoricensis

184 1733 243 1799 Quo
257 1735 420 1789 documento
440 1742 606 1789 monstratur
628 1734 703 1789 illurn
722 1743 750 1790 et
761 1736 892 1790 honorem
903 1733 980 1789 lorti·
995 1728 1016 1789 B
1031 1732 1182 1796 celebratae,
1202 1747 1217 1785 a
1233 1747 1297 1787 sana
1313 1733 1457 1803 sobriaque
1468 1734 1592 1790 doctrina
1615 1733 1776 1789 autumnus
1786 1733 1828 1789 de·

186 1821 288 1877 tudinis
299 1824 479 1891 credentibus,
503 1831 530 1879 et
543 1825 699 1880 mendcium
716 1825 822 1881 duritiae
836 1825 981 1882 incredulis
1032 1823 1107 1876 riare
1133 1823 1321 1892 perhibentur.
1342 1824 1477 1880 Praeterea
1496 1827 1566 1881 tanti
1585 1828 1756 1899 patriarcbae
1769 1840 1828 1883 cum

184 1925 254 1966 esse.
279 1908 355 1979 Quod
368 1914 449 1967 ctiam
465 1913 627 1985 perjustum
649 1913 803 1970 Simeonem
825 1916 877 1969 lroe
900 1929 981 1970 sensu
1031 1912 1127 1983 arigelo
1146 1912 1259 1968 luctatio
1283 1930 1337 1969 non
1353 1918 1497 1984 quantiam
1527 1917 1678 1988 imaginum
1696 1918 1828 1974 adoratio·

184 2003 343 2072 predictum
359 2014 410 2059 est.
432 2002 478 2058 Ait
491 2005 582 2059 euim:
597 2004 704 2060 Positas
718 2015 755 2059 est
776 2006 818 2058 bie
833 2006 861 2059 in
877 2006 981 2059 ruinam
1031 2018 1104 2065 netu,
1118 2001 1166 2056 sed
1181 2002 1347 2057 Dourinieain
1361 2004 1550 2076 prefigurasse
1574 2007 1678 2063 dieitur
1693 2009 1721 2062 in
1736 2008 1828 2063 codem

185 2093 251 2147 etin
272 2095 486 2148 resurrectionem
509 2094 651 2149 nrultoram
676 2097 704 2149 irs
730 2094 817 2150 lsrael
836 2095 912 2166 (Lae.
927 2096 979 2169 u):
1031 2093 1312 2165 popuiopossiunern:
1332 2097 1379 2166 qui
1393 2099 1509 2167 populus
1531 2100 1595 2153 etei
1620 2099 1829 2170 tacendoprae·

185 2185 213 2239 in
228 2185 334 2240 ruinam
349 2186 453 2242 scilicet
472 2187 691 2253 incredulorum.
711 2189 738 2243 in
753 2189 981 2244 ressurrectionem
1031 2184 1125 2250 veluit,
1151 2184 1214 2254 quia
1241 2185 1386 2253 ct·uciltxit‚
1415 2194 1443 2241 et
1457 2187 1492 2241 ab
1506 2203 1540 2242 eo
1568 2188 1790 2244 benedictionem
1802 2189 1828 2243 ltt

186 2290 250 2331 rero
264 2276 453 2341 credentium
479 2277 525 2346 qui
538 2277 620 2333 etiam
636 2278 706 2348 ignis
723 2286 902 2348 nuncupatur,
924 2279 983 2337 sire
1032 2274 1075 2330 itis
1086 2276 1133 2344 quii
1144 2276 1171 2328 in
1184 2289 1245 2329 cum
1259 2276 1432 2332 credidemnt
1441 2279 1556 2348 accepit,
1571 2285 1599 2333 et
1613 2279 1642 2334 ia
1661 2280 1705 2335 liis
1720 2280 1828 2335 riaama

186 2367 259 2437 quod
280 2367 307 2422 in
322 2382 351 2423 se
365 2369 506 2423 credentes
527 2369 623 2423 aeterni
643 2368 752 2424 luminis
767 2367 872 2440 fulgore
893 2368 983 2440 perlu-
1031 2365 1119 2435 quiin
1142 2381 1204 2421 eum
1234 2368 1345 2422 credere
1364 2376 1597 2439 conteiupserunt,
1627 2373 1773 2438 remansit,
1790 2370 1828 2426 di·

185 2464 265 2523 strat,
289 2458 346 2513 sire
360 2458 431 2528 quod
453 2458 605 2515 incredulos
620 2459 714 2515 aeterni
729 2460 800 2530 ignis
811 2459 908 2514 ardore
927 2469 983 2515 tor
1032 2458 1197 2513 oentebeato
1207 2458 1378 2529 Augustino:
1399 2459 1476 2526 Quod
1488 2462 1520 2514 ab
1533 2460 1580 2516 illo
1591 2462 1688 2533 ampelo
1699 2462 1828 2517 desideret

186 2551 267 2605 rebit.
289 2552 327 2607 lie
340 2552 467 2607 unctione
479 2568 545 2608 vero
559 2551 639 2621 liujus
653 2553 750 2625 lapidis
763 2563 791 2608 et
806 2552 887 2624 paulo
903 2568 983 2624 supe·
1032 2545 1148 2601 benedici
1161 2548 1244 2602 lacob
1260 2549 1303 2602 tttt'
1319 2547 1443 2604 laetando
1464 2551 1612 2622 praecinit,
1634 2568 1734 2624 Melta
1748 2562 1786 2607 (δ’
1798 2551 1828 2607 ἅ

187 2642 243 2696 rias
263 2642 347 2697 Dorici
370 2643 489 2698 oraculis
502 2643 637 2712 prolatum
659 2652 720 2706 est,
744 2652 772 2699 et
790 2659 862 2699 nunc
877 2643 981 2715 prolati
1032 2635 1291 2708 Cltrt'ttvrtoplrttir·
1315 2637 1387 2692 Noto
1409 2656 1440 2693 et
1464 2642 1520 2710 ipsa
1545 2642 1670 2696 admonet
1692 2645 1828 2714 mysticam

186 2733 304 2800 pastoris
325 2733 454 2788 Ecclesiae
475 2733 630 2789 testimonio
649 2734 840 2804 proterendum
859 2745 911 2801 est,
935 2734 983 2804 oiri
1032 2727 1133 2798 tlirtt'd
1145 2745 1247 2799 rapere,
1268 2731 1331 2800 nolo
1345 2731 1517 2786 ootrirltomo
1529 2749 1546 2787 o
1559 2733 1663 2804 maiore
1684 2735 1739 2789 rsit
1756 2734 1829 2789 berre·

186 2823 248 2877 trit:
273 2822 364 2878 lesum
390 2823 561 2879 Nazarenum
583 2842 660 2896 quern
686 2828 760 2881 unxit
785 2827 855 2882 Dens
879 2827 982 2900 Spiritu
1032 2816 1096 2872 ‘¹5⁶2'-
1123 2818 1261 2884 Quonam
1277 2837 1338 2892 019⁰
1351 2823 1384 2876 tl
1395 2839 1425 2876 tt
1439 2824 1487 2878 t'tt
1506 2824 1588 2879 minii
1603 2842 1684 2896 trem
1706 2825 1829 2881 lttctottdt

185 2921 276 2965 surina
289 2921 313 2965 er
328 2910 501 2983 sternentes.
516 2916 555 2984 ι).
573 2914 640 2981 Quia
655 2929 720 2987 ergo
733 2915 852 2987 Spiritus
872 2926 983 2973 moetus
1032 2912 1187 2982 superarer
1205 2912 1348 2968 eroiatuir
1364 2916 1433 2970 enim
1452 2917 1535 2973 taras
1555 2917 1673 2986 cinero,
1687 2921 1727 2976 rel
1744 2923 1828 2993 sotim

185 3001 344 3072 plerumque
357 3004 384 3057 in
399 3004 497 3059 divinis
508 3005 656 3076 scripturis
665 3007 717 3063 ulei
730 3009 838 3065 nomine
850 3009 981 3076 innuitur,
1032 2997 1173 3069 ll'st’l‘l‘sslss
1186 3000 1254 3055 ‘'fil‘'
1271 3012 1308 3055 0⁸⁸
1329 3018 1376 3072 W
1387 3018 1430 3058 0⁰⁸
1452 2990 1619 3060 stratum
1636 3008 1734 3079 ‘illibi‘
1747 3008 1828 3063 Μ’·

186 3093 304 3149 bimones
317 3096 453 3165 apostotus
468 3098 545 3152 testis
566 3107 608 3153 est
629 3099 675 3168 qui
689 3100 767 3164 dicit,
794 3099 871 3155 Sicut
891 3101 981 3157 unctio
995 3089 1016 3152 C
1031 3091 1104 3158 itm
1114 3102 1151 3146 etl
1176 3092 1317 3149 cbristus:
1339 3103 1364 3150 tl
1377 3095 1410 3149 ab
1424 3113 1454 3150 tt
1469 3107 1556 3151 lrmtr
1578 3099 1743 3155 benedicitur
1753 3102 1781 3154 t'tt
1794 3099 1830 3155 tit

186 3183 245 3253 ejas
256 3183 331 3239 docet
342 3185 426 3240 rtosde
439 3186 593 3259 omnibusli
603 3189 684 3243 loon.
697 3190 740 3262 ιι).
756 3189 868 3260 Cujussi
879 3192 984 3247 ioannis
1034 3181 1164 3237 stmml'l
1187 3184 1232 3255 qni
1259 3185 1426 3241 ‘sedidem'
1445 3188 1473 3241 ''ll
1504 3186 1650 3257 ffllfl‘ffllmi
1676 3208 1710 3245 ‘³
1739 3192 1829 3263 ‘ilii‘

188 3275 281 3331 rabilis
294 3277 415 3332 nectaris
427 3279 554 3334 unctione
575 3278 687 3336 delibuti
707 3289 771 3335 surrt
784 3282 819 3336 ob
834 3281 982 3353 imaginum
1032 3287 1089 3329 erat
1103 3276 1148 3346 qui
1159 3276 1260 3332 dicebat
1274 3293 1283 3333 .·
1298 3278 1365 3333 Nam
1378 3287 1404 3334 el
1423 3295 1472 3350 trio
1482 3280 1605 3336 israelita
1616 3298 1677 3338 sum
1688 3298 1723 3338 ex
1735 3296 1830 3356 gernere

187 3368 374 3425 adorationem
390 3370 589 3437 stabiliendam,
615 3373 733 3444 synodos
748 3375 852 3444 agitare
867 3383 894 3429 et
911 3374 985 3430 Scri-

188 3467 281 3524 ptums
293 3468 401 3516 sanetas
421 3461 455 3516 ad
468 3471 612 3518 extraneos
623 3479 719 3521 sensus
738 3481 869 3537 usurpare
883 3481 984 3538 nequa-

189 3567 269 3622 quam
285 3553 394 3608 debent.

497 3645 669 3703 coeunti.
744 3616 747 3621 ’

189 3731 228 3787 De
245 3750 275 3787 eo
288 3735 359 3805 qaod
381 3736 508 3806 profatus
523 3738 640 3793 loannes
662 3739 740 3805 elisit,
756 3739 785 3795 ln
798 3740 916 3798 bominis
930 3739 985 3797 lor-

226 3818 267 3859 nta
280 3806 397 3860 laetatus
413 3816 455 3861 est
468 3824 529 3862 cuni
544 3809 613 3877 ipso,
631 3817 659 3864 et
676 3812 782 3865 vocarit
804 3827 865 3867 euro
892 3812 982 3872 israel.

225 3875 296 3945 quod
307 3883 349 3932 est
362 3877 569 3947 interpretatum
585 3897 591 3934 ε
610 3879 685 3935 biens
702 3882 797 3938 ridens
815 3884 910 3938 Deum.

225 3988 278 4043 Seri
308 4005 358 4045 nec
389 3989 454 4047 illud
487 3991 596 4061 quidem
626 4008 642 4048 a
668 3994 879 4064 reprehensione
907 4003 986 4051 iamt

189 4081 471 4151 ipsodirlemloanncs
488 4087 629 4156 presbyter
645 4094 672 4141 ct

1032 3363 1149 3420 librabis
1166 3374 1193 3421 et
1214 3367 1288 3423 tribu
1305 3367 1445 3437 benjamin
1471 3370 1561 3441 (Rern.
1585 3371 1638 3442 xi).
1672 3371 1748 3427 Urias
1772 3386 1829 3443 erpo

1034 3455 1191 3526 atqoeidem
1214 3457 1297 3511 turoi
1310 3469 1334 3513 et
1354 3457 1466 3514 cloades
1488 3469 1512 3514 et
1533 3461 1695 3517 benedictas.
1715 3461 1829 3518 Claudiis

1034 3545 1062 3600 in
1075 3546 1214 3602 latitudine
1230 3548 1337 3618 (erroris
1352 3560 1477 3622 tanquam
1488 3553 1516 3605 in
1529 3533 1700 3609 multitudine
1719 3554 1827 3627 penem,

1034 3635 1173 3708 dequibus
1201 3637 1301 3691 dietum
1325 3647 1384 3693 est:
1405 3641 1438 3694 Et
1456 3641 1679 3698 claudicaverunt
1702 3643 1828 3700 asernitis

1034 3728 1091 3784 suis
1106 3727 1192 3801 (Psoi.
1217 3732 1307 3803 ιιιιι).
1339 3733 1495 3788 Benedictus
1521 3745 1610 3789 aretem
1625 3737 1653 3791 irs
1674 3738 1713 3793 eis
1729 3738 1763 3793 de
1774 3738 1828 3809 psi·

1035 3822 1080 3874 bai
1096 3820 1269 3876 dictumest:
1291 3822 1421 3894 Reliquiae
1438 3840 1488 3895 per
1499 3826 1660 3885 electionem
1675 3831 1770 3903 gratia
1779 3829 1827 3885 sal·

1035 3928 1075 3968 rm
1093 3912 1171 3969 iactae
1184 3923 1248 3970 suut
1263 3914 1352 3988 (Rern.
1374 3918 1424 3988 ιιι).

1337 4027 1451 4085 CAPUT
1471 4028 1527 4084 xit.

191 4173 196 4184 Ι
454 4177 459 4188 Ι
691 4086 1009 4194 Ῑθῧῧῑῦῗρῗῑθῦῑθῃυω.
1037 4115 1114 4182 Quod
1134 4133 1186 4173 nort
1199 4119 1234 4173 ad
1255 4119 1436 4174 allocutionem
1454 4123 1599 4194 irnopinrtm
1625 4126 1766 4197 pertineat,
1786 4140 1827 4182 nt

190 4182 261 4228 rrrter
285 4183 381 4230 cetera
409 4176 584 4232 deliramenta
600 4179 632 4232 de
654 4176 738 4234 Jacob
764 4181 866 4236 dixisse
888 4180 984 4250 lertur,
1071 4187 1099 4240 in
1112 4190 1206 4242 nostris
1221 4190 1353 4244 codicibus
1368 4192 1412 4262 qui
1428 4208 1460 4245 es
1476 4192 1607 4249 liebruica
1628 4199 1739 4252 recitate
1750 4209 1829 4252 tram·

191 4262 226 4319 ln
236 4266 348 4321 bominis
372 4267 458 4338 (ormo
481 4267 596 4325 luctatus
619 4280 658 4324 est
677 4287 736 4325 cnm
748 4272 814 4344 ipso,
830 4250 860 4328 ¹et
887 4279 987 4331 aocaoit
1071 4256 1119 4311 ’Μ’
1132 4269 1191 4312 ‘⁸¹¹²
1205 4260 1362 4327 meniaw'b
1373 4263 1443 4332 ΨΜ
1454 4263 1492 4316 ⁵¹¹⁸
1507 4264 1535 4316 ξ’*
1547 4280 1597 4318 ⁸⁸⁰
1610 4268 1713 4336 ⁸b¹⁶⁰d⁰
1734 4269 1827 4333 Μ’·

190 4370 249 4409 cunt
266 4355 362 4422 lsrael,
396 4358 466 4428 quod
485 4369 523 4415 est
555 4360 764 4432 interpretatum,
795 4363 871 4419 biens
894 4366 985 4422 ridens
1072 4325 1338 4470 ssfflaffsfflgtfffi
1351 4333 1637 4460 ἶς’)ᾞίῗζωθζῖἰᾙ)
1650 4338 1830 4480 Ιῗιῧΐὲιζ

193 4446 286 4513 beant,
307 4463 367 4502 cum
381 4447 433 4503 boc
450 4449 551 4504 dietuur
567 4459 594 4505 et
610 4467 626 4505 a
651 4466 681 4506 re
692 4455 829 4523 proposita
845 4456 924 4529 longe
945 4445 1024 4515 rii-⁰
1073 4470 1189 4538 propriis
1203 4471 1289 4525 oeulis
1304 4474 1431 4541 imposuit
1454 4472 1531 4544 (Gen.
1547 4476 1664 4549 xxxin).

192 4544 255 4600 slei,
274 4549 287 4576 *¹
307 4544 335 4591 θῑ
356 4536 383 4591 Ῑῐῐ
405 4539 523 4594 Πθῐῑὶῑῐῑῑῦ
554 4540 776 4611 interpretatione
816 4549 987 4607 usitatiorem
1072 4558 1131 4614 Non
1149 4561 1300 4617 tuirandum
1320 4572 1362 4618 est
1373 4564 1396 4618 si
1412 4562 1495 4620 lacob
1521 4579 1667 4622 accusetur
1679 4570 1716 4625 ab
1728 4570 1779 4627 itiis
1792 4579 1829 4627 tu·

192 4629 336 4698 quamdam
355 4629 492 4731 omittens,
506 4646 576 4702 pene
589 4633 746 4690 inusitatum
760 4639 827 4709 quiri
848 4652 985 4712 personet.
1039 4651 1127 4706 nicam
1140 4649 1240 4723 loseph
1251 4653 1388 4711 osculatus
1404 4655 1497 4724 luisse,
1511 4665 1539 4712 et
1551 4658 1640 4715 oculis
1661 4659 1826 4732 imposuisse.

192 4716 259 4773 ΝΜ
271 4718 334 4773 dum
354 4719 464 4790 liffldiffl
484 4721 512 4776 id
538 4737 636 4778 ⁰⁰¹¹ffl¹¹
656 4724 876 4797 llllfflilfel‘ssluli
892 4729 939 4786 γ’)
951 4733 988 4788 tt'·
1038 4743 1168 4812 aquibus
1191 4747 1272 4800 etianr
1287 4744 1454 4803 Pharaonem
1468 4757 1611 4806 accusatur
1623 4753 1765 4812 adorasse.
1782 4754 1831 4810 bc·

191 4810 361 4876 denslbeunt,
375 4812 485 4882 quidam
499 4830 573 4883 rero,
588 4815 678 4884 Fortis
692 4835 751 4873 cum
775 4820 840 4888 Deo,
863 4825 986 4881 nonnulli
1038 4833 1128 4890 cidere
1141 4836 1242 4891 etenim
1272 4837 1432 4909 plerumque
1462 4841 1530 4896 solet
1551 4844 1643 4913 utqui
1661 4845 1750 4900 semei
1780 4844 1832 4901 labb

191 4903 273 4959 etiarn
285 4904 418 4970 veracius,
431 4903 557 4978 Princeps
578 4924 638 4962 com
651 4908 714 4974 Deo,
738 4911 831 4967 nescio
848 4920 937 4970 tannen
951 4931 987 4971 an
1038 4927 1161 4996 emperie,
1180 4929 1277 4984 crebro
1300 4928 1424 4997 tanarum
1444 4939 1471 4988 er
1486 4933 1533 5003 qui
1561 4935 1646 4990 semet
1660 4951 1677 4991 a
1690 4937 1735 4992 vsa
1747 4952 1834 4994 mes.

192 4994 264 5051 ullas
286 5010 381 5051 eorum
400 4996 488 5067 quiin
503 5013 608 5054 menone
632 5001 810 5072 recipiuntur,
836 5006 988 5076 reperiatur
1038 5020 1113 5084 serie,
1136 5029 1163 5075 er
1177 5022 1312 5077 tramitem
1325 5024 1366 5080 sui
1385 5024 1490 5082 itineris
1505 5026 1601 5083 ducem
1616 5031 1694 5101 aequi
1710 5031 1833 5104 neglexe-

192 5087 253 5155 boe,
270 5087 346 5145 biens
359 5089 448 5145 sidens
464 5089 558 5155 oenus,
583 5091 776 5164 interpretatus
789 5094 894 5153 luisse:
915 5100 987 5155 uncie
1038 5112 1084 5179 pir,
1099 5128 1149 5184 pei
1164 5116 1279 5185 strupra
1304 5124 1332 5171 nr
1348 5115 1421 5172 insin
1436 5117 1539 5174 anatim
1560 5133 1656 5178 errore
1677 5122 1748 5181 duee
1763 5121 1832 5180 tera·

192 5196 246 5284 noo
261 5180 407 5286 solumille
426 5182 717 5253 reprehendendusest
730 5188 776 5257 qui
797 5190 987 5247 usitatioribus
1037 5212 1092 5260 rur,
1114 5205 1216 5263 Tunica
1240 5208 1313 5264 enim
1327 5206 1428 5281 loseph
1447 5227 1498 5269 nse
1508 5212 1537 5270 in
1547 5212 1671 5273 Hebraeis
1679 5219 1831 5287 marcinus,

192 5274 459 5344 ritterpretatrombrts
490 5277 680 5346 bmltlmlffliss
721 5294 791 5351 pene
826 5283 986 5340 fsstttiffllltlss
1037 5313 1088 5353 nee
1101 5298 1128 5353 in
1137 5299 1241 5356 Latinis
1253 5301 1299 5372 qui
1310 5317 1344 5358 ex
1357 5302 1491 5361 liebraica
1505 5307 1620 5365 veritate
1631 5311 1759 5370 translati
1771 5320 1833 5370 suot

228 5427 287 5483 ·tr
301 5429 329 5484 in
344 5431 458 5486 nominis
476 5430 690 5505 interpretatione
707 5439 872 5498 armatiorem
893 5460 987 5532 pross-
1036 5453 1206 5526 bstipulatur
1224 5458 1252 5515 id
1271 5460 1344 5529 quoii
1365 5464 1488 5532 sequior
1510 5483 1516 5519 :
1540 5467 1620 5536 «Qui
1643 5470 1835 5533 usitatioribus

193 5498 255 5553 dom
269 5501 398 5567 omittens,
410 5517 475 5571 pene
495 5502 649 5560 inusitatum
663 5508 727 5579 qaid
740 5523 870 5582 personet.
887 5514 986 5573 bursu-
1036 5524 1305 5597 interpretationibus
1337 5535 1529 5604 pretermissis
1563 5553 1633 5610 pene
1670 5542 1833 5601 inusitatam

318 5581 430 5642 expecto
448 5580 486 5645 τῷ
549 5576 690 5644 mliorem,
714 5580 749 5636 de
771 5597 821 5639 suo
843 5582 985 5643 substituit
1036 5595 1100 5666 quid
1112 5597 1233 5668 protulit.
1248 5618 1258 5653 ι
1274 5600 1407 5659 lisitatior
1422 5614 1512 5663 autern
1526 5608 1832 5682 interpretatioestilla

194 5646 378 5780 iii-iiiiii:
398 5645 527 5769 iiiiii
540 5646 597 5774 ii*
612 5647 982 5796 iiliriititiiiii:
1035 5680 1118 5737 ‘¹⁰³³'
1132 5676 1270 5741 ¹’⁰³²¹⁰¹¹¹⁰
1284 5672 1443 5747 '’mmm‘’
1457 5677 1733 5751 'mmm
