3780 6120
172 221 225 284 us
336 256 349 305 ,

204 336 372 407 emoleret:
388 343 487 390 etenim
501 351 562 389 curn
576 351 653 405 aequo
672 350 704 390 ac
723 335 861 388 l'oitunato
886 333 961 401 prin·
977 338 998 387 n

208 410 268 480 cipe
288 416 352 462 suut
366 407 520 477 pugnaturi.

209 501 325 554 Placide
339 497 484 568 parentelae
505 496 672 566 conjunctio,
687 512 747 565 oriae
762 495 911 549 identitatis
927 495 965 549 al-

173 580 258 626 terme
276 585 324 623 uos
350 568 409 621 imit
433 567 615 635 ariiplexiluis,
642 568 681 620 sie
707 574 748 621 est
763 567 864 620 uostris
883 565 964 620 iulixa

173 639 339 712 precordiis,
355 639 393 691 sic
409 651 501 690 revera
521 637 656 691 eorrvatuit
682 637 799 690 radicata
823 636 963 699 tenaciter,

174 720 202 763 et
216 709 352 763 memoriae
364 723 398 760 uu
414 715 461 760 tra·
471 706 610 777 plantariis
625 707 642 758 ii
655 706 705 760 sita
717 705 817 773 jugiter
827 705 964 771 emitescit,

173 778 246 850 «prod
270 780 340 831 inter
364 786 471 836 ιιιιιιι,
501 792 615 844 uirorum
631 778 725 830 crebra
745 775 896 829 sollicitudo
916 792 965 830 nus

173 849 266 912 allicit,
282 848 347 900 illua
361 847 472 899 introiet
485 846 624 914 potissime
637 847 705 900 votis
719 846 829 905 uostris,
848 845 966 912 qiratiter

174 934 222 973 vos
235 927 263 971 et
276 918 404 987 iirclytuur
419 915 450 968 nt.
463 931 532 984 quos
547 925 575 968 ut
587 932 696 970 caruem
708 932 741 969 cx
758 929 839 970 carue
861 926 963 979 nostra,

172 998 202 1043 et
222 989 295 1040 vetut
309 1003 340 1041 os
354 1002 385 1039 ev
399 986 505 1040 ossibus
519 985 619 1039 nostris
631 986 772 1055 amplexu,
791 986 905 1052 sirimpio
919 1002 967 1054 pa-

176 1068 255 1111 temo
268 1056 398 1111 lovemlos
420 1055 601 1125 sumpsimus,
617 1073 631 1109 ι
651 1056 792 1125 tyrannide
803 1049 885 1128 400
900 1053 965 1109 luri-

175 1128 265 1181 tiundu
294 1123 478 1194 persecutoris
496 1125 580 1194 iniqui
607 1127 741 1194 possimus
767 1124 872 1193 cripere
886 1137 914 1188 ι,
933 1140 966 1179 ιι

175 1198 254 1252 avite
266 1195 432 1251 liarreditatis
449 1207 544 1250 vestre
560 1193 693 1250 tunicatos
718 1195 844 1264 congruis
868 1194 966 1249 duibus

174 1267 315 1335 ampliare.
332 1265 378 1320 Sic
390 1265 462 1318 euim
483 1264 659 1334 proculdubio
674 1267 752 1319 nobis
768 1273 810 1319 est
838 1265 913 1318 cordi
939 1273 966 1318 et

174 1353 247 1391 curre
259 1336 323 1390 illud
338 1335 511 1402 magnificum
524 1343 550 1388 et
561 1335 692 1390 taurosum
703 1335 845 1403 lluirgariae
854 1349 965 1403 reguum

175 1406 202 1461 iu
215 1407 332 1475 airtiipuar
346 1405 438 1474 gloriae
450 1403 568 1458 fascibus
585 1405 702 1458 rediviva
724 1403 913 1457 icloruiatiuue
926 1405 967 1457 di·

175 1477 274 1545 rigere,
287 1477 380 1543 sicque
394 1474 452 1542 ipso
468 1473 552 1526 illaeso
565 1474 747 1542 persecutoris
770 1473 841 1527 illius
862 1473 966 1538 illidere

176 1546 321 1601 tertiarum.
336 1548 407 1612 ipiuut
422 1543 494 1596 uuita
507 1558 617 1610 prorsus
629 1559 806 1613 personarum
819 1551 865 1596 aut
876 1558 965 1611 rerum

176 1614 314 1682 dispendia
332 1614 434 1667 evitare
449 1613 632 1682 propouiums,
651 1615 715 1682 quiri
736 1614 768 1666 ιιι
786 1613 964 1667 edomandum

176 1682 296 1751 ejusdcm
313 1681 424 1737 fastuosi
448 1683 602 1749 superbiam
619 1683 669 1738 suli
684 1683 839 1738 victricibus
857 1684 929 1750 aquil
940 1698 963 1747 s,

177 1755 245 1807 duee
272 1752 384 1807 Domino
414 1752 601 1814 exercituum,
623 1753 803 1808 intendamus.
825 1752 859 1807 ιιι
880 1754 967 1807 diseat

177 1823 290 1884 aurudo,
311 1821 399 1890 posito
425 1820 567 1943 supercilio
589 1838 681 1892 perse
697 1824 801 1893 ipsum,
835 1823 967 1891 quamsit

176 1893 273 1945 durum
283 1907 419 1961 quamque
427 1892 462 1946 dil
474 1892 532 1945 ieite
542 1901 636 1946 contra
649 1892 786 1947 stiriiuluui
794 1893 965 1947 caletum-eb.

176 1962 297 2032 Eiaergo
310 1962 446 2032 princepe,
459 1963 485 2017 iu
496 1977 575 2030 quem
586 1978 747 2031 proavorum
759 1978 889 2032 gravierosa
899 1971 968 2015 stre·

176 2033 267 2087 uiritas
283 2032 355 2086 vires
365 2043 392 2085 et
406 2032 510 2086 animus
522 2031 687 2085 derivatione
705 2034 823 2102 grutirita
837 2047 967 2101 propaga-

177 2103 233 2166 vit,
249 2102 335 2156 virum
346 2102 447 2156 induite
460 2102 619 2166 virtuosum,
631 2118 678 2156 vos
690 2106 786 2155 robore
801 2103 968 2156 tortitudinis

174 2174 357 2242 ricciiigeutes.
372 2172 538 2226 Coulidinms
552 2180 641 2225 autem
657 2173 683 2225 iii
698 2172 787 2226 diviua
806 2172 966 2236 elementia,

175 2244 246 2312 quod
259 2259 312 2298 nou
323 2243 409 2297 ιιιιιιι
420 2244 497 2296 vobis
505 2258 615 2313 prosper
625 2251 736 2297 cirritos
747 2243 780 2295 ad
789 2243 890 2302 uuiuia,
902 2243 967 2296 durii

175 2315 203 2367 ia
216 2329 296 2367 caiisa
309 2311 323 2365 l
330 2313 381 2366 citi
396 2320 423 2366 et
432 2328 507 2381 aitqua
517 2312 677 2377 militabitis,
689 2323 716 2365 et
725 2313 775 2367 suli
788 2312 909 2383 principe
921 2328 968 2367 ze·

176 2383 262 2437 litore
275 2381 388 2452 jirstitiar
402 2380 538 2435 lortuuatu
556 2393 579 2434 ι.

403 2472 481 2543 401
495 2471 661 2526 epistota
677 2471 748 2526 XXl.

197 2563 350 2636 liudolphus
363 2564 455 2616 duceni
470 2562 599 2616 exereitus
617 2563 652 2616 ud
674 2562 796 2616 militium
815 2564 906 2617 inritet
924 2564 949 2616 d.

329 2654 392 2727 (itu.
406 2654 485 2708 Doni.
500 2654 578 2719 teto,
595 2654 653 2707 cod.
669 2652 739 2707 ltod.
757 2653 828 2722 xxi.)

177 2747 377 2801 diicoiieuruit.
402 2775 438 2786 -
456 2745 556 2800 Ducem
584 2761 645 2799 euur
671 2753 747 2813 parte
775 2745 913 2815 cupiarum
941 2747 969 2801 iu

214 2816 365 2885 provincias
381 2815 495 2885 imperio
510 2816 707 2885 recuperandas
731 2818 911 2937 praemissum,
935 2819 970 2872 ob

215 2900 259 2940 res
276 2887 407 2956 praetere
425 2893 514 2955 gestas
525 2886 632 2938 eximiis
647 2883 724 2938 ellert
745 2886 874 2951 audibus;
889 2887 970 2955 etque

214 2957 327 3010 nuntiat.
349 2971 378 3009 se
407 2955 562 3024 propediem
578 2955 763 3024 protecturum
792 2955 819 3008 iu
832 2954 969 3011 dustriam

612 221 642 277 Β.
657 220 782 279 candit
802 218 907 278 trudat
928 216 1003 275 otte.
1024 211 1113 272 PARS
1133 215 1152 270 l.
1174 214 1293 271 sectio
1313 212 1351 270 te.

1751 208 1804 268 rte

1049 327 1122 379 Satis
1136 334 1177 379 est
1197 326 1275 392 regiae
1290 320 1443 378 celsitudini
1476 328 1571 390 pateus
1600 328 1629 373 ct
1655 322 1807 389 cognitum,

1016 406 1116 464 nirenta
1131 397 1156 449 iu
1168 406 1193 447 tc
1205 395 1292 447 virtus
1303 394 1414 455 eniteat,
1423 390 1577 445 satisclaris
1589 401 1617 444 et
1628 391 1740 458 placidis
1751 391 1810 445 elie·

1015 468 1099 521 rescit
1116 465 1222 519 indiciis
1238 473 1265 517 et
1280 463 1393 517 notoriis
1405 462 1502 515 claruit
1517 461 1694 530 argumentis,
1705 474 1809 530 qumis

1016 537 1185 591 strenuitatis
1197 542 1224 588 ct
1237 533 1299 587 fidei
1310 533 1404 585 rutilas
1419 531 1546 599 puritate,
1560 532 1624 585 dum
1638 541 1737 586 iiustrae
1748 532 1810 602 glo·

1017 608 1064 661 rire
1075 605 1229 660 sitibundus
1241 612 1268 657 et
1283 602 1388 665 avidus,
1407 616 1583 670 personarum
1599 609 1626 653 et
1643 617 1733 655 rerum
1751 605 1809 656 dis·

1015 677 1111 745 pendia
1125 691 1178 728 uun
1190 674 1302 733 evitans,
1314 673 1347 727 ad
1355 672 1547 727 exaltationem
1560 671 1666 740 imperii
1681 671 1811 740 prosilire

1016 762 1068 799 uon
1096 761 1188 799 cessas
1210 743 1375 811 intrepidus,
1394 741 1503 795 credite
1525 741 1573 793 tibi
1591 749 1691 795 nostra
1707 741 1811 794 nulitiie

1016 816 1124 886 agurina
1136 814 1252 884 gloriose
1276 828 1308 866 ac
1330 820 1440 866 strenue
1452 811 1591 879 dirigendo
1607 823 1629 864 ι.
1652 812 1740 880 Super
1755 825 1812 879 quo

1016 887 1109 954 utique
1140 893 1192 938 ture
1210 884 1388 944 constantia,
1410 897 1470 950 quar
1490 882 1517 933 iu
1537 882 1627 948 operis
1641 882 1812 936 euliibitioue

1016 955 1189 1023 complacuit,
1205 953 1425 1008 commendamus
1436 949 1570 1005 ellectum.
1589 950 1660 1005 Sane
1677 960 1724 1004 tua
1738 951 1813 1004 volu·

1017 1041 1076 1078 mus
1090 1023 1223 1078 desideria
1239 1038 1292 1076 uon
1314 1022 1413 1084 latere,
1438 1020 1509 1089 quod
1537 1021 1563 1072 iri
1589 1022 1731 1090 proximo,
1756 1021 1812 1075 lieo

1016 1095 1094 1156 dirce,
1107 1095 1139 1146 ad
1154 1103 1244 1163 partes
1262 1092 1379 1145 uusiuae
1395 1092 1421 1144 iri
1434 1090 1508 1159 regio
1519 1098 1659 1159 potentatu
1683 1099 1710 1144 et
1730 1106 1811 1160 appa-

1016 1174 1076 1218 ratu
1090 1168 1233 1232 magnilica
1254 1177 1302 1216 nos
1316 1161 1440 1216 conterre
1455 1162 1642 1227 disponimus,
1658 1162 1740 1229 digua
1762 1175 1812 1229 pro

1017 1235 1123 1287 meritis
1142 1243 1168 1287 te
1198 1232 1375 1287 beneficentia
1400 1230 1548 1284 litteraliter
1572 1231 1756 1298 praeventuri,
1783 1239 1812 1283 et

1013 1302 1090 1371 juvtu
1103 1303 1241 1357 industrie
1257 1312 1310 1356 ture
1324 1301 1466 1356 consilium
1478 1301 1531 1353 tine
1544 1301 1656 1353 salutari
1676 1302 1683 1339 t
1702 1301 1811 1370 negotio

1016 1375 1152 1443 provisuri
1169 1376 1192 1427 ὅ.

1235 1461 1316 1535 402
1330 1460 1497 1538 epistota
1514 1460 1597 1515 xxlt.

1018 1571 1043 1628 F
1045 1576 1172 1629 ildericus
1207 1576 1416 1645 archiepiscopus
1451 1574 1660 1644 Sutisiurpeitsii
1700 1573 1809 1630 attolite

980 1680 1003 1739 B
1053 1663 1115 1699 suos
1148 1647 1306 1699 dioeeeiuirus
1335 1663 1351 1698 ιι
1373 1645 1527 1714 jiirurrioiito
1557 1647 1675 1714 prestito
1705 1645 1811 1699 rutilent

1052 1716 1174 1785 principi.

1165 1806 1226 1875 (ιιι.
1241 1804 1318 1859 ιιοιι.
1336 1804 1412 1866 teto,
1428 1805 1487 1858 rod.
1502 1804 1573 1858 llud.
1588 1805 1668 1875 xxii.)

1017 1897 1215 1951 breuissimi.
1234 1925 1270 1935 -
1280 1895 1504 1964 Arcbiepiscopus
1517 1894 1733 1961 Sulistmreensis
1747 1911 1812 1966 pro·

1054 1966 1183 2020 vuicialcs
1197 1982 1260 2020 suos
1273 1981 1287 2018 a
1299 1964 1454 2031 juramento
1468 1965 1605 2020 lidetitatis
1620 1967 1745 2031 absolvit,
1759 1981 1813 2034 quo

1054 2037 1110 2105 regi
1127 2038 1306 2090 llolreruorimi
1318 2036 1558 2098 astrineeliautur;
1579 2050 1612 2090 ac
1633 2035 1666 2090 de
1681 2035 1814 2106 suffraga-

1055 2121 1167 2160 neorum
1179 2106 1291 2160 consilio
1305 2119 1333 2158 se
1345 2078 1713 2174 anatliemaiepercussumui
1727 2107 1814 2159 mina·

1055 2184 1099 2229 tur
1114 2191 1301 2245 querire-unque
1313 2174 1459 2242 juramenti
1471 2173 1530 2241 ejus
1540 2175 1652 2229 obtentu
1661 2191 1715 2230 nou
1725 2175 1815 2230 adbu-

1054 2256 1161 2301 rentem
1182 2245 1333 2312 liudolplru.

1055 2335 1207 2390 Fridericus
1220 2335 1266 2390 oet
1277 2335 1374 2403 gratie,
1382 2345 1446 2400 ιιι,
1454 2336 1609 2392 ornuisboni
1620 2336 1814 2406 plenitudinem

1020 2420 1081 2458 cuin
1097 2407 1193 2460 salure.
1221 2406 1260 2458 Ex
1273 2420 1326 2474 ouo
1338 2403 1512 2472 jurisjurandi
1540 2418 1632 2461 sinicii
1649 2406 1744 2476 religio
1759 2425 1813 2463 nou

1019 2486 1060 2528 esi
1073 2475 1224 2543 iniquitatis
1238 2475 1383 2537 vinculum,
1396 2476 1444 2529 sed
1454 2477 1624 2539 enumeratio
1638 2478 1729 2544 pitiirs
1742 2479 1814 2532 veri·

1020 2545 1092 2607 tatiS,
1107 2548 1157 2598 riri
1170 2545 1315 2613 perridentes
1330 2555 1355 2599 et
1369 2546 1483 2613 providi,
1498 2547 1531 2599 de
1551 2563 1665 2613 uuiuiuii
1681 2562 1729 2601 vos
1758 2564 1811 2601 uu·

1021 2630 1096 2669 mero
1111 2616 1287 2678 aestimamus,
1303 2614 1367 2669 illud
1401 2615 1460 2669 leue
1474 2615 1625 2686 intelligunt
1651 2625 1680 2670 et
1699 2617 1815 2672 faciliter

1021 2686 1237 2755 apprehendunt,
1262 2685 1333 2754 quiid
1359 2633 1457 2740 itiirstri
1472 2686 1585 2754 principi
1610 2688 1641 2738 ii.
1664 2702 1714 2755 per
1727 2702 1776 2740 vos
1788 2694 1815 2740 et

1021 2759 1089 2808 alios
1115 2756 1235 2825 praestita
1251 2765 1420 2809 saer-amenta
1437 2757 1567 2810 adversus
1589 2771 1698 2810 suerum
1728 2757 1814 2826 impe-

1021 2827 1102 2890 rium,
1118 2827 1309 2893 dominumque
1322 2833 1441 2878 vestrum
1466 2827 1680 2888 severrissimiriu,
1698 2840 1749 2880 nec
1775 2836 1814 2879 te·

1023 2906 1096 2957 nent,
1113 2912 1163 2949 uec
1178 2895 1262 2965 ligant
1276 2911 1332 2957 vos,
1348 2896 1419 2963 quod
1429 2904 1523 2950 eontra
1539 2898 1632 2950 ducein
1643 2906 1671 2949 et
1682 2895 1813 2964 iustitiam

1023 2975 1178 3034 statumque
1196 2965 1350 3034 reipublic-e
1376 2965 1494 3019 indebite
1519 2975 1581 3018 siue
1601 2976 1709 3020 extorta
1727 2967 1760 3028 h;
1787 2975 1813 3019 et

212 3035 275 3079 eutn
288 3024 431 3095 magnitleo
439 3032 578 3094 apparatu,
590 3025 716 3095 regiaque
726 3025 801 3078 illudi
813 3027 1007 3112 manticen-c
1023 3036 1150 3116 quoniam
1179 3035 1274 3090 eadem
1289 3035 1443 3101 juramenta
1469 3036 1607 3089 observari
1635 3053 1689 3090 uou
1703 3046 1815 3104 possunt

216 3095 253 3149 tia
266 3103 485 3164 prosecuturum.
562 3170 566 3174 .

216 3242 229 3270 ι
250 3229 345 3300 ltagua
358 3227 438 3299 liujus
456 3229 576 3300 epistolar
603 3230 750 3286 similitudo
769 3247 830 3287 curn
845 3233 969 3287 sextade-

1022 3120 1081 3159 srne
1109 3104 1264 3174 prejudicio
1289 3116 1386 3160 restite
1403 3105 1498 3159 salutis
1514 3115 1541 3160 et
1562 3106 1666 3160 urorrali
1694 3106 1816 3176 periculo

1020 3231 1088 3300 ipso,
1104 3232 1228 3286 eumdem
1242 3248 1303 3286 cuni
1328 3241 1425 3285 vestrae
1452 3231 1588 3285 sanctitati
1606 3231 1760 3301 placuerit,
1788 3240 1816 3287 ct

177 3301 249 3354 ciuia
275 3300 341 3352 lacit
364 3309 393 3355 ut
410 3302 500 3354 datam
516 3310 659 3369 utramque
671 3305 778 3357 credam
795 3317 848 3356 uuo
862 3304 969 3357 eodem·
1020 3305 1108 3355 risum
1121 3301 1201 3354 siverit
1212 3312 1405 3372 opportunum,
1421 3302 1454 3355 ιιι
1474 3302 1620 3369 irriperiolis
1635 3301 1737 3371 stratigii
1757 3303 1816 3356 dia-

176 3386 230 3438 oue
244 3379 374 3439 tempore.
386 3369 508 3439 Cererique
521 3372 547 3424 iu
558 3380 673 3440 utiiiquo
688 3373 706 3425 ii
719 3373 905 3427 adolescentes
924 3388 968 3426 rea
1020 3373 1098 3425 deuia
1112 3373 1261 3440 dignemini
1276 3371 1491 3426 misericorditer
1504 3386 1636 3426 evocare:
1652 3374 1776 3427 utseiaut
1787 3381 1817 3426 et

176 3441 214 3562 epi
228 3440 345 3508 adoptati
364 3439 499 3504 dieinmr,
512 3439 600 3494 lateor
622 3456 665 3495 ine
679 3458 733 3496 nun
753 3442 901 3511 intelligere
921 3458 970 3497 cur
1020 3440 1171 3509 intelligant
1183 3441 1312 3504 universi,
1324 3443 1395 3511 quod
1408 3442 1528 3510 posuerit
1542 3457 1589 3496 vos
1603 3443 1628 3495 iu
1642 3443 1731 3496 lucem
1750 3458 1815 3513 geu-

176 3510 326 3565 rustriacui
345 3510 466 3564 lusione
492 3518 586 3565 auctor
606 3509 728 3566 Gerardo
754 3513 865 3566 nimiam
889 3511 967 3566 tidem
1021 3510 1087 3564 tium
1103 3510 1241 3575 ltarrriims,
1255 3522 1282 3565 et
1295 3528 1343 3580 per
1356 3518 1454 3565 vestive
1472 3512 1642 3566 discretionis
1661 3513 1815 3577 artritrimn,

180 3579 312 3634 adhiberis
327 3581 620 3648 adoptiuuemdtlteeai
636 3582 833 3650 insequentem
857 3598 966 3637 aunum.
1020 3581 1079 3635 orbi
1111 3589 1191 3636 terrae
1220 3591 1281 3652 post
1309 3581 1430 3636 nubilum
1460 3590 1587 3648 exoptata
1613 3583 1748 3636 serenitas
1759 3585 1817 3637 elu-

179 3648 246 3704 vioe
259 3664 340 3719 sopra
356 3651 420 3720 (eol.
437 3652 498 3715 ιιι,
512 3668 539 3705 ιι.
556 3653 591 3722 b).
1021 3663 1122 3705 ceseat.
1139 3671 1147 3701 ι

215 3719 348 3775 bliudem
380 3720 435 3776 lore
469 3723 559 3775 verbis
591 3721 714 3792 Ungariar
748 3736 875 3791 prrieeres
901 3720 962 3775 atlo-
1055 3721 1067 3759 ‘¹
1089 3721 1205 3779 Lector,
1234 3719 1316 3788 judex
1347 3728 1423 3783 estu,
1457 3735 1519 3774 nuru
1551 3722 1645 3774 titulus
1672 3724 1817 3776 conmutat

178 3788 282 3858 quitur.
1021 3791 1150 3858 epistole.
1181 3790 1265 3861 ltegio
1295 3792 1425 3844 exercitui
1450 3807 1495 3843 ιιι
1529 3792 1586 3859 ipse
1611 3807 1673 3844 euni
1704 3808 1759 3845 uno
1783 3812 1815 3848 ei

214 3859 349 3914 οιιιιιιιιι
361 3870 433 3915 esset
448 3868 551 3914 tautum
565 3862 725 3930 principem,
741 3863 876 3930 tantisque
889 3877 969 3914 orna·
1021 3861 1083 3914 titiis
1105 3872 1220 3929 praeerat
1243 3859 1376 3929 :jamque
1400 3861 1489 3914 omuia
1515 3870 1593 3914 eruut
1620 3863 1754 3930 disposita
1782 3870 1816 3918 ιι

179 3937 235 3983 tum
248 3929 393 3985 virtutibus
405 3947 467 3985 cum
480 3933 587 3987 ttiesare
602 3933 695 3986 aliisve
707 3933 824 3986 etlmieis
839 3931 969 4000 principi·
992 3996 995 4001 *
1021 3931 1181 3984 ιιιιιιιιιιιιιιι
1197 3941 1295 3984 nistra.
1309 3931 1384 3985 Tunc
1399 3946 1463 3984 vcro
1475 3931 1605 3984 exercitui
1617 3931 1708 3985 ciuem
1720 3936 1816 4001 iiiiaerit

178 4000 406 4068 trirsoomparaie.
423 4002 458 4054 Αι
482 4002 634 4072 Eugelbeiti
661 4002 828 4056 Colorrieusis
850 4001 970 4071 episcopi
1021 4001 1137 4053 dueerir‘t

177 4070 362 4124 testimonium
388 4071 495 4126 silentio
509 4073 642 4141 praeteriri
657 4088 708 4124 riou
734 4073 821 4132 debet,
844 4070 970 4140 quiGre-
1060 4082 1071 4108 ⁰
1093 4070 1278 4122 lleinlruriiuui
1296 4070 1422 4123 comitem
1438 4069 1618 4124 Tiroleusiiiui
1644 4074 1815 4140 praeiriissum

176 4139 253 4207 gorio
270 4138 294 4193 Χ
316 4141 432 4195 electum
455 4156 546 4211 regem
572 4141 755 4194 llouiauormu
777 4142 818 4196 sic
842 4141 970 4194 describit
1021 4137 1104 4193 luisse
1120 4140 1146 4191 iu
1162 4141 1279 4208 styriam
1292 4149 1318 4193 et
1332 4141 1499 4194 tlaiiuttiiaiu
1516 4151 1642 4195 auctores
1659 4151 1816 4198 coristautzr

177 4208 256 4267 root.
271 4206 371 4263 Cesar.
385 4228 428 4280 up.
441 4220 511 4264 uitet.
524 4211 594 4262 l'iet.
611 4211 700 4262 Αιιιιι.
717 4211 735 4262 ι.
751 4228 770 4274 ι,
784 4210 880 4278 c.l,p.
905 4211 966 4281 stt:
1021 4211 1139 4262 trudunt.
1156 4210 1281 4273 Quicum
1296 4210 1454 4278 lludotptms
1470 4209 1607 4263 Patavium
1630 4217 1756 4279 pervenit
1770 4214 1815 4268 die

180 4302 190 4328 ι
204 4280 236 4333 Et
251 4287 280 4332 ut
292 4280 326 4333 de
337 4279 408 4401 repis
416 4280 505 4344 electi,
515 4281 554 4333 sic
566 4290 592 4333 et
604 4283 725 4333 coronati
738 4295 851 4348 persona
863 4295 966 4334 saeros.
1021 4280 1055 4331 ee·
1070 4279 1246 4346 Septeuiluis,
1263 4280 1289 4333 iii
1304 4281 1401 4335 castris
1411 4280 1490 4349 regiis
1501 4281 1645 4349 reperitur,
1660 4281 1815 4354 diciturque

179 4349 307 4402 ltauranre
320 4349 371 4404 Ειι
382 4349 445 4405 osiae
464 4350 558 4403 matris
574 4357 672 4403 austrie
684 4365 752 4403 aava
765 4349 862 4419 gaudia
873 4365 968 4413 cuum·
1021 4358 1231 4417 utraruuueeam
1241 4351 1407 4418 provini-iam
1420 4350 1576 4418 delegissem
1586 4351 1678 4404 voilia.
1688 4351 1814 4417 bientiae,

178 4419 287 4480 teritur,
308 4418 379 4471 idcur
403 4434 450 4473 rer
469 4429 511 4474 est
536 4418 588 4473 lide
605 4419 765 4484 cattiolieus,
791 4420 966 4474 ecclesiarum
983 4399 1071 4472 1)irisr
1083 4418 1116 4472 ad
1133 4427 1203 4472 lmuc
1216 4431 1355 4474 strenuuin
1367 4421 1464 4474 ducem
1476 4419 1661 4487 episiotidau
1674 4432 1727 4476 esi.
1742 4423 1814 4490 Quin

179 4498 295 4550 amator,
326 4487 439 4552 justitie
465 4490 568 4547 cultor.
593 4489 697 4558 pollens
720 4490 844 4553 consilio,
862 4490 967 4556 lirleeus
1018 4488 1239 4543 etiaurbtbertus
1253 4491 1449 4611 primogenitus
1463 4489 1614 4559 ltmtolpbi,
1633 4505 1716 4559 quoin
1731 4507 1813 4563 supra

177 4557 290 4624 pietate,
318 4559 435 4625 propriis
454 4560 683 4628 poteirsviribus,
703 4569 730 4614 et
755 4560 899 4615 multorum
923 4576 968 4629 po·
1018 4559 1135 4614 vidimus
1156 4560 1214 4628 (cp.
1238 4559 1248 4610 l
1276 4567 1285 4631 t
1309 4559 1478 4629 praemissum
1506 4561 1565 4627 pari
1595 4560 1676 4614 modo
1709 4563 1735 4616 iu
1760 4566 1815 4617 ιιι·

179 4625 292 4680 rentium
303 4626 432 4683 affinitate
446 4644 593 4693 connexus,
618 4629 683 4691 Deo,
700 4640 730 4684 ut
746 4631 861 4684 tirmiter
874 4631 968 4700 opina·
1018 4630 1093 4685 striae
1110 4629 1274 4698 provincias,
1294 4645 1354 4683 eum
1370 4629 1469 4684 comite
1491 4628 1648 4683 bleiulrardo
1666 4630 1751 4687 luisse
1775 4634 1815 4687 ri·

179 4709 249 4757 uiui,
264 4696 398 4758 amabilis,
410 4707 439 4752 et
454 4698 579 4753 buuiauis
592 4699 753 4767 aspectibus,
781 4708 811 4754 ιιι
834 4702 965 4761 cernitur,
1019 4700 1209 4755 detondens
1232 4699 1475 4754 cmucreditasibi
1494 4699 1589 4751 militia
1617 4713 1662 4754 res
1691 4710 1815 4771 gesserat

178 4766 327 4833 gratiosum
344 4769 969 4839 insupereorpoiestieuuus,etinrebusbel-
1019 4771 1130 4837 (liguas,
1172 4785 1233 4839 quie
1265 4788 1279 4823 a
1312 4769 1453 4838 lludotplro
1485 4771 1602 4822 marture
1639 4773 1816 4828 commenda·

178 4835 344 4893 lieiscontra
360 4838 480 4895 intldetes
499 4840 661 4894 fortunatus.
682 4839 797 4910 l'ropter
811 4840 883 4909 quod
904 4855 966 4908 spe·
1020 4848 1124 4894 rentur.

178 4919 272 4962 minus
284 4907 311 4960 iu
324 4923 358 4962 eo
369 4909 415 4978 qui
430 4925 508 4978 reges
530 4920 557 4964 et
571 4925 652 4980 regua
667 4911 816 4974 mustituit,
832 4909 903 4980 ιιοιι
918 4911 968 4964 soli
1059 4909 1067 4948 t
1085 4908 1135 4962 llie
1148 4909 1254 4962 videtur
1267 4908 1368 4978 aliquid
1380 4909 1484 4964 deesse.

177 4976 237 5042 eius
250 4977 404 5049 principatu
423 4982 536 5049 paciltca
552 4995 629 5050 quies
655 4994 738 5051 reguo
750 4981 901 5050 proveniet,
916 4997 968 5049 pai
1056 4979 1182 5033 ⁸Eodem
1192 4980 1318 5032 troeauuo
1330 4978 1606 5049 etuttppuoartuiute
1617 4979 1686 5035 duce
1696 4974 1813 5049 delecto,

177 5047 310 5111 eeclesiis,
324 5051 468 5105 eoncordia
481 5051 614 5121 plebibus,
629 5057 656 5104 ιι
668 5052 788 5106 moribus
800 5051 941 5120 disciplina
959 5068 966 5103 :
1019 5047 1207 5104 lteinlrardum
1230 5049 1377 5117 provinciis
1399 5048 1535 5118 praefecit,
1565 5059 1595 5102 ut
1620 5051 1816 5107 animadvertit

179 5116 302 5187 itaquel
316 5119 595 5189 gladiicouttalmntur
610 5122 636 5174 iu
651 5136 783 5185 vomeres
793 5137 875 5176 cornu
891 5120 969 5176 Chri·
1019 5118 1240 5189 haristallium.
1256 5119 1319 5173 Suc.
1337 5129 1401 5173 tom.
1412 5120 1443 5182 lt,
1455 5117 1652 5190 p.3t›‘tij,eiijus
1662 5120 1744 5174 rerba
1760 5136 1814 5175 non

180 5189 214 5243 sti
226 5189 266 5243 soi
280 5205 295 5241 a
309 5204 372 5258 rege
383 5204 476 5260 regum
491 5191 797 5260 rivagutticesubtimato.
814 5192 867 5245 Vos
879 5191 970 5260 itaque
1019 5191 1163 5259 negligam.
1180 5208 1189 5237 i
1207 5190 1273 5242 duur
1290 5187 1447 5256 lluilutpbus
1471 5204 1541 5242 auno
1567 5189 1635 5242 itte
1656 5192 1815 5260 proiiuia'as

179 5274 344 5328 uuaesmuus,
362 5270 440 5329 pater
462 5273 570 5325 cauete,
592 5260 719 5332 suscipite
743 5262 828 5316 litium
852 5261 970 5330 singuta-
1019 5267 1188 5330 occupasset,
1214 5275 1260 5313 eas
1274 5276 1327 5313 nou
1341 5257 1474 5330 Pullippo,
1496 5260 1542 5313 sed
1558 5258 1718 5315 Metubardo
1736 5261 1812 5315 Tiro

180 5340 341 5398 remoueri
354 5331 448 5399 procot
463 5332 545 5387 delrio
560 5333 682 5387 sentietis
694 5332 858 5402 intrepidum
875 5331 970 5386 matris
1019 5331 1135 5385 lensium
1155 5329 1257 5391 euuiiii,
1277 5337 1386 5398 propter
1414 5329 1521 5401 egregie
1549 5340 1676 5385 navatam
1703 5344 1814 5400 operam

181 5398 307 5455 izoetestae
316 5400 445 5471 pugilem,
458 5409 487 5455 ιι
501 5402 630 5456 invictum
648 5402 709 5457 tidei
726 5401 867 5458 catliolicce
880 5399 970 5455 deleu-
1021 5400 1158 5455 tradidit:
1178 5399 1302 5470 Philippo
1334 5399 1469 5455 modulum
1498 5414 1576 5454 sumu
1609 5400 1683 5470 apud
1714 5401 1815 5457 Urbem

180 5482 282 5522 sorem.
297 5469 457 5526 Processuin
469 5487 532 5527 vero
546 5473 674 5536 tanrrite,
694 5481 749 5527 taur
764 5474 894 5543 provide,
914 5479 970 5524 tani
1020 5469 1209 5537 Ghreuitsiuru
1234 5473 1267 5524 ait
1287 5470 1389 5524 exitum
1415 5484 1500 5539 usipus
1525 5468 1669 5526 tolerante.
1694 5470 1820 5526 ltceesnt

182 5543 287 5593 mature
306 5539 339 5594 de
355 5540 413 5610 ipso
424 5542 464 5596 sic
478 5542 609 5606 lraliitmu,
628 5543 753 5612 gratiosae
769 5542 971 5612 approbationis
1021 5556 1065 5594 au.
1082 5539 1160 5593 tato.
1181 5559 1191 5591 i

182 5606 311 5673 applausu
325 5610 453 5667 benevolo
466 5625 677 5692 prosequentes,
697 5629 729 5668 ιι
743 5629 774 5668 er
788 5613 907 5667 atttoeuti
926 5629 969 5682 pa·
1057 5614 1070 5650 i
1091 5610 1157 5675 Quae
1165 5608 1320 5675 juramenta
1334 5609 1488 5665 (ittoearus
1514 5611 1675 5677 extorserit,
1688 5611 1751 5667 vide
1769 5623 1818 5666 se·

183 5680 267 5729 terme
284 5677 425 5735 dulcedine
449 5684 557 5750 protritis
585 5698 653 5752 opus
678 5680 849 5753 perficientes
872 5683 919 5736 liei
943 5684 970 5738 in
1021 5695 1080 5750 pra,
1094 5696 1137 5748 ep.
1161 5680 1201 5732 ia.
