3780 6120
189 254 239 313 ⁸5!
626 249 657 304 tt.
676 247 801 305 csuotl
816 249 923 306 UNGNl
940 249 1014 306 buu.
1033 250 1122 306 l'illlS
1141 253 1161 307 l.
1179 252 1299 309 stello
1318 253 1350 308 ttt
1709 282 1713 287 ·
1766 254 1819 311 832

191 381 221 428 iit
234 371 391 441 edbgimnti
405 365 505 437 populo
515 379 617 422 iaorein
635 374 749 435 gereret,
766 380 837 420 anno
852 365 921 421 teos
931 380 978 420 sex
994 367 1017 426 Α
1031 366 1188 435 tieseiinqne
1214 367 1346 421 senatoris
1359 367 1469 430 electio,
1497 366 1537 421 iol
1560 365 1682 430 alterins,
1698 381 1818 435 quocun-

191 451 218 499 et
228 438 422 520 qninquaginta
440 442 579 491 senatores
590 435 707 490 instituit
721 433 808 507 (θαι.
826 451 900 490 nuni.
916 435 978 498 itt,
1029 449 1081 504 que
1095 436 1203 492 nemine
1216 445 1375 499 censeatur,
1402 437 1447 518 qui
1463 450 1624 504 quoeunque
1640 436 1730 499 niodo,
1752 451 1819 506 quo-

190 510 261 581 seq.)
271 509 421 580 praedicens
433 507 549 576 pessimo
573 505 680 574 publico
694 511 798 559 tantum
816 519 908 562 eorum
929 521 980 560 nn-
1028 521 1133 574 cunque
1153 506 1230 561 titulo
1247 506 1332 576 ipsius
1351 505 1431 560 Urbis
1442 504 1539 559 debeat
1551 519 1669 575 preesse
1681 506 1817 576 regimini,

191 595 295 636 inerum
312 585 433 634 creatum
448 576 480 629 iri
496 593 503 628 ε
522 593 531 626 ι
551 574 697 630 Senatores
717 583 821 637 auoem,
845 576 914 630 sieut
930 574 980 630 do·
1029 575 1056 628 in
1071 584 1208 644 posterum
1234 575 1395 636 imminebit,
1420 574 1509 629 nullus
1528 574 1685 644 imperator,
1709 590 1758 630 seu
1770 591 1818 632 rex

191 651 280 704 minus
289 661 357 716 papa
369 645 538 726 praedixerat,
552 652 607 699 tam
618 644 688 700 male
700 644 728 698 in
739 643 829 699 ollieio
840 645 980 716 regiminis
1028 643 1225 727 Romanorum,
1240 652 1287 699 ant
1299 645 1369 698 alius
1381 644 1536 714 imperator,
1548 644 1590 698 vel
1608 658 1666 726 ies,
1680 645 1817 728 prinecps,

190 713 980 864 aiiitdiiiiltliilid{finitissimis
1027 714 1818 854 iiiiiiiiiiiiltiiililiidiititllitim

189 857 227 911 tin
238 855 344 925 penitus
365 853 498 934 relegatis.
513 851 589 933 Unde
601 851 714 920 populus
730 862 813 920 eoepit
824 854 891 908 adeo
901 868 979 908 exse-
1027 851 1126 917 entiae,
1137 854 1328 923 reldignitatis
1344 855 1458 920 existat;
1473 853 1565 917 frater,
1582 851 1662 918 ilius,
1678 853 1722 909 vel
1736 868 1818 978 offer

190 926 271 986 erari,
289 933 319 978 ut
328 931 476 992 oportuerit
490 921 627 975 dominnm
639 936 735 990 papam
754 922 788 976 ad
808 937 979 978 communem
1027 936 1120 977 eorum
1135 923 1169 978 ad
1182 930 1296 994 tempus,
1310 923 1353 977 vel
1368 923 1394 977 in
1405 931 1573 994 perpetuum,
1584 938 1633 977 seu
1650 924 1742 991 quivis
1777 926 1818 980 iiis

189 994 280 1066 populi
293 992 448 1062 petitionem
463 1006 546 1045 unuin
561 992 601 1045 eis
623 998 774 1046 senatorem
788 991 946 1047 concedere.
965 1013 975 1044 i
1026 992 1097 1045 ulti-a
1111 992 1189 1064 503
1201 992 1294 1046 annali
1308 992 1423 1063 spatium
1443 993 1537 1062 qiiovis
1555 994 1645 1054 inodo,
1660 993 1763 1057 colore,
1775 993 1816 1049 iel

190 1065 260 1132 Quid
277 1061 359 1118 verni
374 1068 421 1116 aut
440 1075 518 1120 ιιιιιιε.
542 1069 588 1114 aut
605 1059 695 1129 plures
716 1070 807 1115 essent
821 1071 976 1126 senatores,
1027 1075 1107 1116 caiisa
1119 1076 1168 1131 per
1181 1077 1221 1126 se,
1240 1062 1283 1116 vel
1294 1078 1343 1131 per
1367 1061 1448 1116 aliam
1462 1077 1603 1130 personam
1616 1063 1817 1131 ipiomodolibet

189 1149 287 1205 niagno
301 1145 409 1201 semper
429 1130 620 1199 impedimento
633 1146 665 1184 ea
682 1130 797 1211 dignitas
819 1130 889 1195 fuit,
912 1132 976 1200 quiri
1026 1131 1248 1196 submittendum,
1272 1133 1300 1186 in
1319 1140 1483 1195 senatorem,
1510 1132 1705 1202 capitaneum,
1732 1133 1816 1213 patri-

188 1202 329 1274 poiitillees
340 1215 445 1256 summa
456 1206 597 1254 uterentur
613 1207 774 1254 inmonitate
786 1200 813 1253 in
827 1200 899 1255 Urbe
908 1209 936 1254 et
948 1201 976 1256 in
1027 1201 1108 1264 cium,
1125 1210 1171 1255 aut
1183 1209 1325 1264 rectorem,
1340 1202 1381 1255 vel
1404 1201 1437 1254 sd
1450 1200 1571 1268 ejusdem
1586 1200 1669 1256 Urbis
1682 1216 1814 1271 regimen,

188 1272 246 1341 rius
256 1270 404 1328 territorio.
418 1268 487 1337 Quin
500 1267 582 1323 etiam
594 1267 699 1323 factiosi
715 1269 828 1323 Romani
838 1278 976 1392 scientem
1027 1283 1073 1323 sen
1087 1269 1203 1325 odicium
1212 1271 1374 1334 nominetur,
1386 1270 1510 1340 eligatur,
1524 1284 1571 1326 seii
1588 1270 1657 1324 alias
1675 1271 1758 1325 etiam
1772 1286 1815 1326 as·

188 1357 283 1405 onum,
299 1340 448 1395 alterumve
470 1337 618 1408 prinoipem
636 1336 670 1391 ad
682 1338 823 1392 senamriae
857 1340 864 1392 i
902 1340 977 1396 itatis
1027 1340 1262 1422 sumatnrabsque
1274 1341 1382 1395 lieentia
1395 1340 1627 1409 sedisapostolicae
1639 1341 1817 1411 speciali,per

207 1409 365 1466 rodomensi
379 1417 442 1463 sunt
453 1407 600 1474 provehere
612 1406 686 1477 (dnm
693 1415 786 1462 sancta
796 1408 978 1478 sedespcnti-
1027 1408 1112 1477 ipsius
1126 1409 1519 1465 sedislittcrascooeessiooem
1534 1409 1650 1465 licentiae
1662 1409 1816 1480 hujusmodl

188 1427 306 1548 {ossone
318 1475 512 1539 defensionem,
527 1485 640 1530 vacante
652 1476 776 1546 imperio,
783 1476 890 1532 aliunde
901 1492 977 1547 quae·
1027 1479 1181 1548 specialiter
1192 1481 1384 1561 exprimentes
1408 1499 1418 1532 i

189 1544 516 1615 reresuntoompnlsilqui
529 1544 977 1626 Urbemipsamproprioarbitratu
1062 1547 1131 1603 xlv.
1149 1547 1282 1620 Religioni
1299 1549 1360 1604 duxi
1382 1549 1583 1605 constitutionis
1605 1557 1713 1618 partein
1738 1549 1816 1604 istam

189 1624 352 1690 regenaam
367 1614 555 1698 seditiosorum
569 1628 668 1668 civiom
682 1615 795 1701 consilia
838 1617 976 1698 tiussequi
1026 1619 1174 1699 preterire,
1190 1619 1260 1674 unio
1280 1633 1433 1700 supremum
1457 1618 1614 1700 pontificum
1631 1619 1816 1700 demiiiiumio

188 1684 873 1840 tilld'iitililiii‘'iiddiiiiii‘i
887 1700 977 1811 iili:
993 1687 1816 1838 ⁸liliiilltiiiliiiliiiiiiiil‘lati

187 1840 369 1951 ilidii
393 1823 981 1974 „illisitlitteratissimis
1026 1826 1816 1966 fiilis,bilibitiililiiiiillmiili

188 1967 286 2022 factus.
306 1964 374 2020 Cum
392 1963 465 2018 enini
483 1960 653 2019 Urbanusli
670 1963 832 2030 periclitanti
848 1965 975 2021 Ecclesiae
1026 1965 1146 2033 pontifex
1159 1966 1381 2020 constitutionem
1394 1967 1472 2020 istam
1489 1966 1582 2028 edidit,
1598 1965 1679 2020 Urbis
1742 1966 1815 2021 imici

188 2050 267 2104 opem
284 2034 398 2088 validam
421 2032 591 2101 quaesivisset
603 2047 618 2085 a
631 2040 726 2086 saneto
744 2031 880 2089 Ludovieo
896 2034 977 2090 Fran·
1026 2045 1141 2103 praeerat
1154 2036 1288 2090 senatoria
1308 2035 1438 2106 dignitate
1462 2037 1624 2104 conspicuus
1650 2049 1699 2089 rex
1741 2035 1816 2090 'ciliae

187 2120 281 2158 eorum
296 2118 369 2172 rege,
383 2103 503 2172 adeoque
516 2100 615 2155 Siciliae
628 2116 740 2171 regnunt
759 2102 799 2156 illi
822 2104 974 2170 obtulisset,
1026 2103 1148 2169 sarolus,
1161 2105 1317 2173 liudolphus
1337 2121 1385 2160 rex
1396 2105 1578 2159 Romanorum
1602 2120 1650 2159 seu
1670 2105 1816 2174 imperator

187 2174 274 2298 ιιιιιᾶἰ
287 2173 358 2243 regis
371 2172 484 2227 consilio
494 2169 695 2294 Andulgavensis
706 2186 798 2254 comes
813 2172 899 2227 frater
917 2174 977 2259 ejus
1025 2173 1128 2255 electus
1138 2175 1212 2230 brevi
1223 2175 1393 2258 proiecturus
1410 2185 1468 2229 erat
1481 2176 1593 2229 llomam
1607 2175 1764 2258 imperialia·
1773 2175 1815 2229 io-

187 2243 977 2397 :liliaiiiiomontifortisffiaoimo
1025 2244 1816 2397 {etiamtiamiiiaitct‘mioliitos

187 2391 268 2438 ritate
284 2388 436 2437 senatorem
458 2389 617 2453 perpetuum
629 2381 772 2451 designant
783 2385 908 2439 eumdem
926 2385 977 2440 Ca-
1025 2383 1151 2438 Ceruium
1165 2385 1293 2453 praedicta
1306 2392 1455 2440 constitnit.
1471 2383 1537 2449 Quis
1558 2393 1642 2453 igitur
1665 2398 1719 2439 non
1746 2385 1816 2438 viilet

187 2453 285 2508 roliini.
300 2451 354 2509 ttes
368 2451 488 2522 pontiflci
500 2461 527 2506 et
540 2452 721 2507 cardinalibus
735 2452 845 2524 indigna
853 2455 911 2509 visa
922 2464 975 2521 est,
1025 2452 1165 2515 ludovici,
1180 2453 1296 2519 Uttcnis,
1307 2461 1334 2508 et
1350 2453 1458 2508 lleurici
1472 2453 1552 2506 verba
1573 2468 1590 2507 a
1613 2454 1815 2509 successoribus

187 2533 300 2579 externo
313 2523 427 2605 principi
447 2523 541 2577 urbem
564 2523 676 2577 Romam
695 2537 757 2576 eum
769 2522 915 2593 pontificiae
928 2541 977 2579 au·
1025 2523 1159 2592 usquead
1176 2522 1302 2578 ottonem
1317 2524 1350 2578 lt
1362 2523 1514 2585 ratiliabita,
1531 2538 1541 2572 ι
1556 2522 1654 2576 sicula
1667 2522 1816 2591 praedocet-

189 2593 323 2648 ctoritatis
338 2592 498 2648 detrimento
512 2592 654 2646 committi.
672 2591 851 2647 Nihilominus
863 2595 977 2651 consilio
1026 2592 1133 2647 sonibus
1146 2592 1243 2647 vestris
1256 2607 1341 2662 iisque
1355 2608 1427 2646 nune
1441 2592 1470 2646 iii
1483 2599 1572 2645 vestra
1585 2600 1721 2662 potestate
1733 2600 1762 2647 ot
1776 2591 1816 2645 dt-

188 2662 290 2727 habito,
303 2661 330 2717 in
342 2664 455 2717 summis
468 2660 667 2716 difficultatibus
682 2662 840 2718 electionem
860 2677 913 2717 non
925 2664 977 2721 im·
1026 2662 1099 2716 tione
1113 2662 1238 2717 tenuistis
1257 2671 1285 2717 et
1308 2662 1479 2731 disposuistis
1503 2661 1641 2716 civitatem
1665 2660 1813 2716 itomanam

188 2734 313 2802 probent,
326 2730 374 2787 sed
385 2733 468 2787 ceitis
480 2731 582 2800 legibus
593 2733 747 2786 constitutis
756 2731 881 2788 comtum
895 2735 974 2804 quin·
1026 2745 1088 2786 cnm
1106 2732 1205 2786 ducatu
1218 2746 1277 2786 suo.
1296 2750 1305 2785 i
1325 2732 1434 2787 Necnon
1455 2730 1508 2785 alia
1530 2731 1565 2784 ab
1588 2729 1696 2785 litteriis
1708 2729 1744 2786 tv
1759 2745 1814 2785 ero
1840 2730 1847 2740 '

189 2801 491 2872 quenniiadsumniuin
506 2802 593 2872 spatio
612 2802 741 2871 dignitate
762 2803 807 2856 illa
921 2803 975 2858 irui
1025 2817 1075 2856 asti
1109 2801 1258 2871 adempta,
1270 2810 1325 2856 toto
1337 2811 1418 2866 terro,
1437 2816 1496 2872 patr
1512 2798 1814 2870 cstodfsdi'eot'aimiia·

187 2873 356 2943 permittunt,
379 2871 416 2926 ita
440 2879 530 2925 tamen
555 2880 585 2925 ot
607 2885 622 2924 a
648 2871 743 2954 populo
764 2872 798 2927 ad
820 2873 895 2942 ponti
915 2888 976 2928 eeiri
1025 2816 1258 2941 que'gsperttttttttt,
1273 2886 1328 2926 nou
1339 2871 1458 2926 indicare
1476 2869 1624 2924 dominium
1642 2868 1733 2931 Urbis,
1743 2867 1814 2937 eius·

187 2941 297 2998 creandi
318 2941 451 2996 senatoris
471 2940 720 2997 facultatemrcdire
735 2951 826 3005 curet,
842 2943 975 2997 etstatim
1026 2941 1206 3007 qiiedncstus
1229 2940 1264 2994 ab
1284 2938 1415 3010 Augustis
1444 2952 1602 2994 conoessum
1618 2937 1814 3008 pontificisad

188 3020 269 3081 attpue
284 3010 383 3066 Siciliae
399 3025 481 3081 regno
496 3010 625 3080 potiatur,
638 3009 796 3080 dignitatem
807 3010 881 3066 illam
895 3013 971 3096 olidi-
987 3057 1011 3120 c
1026 3008 1165 3092 Pasebalis
1191 3009 1202 3064 l
1223 3024 1463 3092 successorumque
1487 3009 1594 3090 sapiens
1613 3008 1814 3090 consiliumet

187 3079 446 3206 infinditis-⁴3
464 3085 535 3204 ii
551 3078 976 3213 stolidissimis
1024 3077 1814 3229 mliii}filistiillbltiii'iliiid

187 3218 293 3302 ltaliam
305 3225 424 3280 venierat,
439 3218 520 3300 quod·
531 3165 661 3300 henfredi
675 3218 925 3301 superatisiosidiis
937 3218 976 3276 fe·
1025 3232 1075 3272 nos
1087 3219 1161 3300 cives
1172 3218 1277 3288 populis
1287 3219 1393 3300 ceteris
1403 3217 1437 3273 ad
1449 3217 1625 3297 deficiendum
1639 3216 1815 3299 procliviores

189 3289 460 3414 iliilliiillt
476 3286 839 3413 Tililllidw’tffliilli
854 3288 975 3412 {imm
1025 3285 1814 3412 melitidis'lilii-illiiilffld‘iiii

400 3375 408 3413 i
461 3396 469 3419 ‚
567 3373 572 3387 ·
690 3375 698 3412 i
786 3375 794 3412 i
896 3374 942 3413 nsa
963 3390 976 3402 -
1036 3374 1052 3411 ii
1411 3374 1418 3410 i
1449 3373 1464 3412 e

188 3372 406 3499 giiineofdciiide
424 3426 531 3490 aeiniilo,
543 3371 690 3480 senatorii?
687 3428 803 3498 dignitas
816 3443 831 3481 a
843 3376 974 3494 factiosig,
1023 3374 1137 3497 :ejusque
1155 3426 1267 3481 ducatus
1287 3426 1469 3496 Augustorum
1496 3394 1687 3493 diplomatibus
1713 3423 1814 3480 conir-

188 3497 324 3568 plerisque
348 3497 468 3551 omnium
480 3496 580 3559 invitis,
592 3494 739 3551 confertur.
756 3497 786 3553 ld
805 3513 869 3553 iero
879 3495 930 3551 init
946 3499 975 3554 in
1024 3499 1093 3552 mari
1110 3496 1223 3565 coperit
1239 3510 1301 3550 cum
1314 3507 1415 3551 sanctae
1427 3493 1610 3560 sedisjuxibus
1621 3493 1743 3559 ceteris
1760 3503 1814 3548 est·

189 3582 272 3622 caiisa
285 3582 335 3621 cur
350 3566 473 3621 Clemens
494 3562 528 3620 itt
543 3567 607 3622 Urbi
631 3567 775 3622 consulens
798 3566 913 3622 assiduis
932 3584 976 3624 se·
1024 3566 1442 3636 qneuberrimedemonstratnm
1464 3563 1600 3633 sogmios
1617 3563 1691 3632 ipsos
1703 3563 1812 3633 proprio

189 3636 336 3691 ditionibus
349 3634 490 3700 laboranti,
503 3634 627 3691 Carolnm
648 3637 735 3706 ipsuin
754 3636 975 3707 Andegaveiisem
1024 3636 1143 3706 periculo
1155 3635 1336 3691 Romanorum
1367 3635 1506 3689 audaciam
1527 3633 1677 3703 repiiniexe
1700 3643 1813 3688 conatos

189 3714 342 3761 senatorem
360 3704 393 3759 ad
407 3703 565 3760 decennium
586 3707 736 3775 designaret
752 3721 823 3760 anno
839 3705 916 3772 tuos,
931 3708 975 3762 die
1024 3721 1093 3765 esse.
1105 3705 1133 3760 ld
1146 3705 1229 3773 prebe
1243 3705 1317 3760 iiovit
1331 3704 1416 3760 liudol
1437 3707 1494 3768 lius,
1518 3702 1547 3756 iu
1561 3701 1638 3770 cnjus
1651 3716 1700 3758 ore
1730 3701 1813 3772 aliqui

100 3835 107 3848 ¹
188 3775 272 3832 NiSe
291 3774 412 3837 tembris,
428 3784 552 3899 utsuKra
567 3776 975 3844 diximustquamilledignita·
1036 3784 1292 3856 ¹iiuntouaesupra
1316 3775 1392 3830 attuli
1414 3721 1496 3846 fiilos.
1512 3771 1546 3827 de
1570 3770 1704 3841 liudolplii
1731 3773 1810 3842 epist.

188 3854 244 3901 tem
282 3845 365 3901 icolao
376 3843 409 3898 tlt
427 3854 501 3914 ponti
522 3859 553 3900 ee
564 3859 635 3901 anuo
655 3845 724 3901 lats
738 3846 859 3915 pmdicti
873 3847 975 3903 menda
1044 3847 1071 3900 b.
1092 3860 1141 3909 iii,
1161 3861 1189 3899 ii.
1203 3844 1248 3914 te)
1263 3843 1396 3911 videlicet,
1410 3843 1506 3898 multos
1525 3841 1731 3896 diemonnorani
1742 3858 1813 3911 repes

188 3916 282 3972 eadem
297 3915 341 3970 die
357 3914 502 3969 abdicavit.
1024 3914 1105 3968 ftnlio
1119 3915 1286 3986 coiisampsit.
1314 3913 1379 3980 Qum
1397 3915 1431 3970 ab
1449 3914 1543 3968 eodem
1568 3910 1744 3983 pronuntiata
1764 3911 1813 3965 ali·

224 3983 291 4039 filli.
305 3983 433 4051 Quamvis
450 3993 540 4039 autem
555 3986 686 4053 pessimis
700 3985 803 4047 Neine,
818 3991 899 4054 atque
915 3984 974 4054 ejus
1024 3981 1214 4053 quemnemo,
1229 3982 1336 4038 tametsi
1352 3985 1386 4038 ad
1408 3990 1558 4037 extremum
1578 3995 1664 4050 iisque
1685 3981 1813 4050 spirltum

187 4055 317 4110 territorii
328 4061 415 4110 statiis
426 4053 591 4109 Clementem
604 4054 637 4108 itt
651 4054 846 4124 quodammodo
855 4056 975 4111 audacie
1025 4053 1171 4107 itomanam
1192 4053 1393 4109 coronationem
1425 4051 1603 4123 exoptaverit,
1631 4063 1735 4120 negare
1757 4065 1812 4105 uon

188 4124 371 4180 Romanorum
391 4123 575 4178 obsecundare
593 4124 775 4193 compulisset,
789 4122 914 4179 Nicotaus
933 4133 974 4179 tii-
1024 4123 1120 4178 ausint.

187 4208 249 4249 ineo
265 4193 346 4248 lUne
366 4206 497 4262 supreme
513 4193 846 4285 successorum-potestati,
859 4193 971 4275 damno-
1060 4192 1117 4247 tit.
1136 4192 1186 4247 l'iii
1202 4191 1284 4273 ‚enini
1314 4191 1441 4274 credibile
1466 4201 1517 4253 cst,
1544 4190 1709 4272 preteiiisse
1735 4189 1811 4244 illisio

187 4262 975 4413 inicamseditiosissimum:
1024 4259 1811 4412 maestoslacrimosissima

188 4403 272 4458 illecti
282 4409 381 4472 potest.
395 4416 422 4454 iii
433 4399 461 4471 6)
470 4399 554 4455 edidit
568 4400 678 4457 lliterbii
701 4415 736 4456 xv
750 4400 809 4456 llal.
824 4400 905 4471 dog„
920 4418 972 4472 qua
987 4402 1049 4462 Uei
1063 4401 1147 4456 luisse
1157 4408 1337 4471 perspectum,
1349 4403 1539 4457 coronationes
1549 4400 1576 4453 in
1592 4399 1664 4455 Urbe
1675 4406 1757 4453 toties
1768 4397 1809 4451 fa-

187 4473 303 4543 plurima
320 4471 417 4525 damiia
431 4477 532 4524 sanctie
543 4469 598 4524 sedi
617 4469 691 4524 illata
702 4471 738 4525 ab
748 4470 851 4526 exteris
871 4482 974 4526 senato
1023 4480 1074 4526 cte
1091 4477 1234 4525 testantur.
1258 4470 1389 4540 Tempora
1412 4468 1598 4525 Carolinorum
1622 4467 1810 4539 praeferemde

188 4542 263 4596 ribus
275 4548 436 4620 exaggerem
449 4539 584 4608 precipue
596 4540 630 4594 ab
638 4539 755 4596 ilenrico
763 4540 834 4610 regis
849 4539 973 4598 castelle
1023 4540 1057 4596 iis
1069 4541 1132 4610 quip
1192 4539 1348 4610 liudolplius
1362 4538 1442 4610 sod.
1454 4538 1552 4594 nullam
1567 4539 1699 4593 rationem
1717 4537 1809 4592 babet.

185 4609 280 4674 fratre,
289 4625 337 4679 qui
351 4608 508 4678 religionem
522 4608 607 4677 ipsam
619 4608 646 4663 iu
657 4609 800 4665 discrimen
812 4608 934 4674 adduxit,
945 4619 972 4666 et
1023 4609 1115 4665 Trium
1147 4618 1250 4664 ttonuin
1258 4623 1339 4679 opera
1349 4610 1495 4664 seditiones
1503 4622 1679 4678 ootupressat.
1687 4607 1811 4662 mdest-

189 4680 303 4749 vipsam
318 4678 417 4735 Urbem
431 4676 570 4747 speculum
587 4677 648 4733 fidei
661 4686 736 4733 tanta
755 4695 799 4734 res
834 4681 885 4734 rsit
903 4679 972 4735 infa-
1022 4694 1075 4749 que
1087 4679 1212 4734 simulato
1223 4678 1404 4734 Rauracorum
1420 4678 1548 4748 obsequio
1560 4678 1623 4732 dum
1642 4676 1767 4740 aderant,
1783 4675 1810 4731 id

187 4749 252 4815 mia,
265 4756 328 4804 iita
352 4754 438 4802 matre
460 4761 510 4802 sua
526 4748 646 4803 Romana
657 4747 778 4804 Ecclesia
818 4747 853 4802 lia
875 4750 972 4820 prodi-
1021 4751 1151 4804 suadente
1161 4757 1244 4810 metu,
1254 4747 1372 4811 affectos,
1386 4748 1493 4816 injuria,
1506 4754 1700 4816 eteootemptu
1712 4747 1811 4802 abaco

183 4819 255 4876 lecta
266 4818 375 4874 deviare
397 4816 534 4887 compulsa
555 4816 688 4885 quondam
705 4816 885 4874 (noradinum
909 4818 971 4888 (qui
1016 4822 1072 4880 tes,
1083 4826 1249 4887 compertum
1263 4817 1430 4898 exploratum
1450 4833 1485 4872 ue
1498 4824 1549 4873 est.
1566 4817 1710 4871 Uessneto
1724 4815 1810 4884 impe·

184 4887 219 4945 de
237 4903 371 4945 venenosa
385 4887 475 4943 radice
496 4885 625 4942 Friderlei
639 4888 773 4957 quondam
788 4888 970 4944 Romanorum
1022 4896 1111 4943 ratoro
1136 4888 1251 4943 ilenrico
1277 4888 1413 4942 Uitinaros
1432 4833 1494 4957 zib.
1516 4902 1565 4949 vii,
1581 4884 1681 4956 princ.)
1695 4885 1812 4941 hecte-

76 4979 78 4982 ⁴
185 4959 222 5015 im
290 4956 358 5015 toris
377 4956 481 5013 colubri
504 4957 618 5012 tortiiosi
638 4956 713 5026 justo
735 4955 862 5012 Ecclesiae
884 4957 969 5026 ipsius
1020 4955 1073 5012 fert
1091 4975 1098 5011 ε
1117 4958 1170 5012 ilu
1182 4965 1277 5012 octavo
1288 4972 1352 5011 vcro
1363 4956 1406 5011 die
1417 4957 1487 5012 inter
1495 4957 1663 5010 lioniancset
1673 4962 1811 5009 nostrates

183 5027 194 5101 j
233 5029 286 5085 icio
308 5043 338 5083 re
358 5027 444 5083 tobati
467 5026 599 5108 prodiisse
618 5027 760 5084 videbatur
783 5027 810 5081 in
836 5028 969 5096 regulum,
1020 5041 1116 5097 magna
1129 5027 1215 5081 oritur
1226 5027 1370 5082 commotio
1381 5025 1407 5080 iii
1427 5034 1508 5096 ponte
1522 5024 1664 5086 Tiberino,
1680 5033 1710 5078 et
1724 5022 1811 5078 utria-

184 5099 285 5169 quique
309 5113 324 5151 a
364 5097 554 5152 exterminium
574 5096 702 5153 licinanae
725 5096 821 5150 matris
842 5095 969 5152 scelesto
1020 5109 1072 5164 que
1089 5096 1344 5158 inultieoriiicrunt,
1369 5103 1449 5151 noete
1473 5111 1519 5150 eos
1541 5095 1575 5149 ad
1592 5093 1718 5148 ultimum
1743 5091 1812 5147 diri·

183 5167 333 5224 manifestis
354 5167 461 5222 indiciis
475 5182 528 5220 una
548 5182 609 5221 enm
623 5168 681 5222 suis
701 5165 851 5221 fautoribus
867 5181 898 5219 as
917 5166 970 5221 ira·
1020 5173 1119 5220 niente.
1138 5187 1148 5218 i
1167 5165 1375 5220 chuccessore
1392 5163 1449 5234 ejus
1473 5164 1597 5220 Conrado
1623 5162 1715 5232 Salieo
1743 5161 1809 5218 otio

183 5238 474 5308 batiincosteiriptum
484 5236 610 5298 boisum
624 5237 728 5299 matris,
745 5235 876 5305 acipsius
912 5236 969 5292 rbis
1020 5233 1200 5305 Frisiiigeusis
1221 5233 1290 5303 apud
1316 5234 1459 5289 minoium
1484 5235 1597 5302 lucens
1616 5232 1709 5304 (toti,
1731 5247 1760 5286 n.
1781 5230 1810 5303 l)

182 5307 357 5378 opprobrium
386 5314 509 5376 patenter
536 5308 691 5375 exciperet,
717 5315 825 5375 recepto
843 5304 966 5371 faveret,
1022 5314 1146 5367 testatur,
1172 5305 1243 5374 quod
1269 5323 1278 5355 i
1302 5305 1329 5358 in
1356 5304 1413 5373 ipsa
1436 5303 1558 5359 Pascliali
1574 5301 1744 5357 bebdomada
1764 5309 1809 5355 tii·

183 5377 401 5439 constituensse
447 5377 523 5430 rboe
541 5384 595 5429 tam
610 5376 727 5445 patentis
746 5375 830 5429 liostis
844 5390 968 5429 suaeina·
1022 5375 1107 5428 multu
1120 5383 1179 5430 orto
1194 5376 1266 5428 inter
1282 5373 1381 5429 milites
1399 5373 1569 5442 imperatoris
1580 5378 1608 5426 et
1617 5373 1702 5435 cives,
1718 5369 1811 5439 gravis

183 5447 234 5501 tris
259 5446 385 5502 Ecclesiae
427 5447 490 5500 liam
508 5443 676 5512 adjutricem.
704 5464 713 5497 i
738 5443 839 5499 Uointle
856 5445 925 5499 liiiiic
940 5445 967 5499 iii
1021 5445 1303 5515 pugnaeomuiittitur,
1314 5443 1553 5512 caesisquemnltis,
1562 5441 1694 5496 Romanis
1705 5438 1811 5511 fugien-

184 5516 291 5569 iiiodum
313 5515 433 5570 decermt
457 5532 464 5568 :
489 5533 499 5565 i
524 5515 561 5569 Ue
584 5513 697 5569 fratrum
725 5522 878 5569 nestrorum
900 5528 967 5568 cou-
1023 5513 1093 5568 tibus
1104 5514 1251 5582 imperator
1277 5513 1387 5568 victorin
1407 5513 1518 5583 potitur.
1537 5531 1546 5562 i
1562 5510 1811 5579 Eooiitrariopost

183 5582 260 5647 allio,
283 5584 334 5638 bac
362 5584 539 5666 irrefragabili
563 5590 590 5638 et
617 5583 644 5638 in
671 5592 830 5654 perpetuum
853 5583 966 5638 valitura
1022 5599 1107 5638 nouos
1120 5582 1442 5639 centtimcumlleiiricus
1457 5583 1475 5638 l‘
1488 5581 1608 5637 lotitiam
1621 5578 1811 5636 coroiiatituiis

184 5652 373 5711 emolitotioiie
397 5670 543 5722 sancimus,
559 5662 588 5710 itt
611 5654 824 5736 quuiidocuuque
848 5661 875 5710 ct
895 5669 964 5725 quo·
1022 5654 1150 5725 sacrilege
1172 5652 1342 5722 disturbavit,
1360 5670 1369 5704 i
1386 5651 1499 5711 Noniani
1514 5660 1576 5724 post
1597 5652 1712 5709 altciuiu
1738 5649 1814 5709 dicto
