3780 6120
125 195 193 251 lito
554 185 673 244 SEchi)
690 186 722 252 il,
742 183 933 242 instantes.
957 214 987 227 -
1004 184 1084 241 tut.
1104 184 1182 247 tut.
1202 183 1328 241 ruthe.
1674 189 1747 247 itit

121 312 278 425 geremqtus
297 307 341 356 est
366 314 382 355 a
406 297 585 368 hagunario·
601 294 709 366 gentile.
736 294 906 376 Theodaldus
922 299 943 358 A
956 296 1091 418 fanonem
1104 298 1137 351 ad
1149 296 1286 351 liudonem
1298 295 1425 365 dirigens,
1438 297 1628 370 amicitiasque
1639 314 1702 357 curn
1715 289 1749 356 err

122 372 272 431 seruilius
282 369 351 438 ejus,
361 368 473 437 jubente
487 382 538 421 aiio
557 382 616 431 suo,
632 367 660 420 in
680 366 742 421 aula
765 379 837 434 regis
856 363 906 418 bo-
968 366 1077 420 aciens:
1095 365 1139 421 ille
1162 381 1227 422 uero
1254 365 1434 434 chilpericum
1502 383 1544 422 eui
1568 385 1632 425 cum
1656 371 1750 426 multis

120 438 463 512 ubrepatrissublimatur.
884 453 890 466 ·
957 436 1116 490 muneribus
1132 434 1256 490 reddidit.
1284 435 1405 490 blortuus
1452 437 1478 490 ni
1497 454 1540 492 eni
1566 439 1751 494 estllovicino

156 512 235 567 buno
256 509 309 566 stt
328 508 439 577 Pipinus
460 504 534 559 lehre
556 502 643 559 ualida
668 509 807 570 correptus
827 500 906 556 obiit.
956 505 1076 568 ciuitate,
1096 505 1271 574 regnavitque
1284 505 1362 560 anuis
1374 506 1401 559 ὅ.
1426 452 1523 562 Franci
1543 523 1607 563 reio
1627 509 1750 564 Theodo-

120 581 281 641 obtinuerat
296 577 477 648 principatum
494 573 572 627 annis
586 574 631 628 at.
647 570 797 627 Plectrudis
814 570 907 624 relicta
958 573 1028 627 sium
1043 575 1126 627 tilium
1138 575 1281 644 [tagoberti
1293 576 1364 644 regis
1373 573 1618 646 juniorissiiperse
1628 586 1750 632 statuunt

120 650 210 721 Pipini
223 664 285 704 cum
298 656 394 716 nepote
403 660 452 700 suo
461 642 615 698 Theodaldo
628 643 669 695 vet
682 642 832 711 bagoberto
845 654 908 709 rege
958 642 986 695 in
1001 659 1099 713 regem.

121 727 218 778 cuncta
230 719 361 787 gubernat
374 715 423 770 sub
434 715 549 768 discreto
565 712 702 781 regimine.
959 733 961 739 ·
993 712 1071 767 anuo
1084 711 1135 766 725
1158 710 1285 766 Saraceni
1312 712 1536 782 Augustudunum
1557 716 1693 771 ciuitatem
1706 717 1750 772 de·

156 790 235 844 Anno
259 786 311 842 815
336 783 432 839 Franci
456 783 544 837 denuo
565 781 593 835 in
618 781 694 836 cotia
723 778 789 833 silva
813 783 908 833 eontra
958 789 1115 836 struxerunt
1126 797 1153 835 ir
1164 780 1241 842 feria,
1257 798 1284 835 ιι
1300 782 1434 837 Kalendas
1454 784 1631 853 Septembris,
1645 787 1749 840 thesau-

122 856 305 914 Theodaldum
318 855 360 909 vel
371 852 526 907 dustrasios
538 851 685 915 irruerunt,
698 864 731 903 ae
744 863 803 902 sese
815 858 908 902 mutuo
959 867 1071 920 rumque
1082 851 1201 906 ciuitatis
1216 851 1286 906 illius
1302 853 1450 923 capientes,
1468 870 1528 909 cuin
1541 857 1630 924 preda
1654 870 1750 924 magua

121 927 265 983 durissima
278 924 352 979 caede
367 930 548 992 prosteruunt.
563 919 732 974 Theodaldus
753 925 841 972 autem
861 932 909 987 per
959 919 1059 990 Spania
1070 921 1193 974 redeunt.

123 998 212 1068 lugam
236 995 328 1065 lapsus
349 1001 457 1060 ereptus
472 999 523 1045 est.
540 989 653 1058 ipsoque
676 988 702 1042 lu
722 996 777 1051 ato,
800 987 908 1055 llagan-
992 991 1071 1044 Anno
1087 990 1134 1044 751
1150 989 1262 1045 Carolus
1273 992 1388 1046 vastarit
1412 992 1562 1048 duasrices
1587 994 1658 1048 ultra
1669 993 1750 1065 hige-

122 1067 225 1122 lreduiu
251 1062 380 1131 maiorem
404 1061 499 1115 domus
525 1060 671 1128 elegerunt.
698 1005 749 1124 ὃιιι
773 1064 909 1138 commoto
960 1060 1060 1124 rim,et
1075 1058 1261 1182 Raganlredus
1276 1061 1401 1116 moritur.

122 1137 165 1191 ab
179 1149 241 1204 rege
264 1133 414 1202 Dagoberto
443 1129 573 1194 exercitu,
596 1127 791 1183 Carbonariam
813 1126 909 1181 silvam
992 1130 1070 1184 Auno
1085 1129 1118 1183 75
1151 1127 1331 1183 abderamam
1347 1144 1394 1184 reii
1413 1129 1432 1185 S
1451 1131 1519 1186 auiae
1543 1147 1604 1186 euru
1628 1133 1748 1187 exercitii

123 1211 293 1260 transeuntes
309 1213 393 1271 usque
408 1199 508 1255 blosam
528 1196 638 1252 llurimn
656 1205 756 1252 terram
775 1194 909 1277 silvasque
958 1214 1056 1268 magno
1069 1198 1265 1253 Saracenorum
1278 1213 1325 1267 per
1333 1147 1521 1268 Panipeiciiam
1536 1210 1683 1257 eumentes
1698 1202 1748 1272 Ρ)-

124 1282 260 1330 vastantes
273 1270 480 1332 succenderunt,
493 1283 554 1322 eum
570 1267 717 1321 Radlibode
728 1267 796 1322 duce
816 1264 909 1334 gentili
959 1284 1062 1323 renaeos
1090 1269 1243 1331 transieris,
1273 1270 1442 1340 burdigalem
1475 1270 1609 1325 civitatem
1635 1271 1750 1327 obsidet.

119 1343 256 1399 amicitias
270 1341 380 1404 feriunt.
394 1337 507 1393 carolus
526 1351 589 1391 vero
602 1337 673 1393 tilius
685 1335 773 1405 Pipini
790 1335 833 1389 bis
853 1334 910 1388 die-
959 1337 1035 1393 Tune
1046 1339 1256 1408 Eudopriiicops
1278 1338 1301 1391 Α
1322 1339 1450 1403 uitanias,
1478 1340 1590 1394 collecto
1613 1342 1749 1407 exercitu,

120 1413 175 1469 bus
190 1429 206 1468 a
220 1410 361 1468 Plectrude
378 1409 427 1463 sub
447 1406 569 1462 custodia
592 1407 745 1473 tenebatur,
766 1404 813 1460 sed
834 1403 910 1458 auxi·
957 1408 1065 1463 obviam
1080 1408 1120 1462 eis
1131 1408 1197 1461 exiit
1211 1409 1237 1462 in
1252 1354 1374 1477 punitum
1390 1424 1472 1477 super
1489 1408 1615 1465 Garunna
1629 1410 1750 1465 flurium.

121 1484 207 1538 liaute
220 1481 342 1545 Domino,
356 1479 399 1532 uix
414 1477 509 1531 erasit.
960 1476 1013 1533 Sed
1026 1476 1103 1532 initio
1116 1477 1217 1546 prelio,
1237 1477 1365 1533 Saraceni
1384 1478 1501 1534 uictores
1513 1480 1652 1544 esistunt,
1676 1481 1752 1536 Eudo

158 1553 198 1608 Eo
219 1559 274 1606 tem
311 1564 341 1604 re
362 1547 528 1617 Dagobcrtus
550 1561 598 1600 rex
617 1552 761 1616 aegrotans,
785 1550 908 1599 mortuiis
959 1562 1025 1602 uero
1039 1545 1154 1629 fugiens,
1169 1547 1313 1601 maximam
1329 1556 1433 1616 partein
1455 1549 1591 1604 exereitus
1605 1550 1646 1604 sni
1662 1551 1752 1619 perili-

120 1631 165 1677 est
178 1636 248 1675 auno
300 1617 376 1688 regni
393 1616 445 1672 sui.
469 1615 565 1670 Franci
586 1629 651 1670 vero
663 1614 800 1694 Danielem
823 1626 908 1681 quon·
924 1633 946 1693 Β
960 1617 1011 1681 dit,
1030 1625 1106 1671 etita
1122 1617 1228 1670 demum
1248 1615 1376 1671 Saraceni
1401 1617 1576 1686 Aquitaniam
1598 1619 1752 1690 depraedare

123 1691 208 1746 iiamt
224 1688 365 1752 clericum,
379 1686 491 1742 oesarie
504 1684 600 1754 capitis
610 1691 759 1746 crescente,
773 1698 801 1737 iu
817 1697 907 1752 regem
961 1694 1109 1755 ooepeiunt.
1126 1685 1201 1740 Eudo
1215 1702 1280 1740 uero
1296 1685 1330 1738 ad
1347 1686 1472 1742 carolum
1486 1687 1650 1743 Francorum
1674 1689 1751 1758 prin-

122 1759 271 1823 stabiliuut,
282 1765 363 1827 atque
373 1755 554 1826 chilpericum
569 1760 732 1821 nuncupant.
746 1750 849 1806 &arad
863 1766 910 1832 rer
961 1755 1048 1825 cipem
1060 1755 1170 1810 ueniens
1183 1755 1327 1824 postularit
1340 1756 1365 1811 ei
1382 1756 1522 1810 auxilium.
1539 1757 1750 1824 Tunccarolus,

123 1830 319 1885 Saracenorum
332 1834 394 1898 pest
405 1840 433 1880 ni
447 1838 518 1879 anno
537 1838 618 1892 quam
633 1823 659 1877 in
677 1821 776 1893 Spania
797 1821 910 1892 ingressi
961 1825 1073 1880 collecto
1088 1841 1131 1880 ina
1150 1840 1185 1879 no
1208 1825 1339 1890 exercitu,
1355 1826 1422 1880 exiit
1439 1825 1480 1880 eis
1497 1827 1615 1891 obuiam,
1632 1835 1660 1882 et
1686 1827 1753 1884 inito

122 1897 334 1960 suutSarareni,
351 1895 503 1950 Narbonem
522 1892 637 1957 obsidet,
655 1892 846 1972 obsessamque
866 1906 912 1946 ca·
960 1893 1092 1964 praelioiii
1107 1842 1236 1951 suburbio
1254 1894 1421 1960 Pictavensi‚
1448 1896 1571 1951 debellati
1596 1903 1659 1952 sunt
1672 1896 1753 1952 Sara·

142 1970 171 2033 't‚
187 1969 312 2037 uirosque
325 1964 443 2020 ciuitatis
457 1963 529 2017 illius
541 1962 630 2045 gladio
644 1961 740 2032 periuu
752 1967 842 2028 jussit.
855 1960 912 2014 ttu-
961 1964 1021 2019 cerii
1037 1964 1193 2031 aFrancis,
1208 1965 1298 2034 ibique
1323 1979 1371 2019 rex
1394 1964 1546 2020 nodemus
1570 1967 1669 2020 cecidit
1689 1983 1752 2021 euin

121 1984 203 2094 fi'eres
216 2052 281 2093 vero
291 2034 333 2090 uel
346 2034 472 2105 parvulos
486 2041 606 2102 captivos
618 2031 645 2085 iii
660 2031 786 2101 Spaniam
800 2029 910 2093 ducunt,
961 2033 1083 2088 exercitu
1098 2049 1147 2090 suo
1161 2035 1188 2088 iu
1202 2035 1334 2104 pralium,
1348 2034 1431 2103 etqui
1446 2045 1633 2089 remanserunt
1654 2051 1688 2090 eu
1710 2037 1751 2092 eis

121 2116 151 2164 et
163 2109 189 2162 in
202 2107 259 2177 ipso
271 2119 343 2160 anno
354 2118 446 2159 mense
459 2103 539 2157 tertio
550 2102 583 2156 ad
599 2100 773 2182 obsidendam
787 2098 912 2182 Tolosam
961 2117 1010 2224 fer
1022 2101 1113 2173 lugani
1126 2105 1227 2159 reversi
1243 2104 1344 2159 suntin
1359 2102 1471 2172 Spania.
1486 2103 1600 2159 carolus
1614 2120 1677 2159 vero
1690 2121 1753 2175 spo-

208 2186 238 2231 nt
253 2194 259 2230 :
276 2191 357 2245 quain
389 2173 453 2228 dnm
468 2172 639 2237 obsiderent,
660 2178 727 2225 exiit
748 2169 855 2225 obi-iam
872 2184 912 2223 eis
971 2172 1136 2243 inaccepta,
1156 2188 1217 2228 cum
1240 2174 1377 2244 triumpho
1397 2174 1490 2243 gloriae
1515 2189 1641 2230 reversus
1661 2183 1704 2230 est
1725 2175 1753 2230 in

122 2193 337 2317 ffioprineeps
348 2243 499 2313 Aquitaniae
509 2257 570 2297 cum
585 2239 705 2295 exercitu
715 2240 911 2308 Aquitanoruni
961 2242 1088 2298 Francia.

124 2316 167 2371 rel
190 2316 365 2380 Francorum,
391 2321 419 2368 et
439 2311 575 2368 commisit
594 2325 656 2365 cuni
677 2310 717 2366 eis
728 2307 861 2380 praelium,
885 2315 913 2362 ct
996 2310 1075 2367 Anno
1098 2312 1149 2368 lbl
1170 2311 1284 2368 Carolus
1309 2313 1448 2383 ingressus
1469 2320 1509 2368 cst
1526 2312 1552 2367 in
1580 2312 1666 2367 Frisia
1690 2329 1752 2369 cuni

123 2386 187 2441 dum
205 2385 328 2455 praeliare
347 2382 501 2453 eoepisseut,
516 2389 588 2451 terga
603 2394 697 2433 uersus
716 2387 758 2433 est
771 2378 912 2459 'exereitus
962 2383 1082 2437 exercitu
1098 2397 1205 2454 niagno,
1227 2383 1324 2438 delerit
1345 2398 1405 2437 eain
1425 2398 1511 2452 iisque
1533 2384 1566 2437 ad
1591 2385 1753 2439 interneciu-

124 2455 337 2520 Saracenoruru,
364 2452 535 2519 maximaque
556 2464 619 2520 pars
634 2448 671 2504 ibi
693 2449 790 2503 cecidit
812 2447 910 2517 gladio.
962 2467 1043 2515 nem,
1067 2467 1099 2507 ac
1116 2468 1165 2507 suo
1191 2452 1343 2523 subjugarit
1371 2452 1495 2521 imperio.
1522 2453 1569 2506 llis
1589 2455 1755 2522 temporibus

121 2524 234 2580 Ambisa
252 2539 299 2580 rex
312 2522 508 2578 Saracenorum
530 2535 592 2575 cuin
606 2517 708 2587 ingenti
719 2518 838 2572 exercitu
852 2525 913 2585 post
962 2519 1058 2576 Phibin
1082 2521 1153 2576 iilius
1178 2521 1330 2576 abderama
1344 2520 1467 2576 Narbona
1491 2521 1752 2594 perficiturlForae,

123 2609 141 2646 ii
150 2608 220 2649 annu
239 2593 367 2651 calliasa
385 2591 516 2664 graditur,
527 2589 720 2645 carcassonam
733 2594 877 2657 expugnat,
886 2596 914 2642 et
962 2590 1171 2663 proticisciturl.
1184 2591 1244 2646 alio
1257 2607 1328 2647 anno
1340 2591 1480 2646 Rodanum
1501 2590 1611 2645 flurium
1636 2593 1752 2648 transiit.

123 2663 205 2733 capit,
218 2672 246 2719 et
259 2678 344 2732 usque
359 2608 493 2717 §emanso
506 2674 574 2729 paee
584 2656 757 2728 conquisivit,
769 2666 796 2712 et
806 2657 913 2712 obsides
962 2660 1071 2716 Arelate
1081 2661 1191 2717 civitate
1205 2677 1271 2730 paee
1285 2660 1445 2730 ingreditur,
1456 2662 1648 2730 thesaurosque
1661 2663 1754 2717 civita-

122 2747 218 2788 eorum
234 2732 403 2788 Barchinona
414 2730 582 2785 transmittit.
963 2729 998 2785 tis
1010 2730 1122 2794 invadit,
1140 2740 1168 2785 et
1178 2735 1231 2802 pei*
1241 2740 1358 2800 quatuor
1373 2745 1459 2785 annos
1471 2738 1554 2785 totam
1567 2731 1753 2786 Arelatensem

157 2802 237 2857 Anno
261 2802 312 2856 ltu
330 2800 427 2856 Franci
441 2800 589 2854 exercituin
612 2803 738 2861 movent,
764 2809 850 2867 usque
864 2793 914 2850 hu·
962 2801 1128 2869 provinciam
1146 2800 1290 2872 depopulat
1311 2809 1392 2869 atque
1416 2801 1561 2870 depraedat.
1590 2799 1638 2855 ilis
1660 2802 1753 2857 diebus

123 2871 197 2925 rium
221 2871 323 2926 blesam
341 2868 574 2925 contracaroliim
593 2868 728 2939 dirigunt,
754 2875 834 2921 etex
861 2866 926 2929 alia,
962 2883 1030 2941 papa
1044 2870 1190 2941 Gregorius
1212 2870 1299 2925 minor
1315 2869 1443 2924 ilonianae
1468 2870 1596 2926 Ecclesiae
1611 2871 1755 2940 epismpus

120 2950 199 3012 parte
208 2940 345 2997 Frisioues
358 2956 419 2995 cum
432 2938 570 2994 llatbbode
581 2937 649 2993 duee
671 2941 847 3018 consurgunt.
862 2935 948 3028 cmc
964 2940 1053 3020 claves
1067 2941 1212 2994 venerandi
1226 2940 1341 3009 sepulcri
1362 2938 1435 2993 Petri
1462 2954 1475 2992 a
1514 2940 1575 2995 stoli
1598 2951 1626 2996 et
1648 2941 1755 2996 uincula

79 3022 85 3032 ·
123 3009 198 3067 relus
208 3026 315 3081 quoque
336 3025 416 3079 super
429 3008 565 3064 Frisiones
579 3008 694 3070 irruens,
711 3020 913 3075 martinumque
964 3009 1094 3077 cpisdem,
1109 3026 1168 3064 enm
1181 3012 1285 3080 magnis
1299 3010 1464 3074 trunci-ihus,
1488 3011 1610 3079 igatione
1626 3011 1660 3064 ad
1673 3010 1756 3066 caro·
1845 3017 1847 3020 '

124 3080 293 3151 dispendium
312 3080 345 3136 de
367 3079 488 3135 exercitu
513 3093 562 3133 suo
585 3090 747 3147 perpessus,
771 3084 851 3145 atque
865 3090 913 3146 per
963 3077 1019 3132 luin
1042 3079 1191 3149 principem
1210 3081 1376 3134 Francorum
1391 3080 1483 3134 misit:
1503 3080 1574 3149 quod
1588 3089 1666 3133 antea
1683 3080 1756 3135 nullo

124 3148 214 3221 lugam
225 3150 279 3205 dila
298 3165 345 3205 sus
355 3147 485 3205 abscessit
502 3158 524 3201 ⁰.
963 3146 1129 3204 Franciiruni
1145 3150 1287 3218 principia
1305 3149 1425 3218 quolibet
1445 3149 1573 3203 Romame
1592 3149 1668 3204 urbis
1680 3164 1753 3218 prae·

158 3222 237 3275 Auno
250 3165 299 3274 ng
321 3220 418 3275 iteruin
433 3217 602 3287 chilpericus
615 3233 676 3272 eum
687 3213 857 3285 liugaiilredo
872 3213 914 3270 uel
964 3216 1020 3273 sule
1034 3220 1146 3274 missum
1160 3219 1257 3274 luerat.
1271 3218 1418 3288 Epistulam
1433 3234 1540 3287 quoque
1551 3225 1577 3273 et
1587 3217 1694 3274 decreta
1702 3219 1756 3273 lto-

125 3287 237 3344 Fraueis
248 3290 324 3345 hoste
342 3297 485 3351 commoto,
499 3287 646 3341 Ardiunam
657 3286 910 3356 siliamingressus,
963 3303 1104 3343 manorum
1115 3288 1266 3358 principum
1278 3288 1422 3358 praedictus
1440 3303 1509 3357 papa
1520 3287 1668 3358 Gregorius
1693 3305 1755 3345 cum

125 3373 210 3428 usque
221 3359 345 3416 Rhenum
358 3358 468 3413 iluiium
481 3356 523 3411 vel
542 3355 652 3411 Colonia
665 3355 914 3423 civitatepervciie·
963 3357 1097 3428 legatione
1123 3360 1204 3414 etiam
1224 3374 1335 3413 munera
1353 3359 1436 3412 misit.
1451 3357 1510 3423 Quo
1535 3367 1613 3426 paeto
1638 3367 1755 3426 patrato,

119 3438 198 3494 runt,
211 3439 348 3484 vastantes
365 3439 462 3483 terras.
479 3425 620 3481 Thesauro
635 3425 720 3479 multo
740 3423 913 3478 ai’lectrude
964 3442 1023 3481 sese
1042 3428 1155 3495 populiis
1173 3427 1328 3492 ltoinanus,
1347 3427 1443 3481 relicto
1473 3428 1634 3497 imperatore
1649 3428 1757 3483 creco-

125 3506 247 3554 ruatrona
261 3506 382 3567 accepto,
398 3497 498 3553 reuersi
522 3504 594 3551 sunt.
610 3494 663 3550 Sed
677 3494 704 3548 in
715 3495 775 3547 loeo
789 3494 835 3563 qui
846 3492 912 3546 dici·
964 3511 1024 3550 runi
1042 3506 1070 3551 et
1083 3497 1276 3561 dominatione,
1289 3497 1322 3550 ad
1339 3496 1457 3564 predicti
1472 3495 1601 3564 principis
1624 3496 1756 3553 detensio-

124 3568 320 3634 turhniblava,
335 3567 469 3625 caroloin
485 3581 532 3622 eos
545 3566 674 3631 irruente,
688 3563 836 3618 maximum
859 3562 915 3618 dis·
964 3580 1036 3631 uem,
1054 3566 1217 3620 etiuiiictam
1238 3565 1296 3633 ejus
1317 3565 1487 3619 clementiam
1509 3573 1666 3620 matertere
1692 3583 1755 3622 cum

123 3637 250 3708 pendium
264 3637 382 3709 perpessi
398 3645 471 3691 sunt.
963 3633 1121 3698 uoluissent,
1136 3635 1193 3703 ipse
1207 3650 1271 3689 vcro
1285 3649 1333 3704 pro
1352 3635 1394 3689 his
1404 3634 1529 3689 omnibus
1543 3650 1605 3689 euin
1617 3637 1714 3704 gaudio
1728 3643 1756 3691 et

158 3708 260 3764 Eodem
283 3716 403 3778 tempure
424 3705 569 3775 predictus
592 3703 634 3757 vir
659 3700 771 3758 carolus
791 3699 914 3756 exercitu
964 3704 1226 3774 gratiaruinactione
1238 3703 1350 3760 Domino
1359 3704 1487 3773 repensis,
1496 3705 1580 3773 ipsam
1594 3705 1618 3759 le
1637 3705 1756 3760 ationem

123 3786 269 3844 commoto,
285 3778 382 3833 iteruin
408 3785 503 3831 eontra
521 3772 702 3843 cbilperieum
726 3767 914 3840 etllagauire-
964 3787 1025 3827 cuin
1051 3775 1156 3845 magnis
1173 3775 1329 3829 muneribus
1348 3774 1459 3827 lloiuain
1482 3775 1596 3829 remisit.
1620 3722 1756 3830 {osthane

124 3848 187 3902 dum
198 3862 372 3918 consurgens,
386 3854 480 3901 eontra
517 3859 577 3898 uem
591 3843 629 3897 illi
644 3843 749 3897 bostem
763 3841 912 3910 colligunt,
963 3841 1045 3912 elegit
1059 3845 1163 3899 exsuis
1177 3844 1300 3900 tidelibus
1316 3841 1482 3908 crimonem,
1498 3843 1756 3900 scilieetcmbeien-

125 3916 223 3973 belium
238 3925 421 3998 preparantes
437 3860 603 3976 aece?erant;
628 3912 675 3966 sed
695 3925 787 3980 paceni
803 3909 914 3965 carolus
964 3912 1001 3966 sis
1015 3915 1169 3968 monasterii
1181 3914 1353 3978 abbatemet
1366 3913 1529 3984 Sigihertum
1539 3914 1671 3969 reclusum
1683 3915 1756 3970 basi-

124 3987 268 4057 postulat:
300 3986 405 4055 illisque
435 3982 700 4046 contradicentibus,
731 3980 764 4034 ad
790 3979 913 4061 praelium
965 3981 1023 4038 lic-e
1035 3985 1121 4039 sancti
1134 3984 1254 4053 Dionysii
1268 3992 1337 4038 mart
1357 3984 1403 4047 rie,
1418 3992 1446 4039 et
1468 3999 1528 4037 cuni
1544 3984 1648 4055 maguis
1661 3999 1756 4039 inuue-

124 4057 226 4128 egressi
240 4063 302 4110 sunt
318 4056 412 4111 inloco
426 4055 470 4176 qui
483 4053 580 4108 dieitur
594 4048 915 4132 vitiaco,·llominiea·die
965 4051 1039 4107 ribus
1063 4055 1097 4109 ad
1119 4054 1211 4108 liinina
1239 4055 1310 4110 beati
1333 3998 1405 4109 zetri
1426 4052 1555 4123 principis
1572 4053 1753 4124 apostolorum

125 4126 311 4188 illucescente,
326 4140 364 4178 ιιι
392 4124 429 4178 lla
440 4122 525 4178 endas
544 4122 662 4190 Aprilis:
679 4120 785 4188 illisque
808 4118 914 4174 iortiter
964 4120 1047 4186 misit,
1061 4138 1093 4178 ac
1104 4138 1153 4193 per
1164 4139 1212 4179 eos
1228 4124 1318 4178 oinuia
1338 4123 1365 4177 in
1380 4123 1525 4193 responsis,
1559 4124 1658 4179 uesibi
1671 4132 1698 4177 et
1709 4139 1756 4194 po-

124 4195 284 4252 bellantibus
294 4194 461 4263 chilpericus
475 4208 536 4247 cuin
552 4189 721 4260 Raganlredo
732 4198 807 4259 terga
821 4189 912 4242 vertit.
965 4193 1028 4261 pule
1042 4192 1208 4249 Francorum
1228 4192 1302 4264 jussa
1319 4192 1428 4276 [Fortc,
1453 4192 1523 4265 uisa]
1540 4140 1663 4258 puer-urit,
1683 4208 1754 4262 prie-

123 4263 237 4321 Carolus
253 4265 340 4320 vietor
349 4263 465 4327 exstitit,
480 4262 604 4333 regiones
626 4260 687 4315 illas
699 4266 818 4313 vastatas
832 4267 913 4325 atque
965 4262 1016 4316 suli
1027 4263 1156 4331 scriptura
1181 4265 1357 4321 remandant.
1370 4261 1435 4318 Post
1450 4264 1508 4318 haec
1531 4261 1660 4334 praelatus
1681 4263 1756 4334 prin·

123 4335 284 4404 captivatas,
300 4334 419 4400 {remque
431 4347 492 4387 cum
509 4330 591 4385 multa
605 4329 694 4399 praeda
707 4326 852 4408 industria
870 4341 914 4381 re·
928 4314 953 4375 ὓ
965 4346 995 4386 ce
1014 4334 1152 4389 saudieus
1164 4333 1236 4403 quod
1247 4332 1376 4388 Saraceni
1388 4333 1555 4403 provinciam
1569 4332 1754 4388 Arelateiisem

124 4418 228 4471 uersus,
244 4403 354 4459 colonia
367 4403 475 4457 civitate
496 4400 624 4465 veniens,
648 4399 744 4479 ibique·
754 4397 913 4453 seditionem
964 4347 1130 4458 uefcaeteras
1142 4401 1264 4457 oiiirates
1274 4403 1302 4457 in
1317 4404 1432 4457 circuitu
1443 4404 1512 4473 depo
1531 4403 1656 4470 nlarent,
1673 4402 1754 4458 colle-

124 4474 219 4539 morit,
232 4489 293 4528 mim
307 4470 448 4528 Plectrude
462 4480 585 4525 matrona
599 4469 777 4538 disceptarit,
804 4475 831 4522 et
856 4466 913 4520 the
964 4478 1008 4526 ctu
1019 4488 1116 4543 magno
1126 4473 1247 4528 exercitu
1267 4471 1442 4536 Francorum,
1455 4473 1498 4527 rel
1553 4473 1751 4542 rguudionum,

124 4559 220 4599 sauros
237 4543 323 4614 patris
336 4544 377 4597 sui
390 4550 524 4612 sagaciter
533 4540 643 4607 recepit,
653 4552 798 4620 regemque
812 4536 847 4593 ibi
860 4542 914 4590 sta-
963 4541 1006 4595 rel
1018 4552 1176 4598 caeterarum
1191 4544 1218 4598 in
1242 4542 1357 4598 circuitu
1371 4543 1519 4610 nationum,
1530 4559 1590 4613 quae
1600 4543 1710 4598 ditionis
1722 4542 1753 4596 il-

125 4613 176 4669 tnit
190 4613 299 4671 nomine
312 4613 469 4669 clotarium.
498 4609 664 4679 chilpericus
687 4617 780 4688 itaque
804 4605 846 4662 iel
861 4605 914 4687 Ra:
963 4606 1017 4664 lius
1030 4622 1117 4679 erant,
1132 4612 1292 4668 Ariniouem
1302 4613 1438 4672 ciuitatem
1449 4613 1574 4669 bellando
1588 4613 1694 4684 irrupit,
1702 4611 1753 4667 Sa·

124 4682 270 4755 ganfredus
284 4683 421 4738 Eudonem
434 4681 665 4749 dueeiuexpetunt
678 4678 706 4733 in
719 4676 914 4799 mediumqm
964 4694 1078 4737 raecuos
1087 4698 1155 4753 quos
1178 4683 1216 4738 ibi
1237 4683 1337 4738 inuenit
1355 4683 1502 4747 interemit,
1518 4691 1546 4738 et
1574 4685 1687 4739 transito
1702 4682 1755 4738 llo-

124 4754 397 4809 iuoiensexercitum
410 4758 504 4806 contra
520 4748 646 4804 carolum
668 4754 796 4818 perrexit.
808 4745 844 4800 At
870 4746 915 4800 ile
964 4748 1043 4817 dano,
1057 4755 1090 4806 ad
1103 4752 1278 4809 obsidendam
1295 4752 1433 4808 ciuitatem
1443 4751 1597 4808 Narbonem
1610 4760 1753 4823 properat;

124 4831 282 4879 mustanter
294 4821 414 4879 occurrit
427 4820 453 4876 ei
472 4818 632 4888 intrepidus.
645 4816 699 4872 Sed
711 4815 913 4887 Eudoiugiens,
963 4831 1045 4904 quain
1072 4820 1136 4877 dum
1157 4821 1302 4886 obsideret,
1317 4821 1408 4892 Ocupa
1434 4838 1482 4877 rex
1502 4821 1698 4877 Saracenorum
1719 4837 1752 4876 ex

123 4891 245 4948 Patisitts
259 4893 367 4949 civitate
380 4905 533 4962 regressus,
554 4887 734 4959 chilpericum
750 4901 840 4956 regem
852 4899 915 4966 euin
965 4887 1064 4959 Spania
1075 4891 1279 4948 Amoribinailet
1291 4907 1352 4945 euin
1362 4891 1484 4946 exercitu
1499 4907 1596 4962 niagno
1606 4891 1752 4946 Saraceno-

125 4963 261 5018 thesauris
275 4963 409 5036 regalibus
421 4960 556 5017 sublatum
569 4958 639 5014 ultra
653 4956 771 5028 Ligerim
791 4962 912 5010 recessit.
950 5015 951 5018 Ἴ
963 4975 1025 5017 rum
1039 4961 1074 5016 ad
1085 4961 1238 5031 praesidium
1249 4958 1373 5013 Narbona
1392 4961 1562 5014 transmittit.
1580 4960 1655 5016 Tunc
1669 4961 1753 5016 earo.

124 5028 237 5089 0²f⁰¹¹¹³
250 5034 322 5088 ⁰¹¹¹¹¹¹
333 5040 490 5103 helmum
507 5044 559 5085 ¹¹⁰⁰
581 5026 680 5098 'epesi‘
691 5041 760 5082 0¹¹¹ss
781 5023 915 5080 0¹⁰²²rl¹¹⁸
963 5032 1006 5088 lus
1014 5040 1119 5100 partem
1137 5028 1273 5085 exereitus
1285 5029 1325 5082 sui
1337 5029 1551 5085 ailohsiileudam
1561 5029 1698 5084 ciuitatem
1710 5046 1754 5085 re-

125 5103 234 5173 quidem
248 5109 412 5158 memoratus
426 5117 474 5156 rex
492 5114 525 5155 co
537 5113 608 5154 anno
633 5097 709 5152 obiit·
725 5093 829 5150 interea
844 5093 916 5148 Rad-
964 5102 1051 5172 liquit,
1066 5099 1196 5167 reliquam
1210 5112 1274 5151 vero
1295 5107 1399 5166 partein
1412 5108 1526 5170 sumpta,
1542 5099 1685 5156 Saracenis
1705 5101 1754 5154 ob-

124 5172 212 5231 boum
226 5188 273 5228 rer
285 5173 409 5240 moritur,
423 5185 547 5239 annoque
568 5169 728 5238 insequente
751 5164 864 5220 carolus
878 5162 915 5216 le-
964 5173 1036 5227 uiam
1051 5168 1174 5223 oxiritin
1195 5166 1288 5237 prelio
1314 5182 1395 5238 super
1409 5168 1490 5224 Berre
1514 5168 1615 5236 llurio,
1637 5178 1665 5225 et
1690 5169 1754 5225 dum

162 5321 176 5350 ι
196 5306 298 5372 licias..
312 5306 473 5377 liugnpuriu.
998 5302 1011 5344 s
1032 5303 1134 5366 linies,
1150 5300 1241 5356 Sorriu.

163 5377 247 5431 1»ιιιο
269 5377 344 5432 loeus
361 5383 504 5446 corruptus
524 5374 551 5428 iii
574 5373 709 5442 chronico
731 5369 914 5426 bloissiaoeusi
1001 5385 1014 5414 a
1033 5373 1074 5426 hh
1084 5373 1127 5426 his
1138 5372 1226 5426 verbis
1236 5371 1314 5442 plura
1328 5371 1355 5426 in
1371 5372 1463 5428 codice
1484 5371 1668 5430 bloissiacensi
1682 5376 1754 5433 desi·

109 5448 171 5503 ‚ulii
186 5446 284 5529 legitur
296 5447 348 5501 boc
366 5445 455 5511 modo,
475 5443 554 5515 Regis
571 5442 712 5514 Dogoberti
724 5438 916 5498 exercito'cur·
964 5445 1093 5522 derantur
1104 5440 1178 5506 lolia,
1191 5457 1250 5512 quae
1270 5456 1322 5511 ope
1336 5440 1414 5510 hujus
1425 5442 1527 5499 codicis
1548 5445 1675 5501 resarciri
1688 5460 1752 5516 pus-

126 5518 263 5642 teruflum
275 5515 368 5570 situum
381 5523 553 5638 grassantes.
949 5514 1039 5579 sunt,
1051 5513 1153 5569 scilicet
1168 5513 1201 5567 ab
1216 5526 1288 5568 auae
1301 5511 1353 5564 ill
1364 5512 1398 5570 ad
1415 5511 1476 5567 itt.

162 5600 174 5628 ι
222 5602 298 5650 eise,
309 5601 383 5654 quam
404 5600 455 5638 um.
