3780 6120
72 369 108 423 Π
164 370 241 428 COD.
258 369 545 434 nitu-uouere,
559 368 646 433 ETG,
660 368 725 425 SEU
740 371 816 427 COD.
832 371 1075 429 stabulaus-
1087 375 1118 428 S.
1134 372 1320 428 zendatum*
1334 372 1443 429 aelst.
1453 405 1485 415 -
1499 375 1614 432 nostr.
1668 376 1704 433 ἰι

69 488 272 557 exemplaribus
296 501 415 540 carmiies
436 485 632 540 ecclesiasticos
658 486 778 540 moribus
795 487 861 550 suis,
879 493 901 548 Λ
916 488 1068 556 hujusmodi
1087 490 1180 543 ritulis
1195 489 1341 558 indigebat,
1361 491 1404 544 cui
1427 489 1515 546 lentes
1536 490 1586 560 ipsi
1607 504 1706 562 praesto

69 570 99 613 ιιι
111 568 172 612 erat
186 556 283 626 planus
294 565 374 625 atque
385 556 511 623 disertus,
521 571 618 624 magna
630 555 790 622 eloquentiae
804 557 864 610 lnce
915 568 993 611 erant
1010 559 1036 611 in
1052 573 1128 614 sacra
1150 558 1323 622 bibliotheca,
1340 575 1407 627 quos
1423 560 1449 613 iu
1471 561 1597 615 omnihus
1618 565 1708 621 causis

68 628 233 698 oiitiposnit,
246 641 314 694 iquos
325 627 405 692 bodio
421 641 470 679 usu
484 625 659 680 celeberrimo
677 625 795 680 Ecclesia
813 627 865 680 llo-
913 641 975 680 eain
999 628 1097 682 adiisse
1114 644 1164 696 per
1186 643 1248 682 snos
1269 629 1425 682 scriniarios
1448 639 1616 699 compertum
1643 635 1706 694 erit,

68 714 151 752 maim
170 696 367 765 corriplectitur.
385 695 439 750 llos
465 696 546 748 etiam
567 703 674 763 oportet
692 710 739 750 ios
757 696 865 750 assidue
915 698 1004 761 modo,
1024 699 1205 752 recentiorum
1222 698 1448 768 disputationibus
1460 700 1578 764 omissis,
1595 702 1709 773 diligen-

68 769 171 839 lcgere,
183 782 217 821 ne
231 767 375 821 videamini
392 775 446 819 tam
457 765 510 835 37
520 765 652 820 salutares
668 766 864 820 ecclesiasticas
915 777 956 820 ter
970 768 1145 822 consulantur
1156 768 1279 831 eoncilia,
1294 768 1413 835 epismlai
1424 769 1579 838 pontiliciae,
1590 779 1618 825 et
1628 780 1709 828 eaete·

69 838 181 909 regulas
192 836 505 905 culpabiliterignorare.
521 836 724 905 ibogtnaticnin
745 836 864 899 liic,sii'e
915 851 945 888 ra
966 847 1138 892 monumenta
1154 846 1254 900 i'etera,
1274 852 1333 904 quaa
1349 839 1419 908 typis
1436 839 1561 893 mandata
1588 850 1707 899 exstant.

69 908 201 962 moralem
214 907 313 961 librum
325 906 433 969 anitiiis,
453 904 667 959 Christianorum
688 904 864 960 iiiioruiandis
914 905 951 959 Er
966 907 1175 977 Cliristopborus
1189 906 1334 970 liistellus,
1352 922 1468 975 eumque
1487 909 1572 963 secuti
1594 920 1633 965 tot
1649 912 1707 974 alii,

68 978 103 1031 ad
118 978 280 1032 catholicam
295 974 473 1044 disciplinam,
488 975 575 1043 qualis
588 984 653 1029 tunc
664 975 833 1036 credebatur,
849 991 863 1029 a
910 974 981 1043 juris
998 978 1061 1031 lieet
1082 978 1254 1046 peritissimi,
1274 978 1344 1031 haud
1366 978 1462 1031 morati
1485 993 1546 1032 esse
1568 979 1708 1036 videntur:

67 1047 231 1101 (Iassiodoro
245 1046 361 1100 ilescribi
383 1054 549 1111 compertum
565 1055 627 1099 est:
643 1046 765 1114 quamtis
781 1044 864 1098 alium
914 1046 1012 1115 quippe
1033 1047 1078 1115 qui
1097 1063 1180 1100 unum
1201 1047 1252 1101 sibi
1268 1054 1479 1116 proposuerunt,
1494 1057 1524 1103 ut
1538 1064 1709 1120 praepropero

70 1117 153 1170 linctu
163 1118 215 1171 sibi
225 1116 397 1187 proposuerit
406 1114 754 1184 Dionysiussalonitanum
768 1129 864 1183 nempe
913 1130 992 1169 suuni
1006 1116 1126 1170 codicem
1140 1131 1275 1170 canonum
1290 1117 1464 1187 appingentes
1476 1125 1575 1174 sancte
1586 1121 1652 1181 sedi,
1663 1120 1709 1187 jns

68 1187 225 1257 episcopum
251 1185 445 1240 instituendum
470 1185 505 1239 ad
534 1184 731 1239 ecclesiasticas
758 1184 864 1254 regulas
914 1184 994 1251 liujus
1012 1185 1261 1250 tetrastalidirerit,
1279 1188 1352 1242 ande
1373 1201 1471 1241 novum
1486 1188 1631 1243 admodum
1650 1188 1708 1245 dis·

67 1265 127 1309 tuin
142 1273 203 1325 qua
218 1257 244 1309 iii
262 1255 386 1310 conciliis
400 1254 515 1308 decretae
538 1253 653 1318 lucrant,
670 1263 726 1307 tum
740 1269 800 1322 quie
814 1253 865 1307 mi·
913 1269 959 1308 erc
979 1270 1026 1309 are
1040 1256 1225 1310 ostenderent.

67 1341 121 1380 nus
136 1335 219 1379 catriae
235 1326 304 1396 apud
327 1324 470 1378 nonnullos
485 1334 563 1377 crant
585 1324 612 1377 in
633 1325 731 1393 pretio,
748 1334 777 1377 ut
793 1324 864 1378 idem
933 1335 934 1338 ’
976 1324 1030 1378 llll.
1048 1325 1155 1381 Utinam
1169 1325 1309 1379 barbaries
1322 1339 1372 1393 per
1387 1325 1491 1380 ltaliam
1507 1327 1587 1397 longe
1601 1326 1655 1384 late
1675 1345 1709 1385 ue

69 1397 231 1450 astatoria
248 1395 414 1464 prelatione.
436 1394 596 1463 spostolicae
612 1403 701 1447 autem
723 1394 790 1455 scili,
804 1408 865 1462 quae
913 1393 998 1448 cllusa
1020 1395 1140 1447 Romana
1161 1394 1243 1447 ctiam
1264 1411 1317 1448 non
1336 1394 1489 1450 hebetasset
1512 1398 1538 1450 in
1556 1398 1631 1452 cuia!
1651 1344 1709 1455 flori

68 1467 188 1535 regulas,
204 1480 251 1519 seu
268 1480 386 1519 canones
408 1463 467 1518 illos
491 1464 597 1518 nonnisi
616 1472 677 1532 post
695 1463 748 1516 duo
766 1464 864 1516 saecula
914 1464 986 1516 enim
1001 1462 1146 1526 scriniarii,
1163 1465 1243 1517 taedio
1260 1463 1349 1518 forsan
1369 1463 1479 1530 laboris,
1494 1466 1520 1520 ni
1536 1411 1623 1531 hiron,
1635 1484 1710 1524 coni·

68 1535 194 1605 amplecti
210 1537 301 1604 coepit,
317 1548 404 1603 neque
417 1533 567 1604 Dionysius,
585 1548 671 1600 neque
687 1532 865 1586 Cassiodorus
914 1534 1080 1601 pendiariam
1103 1533 1175 1586 illam
1193 1533 1263 1588 i'ian
1285 1549 1300 1586 a
1321 1533 1453 1601 Gregorio
1476 1537 1558 1591 etiam
1579 1537 1611 1591 lll
1634 1554 1711 1594 mon·

67 1603 152 1660 luisse
169 1607 230 1660 usui
248 1603 397 1667 alliruiaot,
418 1613 464 1656 aut
489 1602 623 1656 affirmare
643 1613 764 1671 possunt.
787 1601 865 1655 Falso
914 1609 1038 1666 stratam,
1057 1603 1261 1671 proposuissent
1278 1605 1426 1664 zacharia,
1440 1620 1521 1674 quam
1537 1610 1710 1675 postmodum

66 1675 152 1745 igitur
164 1675 211 1742 jus
224 1685 300 1730 retus
315 1675 342 1728 iit
357 1689 389 1728 ea
406 1673 565 1728 collectione
582 1673 720 1726 stauiitur.
915 1672 1069 1740 Stephanus
1092 1682 1119 1727 et
1143 1688 1315 1728 successores
1343 1683 1432 1728 terere
1461 1692 1514 1730 non
1540 1676 1709 1732 dubitarunt.

103 1745 166 1799 XX.
185 1744 242 1800 Nec
255 1743 471 1814 pretereundum
487 1743 559 1811 quod
581 1741 758 1798 Cassiodorus
774 1742 807 1796 de
820 1757 865 1795 ca-
916 1742 992 1795 llaiid
1007 1742 1087 1796 dubie
1100 1758 1158 1796 mos
1169 1747 1296 1812 antiquus
1306 1743 1497 1799 bibliothecam
1508 1747 1667 1803 consulendi
1682 1750 1709 1802 iit

66 1815 186 1869 tionibus
209 1823 316 1868 tantuin
341 1813 398 1883 agit
419 1812 593 1868 :decretales
613 1812 712 1881 quippe
736 1811 1119 1890 epistolasgdesuetudinem
1141 1813 1242 1866 sensim
1263 1828 1317 1868 non
1342 1813 1473 1880 abiisset;
1501 1817 1539 1870 ita
1567 1824 1595 1868 ut
1619 1818 1709 1873 saculi

66 1895 185 1946 constat,
204 1899 220 1939 a
236 1885 469 1965 Dionysiopostea
483 1881 621 1945 collectas,
637 1890 667 1936 ut
680 1881 787 1937 loliano
800 1896 863 1950 pre·
916 1881 995 1935 unius
1008 1882 1096 1949 spatio
1108 1880 1210 1947 Ganoii,
1230 1897 1278 1936 seo
1293 1881 1412 1937 Godexc
1429 1900 1530 1940 notium
1544 1901 1559 1938 a
1576 1885 1665 1941 Leone
1675 1889 1710 1944 lt

64 1955 170 2024 shyteri
184 1956 316 2009 cardinali
329 1968 431 2006 morem
442 1961 559 2022 gereret,
574 1952 652 2021 cujus
666 1951 783 2005 maxima
798 1964 863 2005 cura
917 1951 1049 2013 laudatus,
1063 1958 1093 2003 ut
1113 1966 1192 2020 supra
1215 1953 1331 2015 aiebam,
1356 1953 1383 2006 in
1405 1954 1594 2077 episcopiorum
1610 1959 1709 2021 causis,

63 2035 200 2092 eratque
216 2024 249 2078 ιιι
268 2023 480 2078 ecclesiasticam
503 2022 672 2091 disciplinam
696 2022 865 2090 pertinerent
916 2021 1049 2089 rebusque
1061 2021 1094 2075 ad
1106 2021 1273 2088 disciplinam
1283 2022 1480 2089 pertinentibus
1501 2040 1547 2078 ere
1558 2041 1627 2080 iiiios
1638 2038 1711 2082 esset

66 2094 217 2164 inquirere,
232 2094 304 2162 quod
324 2092 468 2163 Ditiiigsius
482 2092 552 2147 idem
572 2101 697 2146 testatur.
716 2089 780 2157 Quae
800 2106 865 2144 reru

64 2174 106 2216 est
121 2163 257 2229 ejusmodi
276 2162 409 2224 collectio,
424 2162 528 2232 privata
544 2162 706 2217 auctoritate
727 2160 810 2224 latita,
824 2176 864 2214 sa-

64 2249 176 2302 croque
194 2233 365 2290 bibliothece
387 2230 482 2287 loculis
500 2232 611 2286 minime
626 2230 766 2287 excussis?
780 2230 864 2284 Exsu-

67 2303 125 2357 laut
140 2304 205 2358 inde
218 2303 323 2357 scilicet
333 2304 474 2372 piaaipoae
488 2303 574 2356 sancti
587 2302 685 2366 tamis
697 2300 817 2368 epistole
830 2301 864 2355 ad

65 2374 220 2444 episcopos,
232 2386 258 2426 et
270 2373 406 2443 principes
416 2373 576 2440 conscriptae
588 2387 659 2425 atino
671 2370 733 2432 tta,
757 2371 784 2424 in
806 2386 864 2424 ma·

67 2458 119 2512 gna
132 2458 166 2497 eii
180 2444 363 2498 commotione
376 2444 459 2496 totius
471 2441 590 2496 Orientis
599 2442 634 2496 ob
645 2441 769 2495 haeresim
778 2440 863 2511 Euty-

63 2513 164 2575 cltetis,
177 2515 261 2581 inque
277 2513 310 2566 iis
324 2512 384 2567 dure
394 2511 515 2566 celebres
529 2513 564 2565 ad
584 2510 752 2574 Florianum,
768 2519 864 2564 octava

64 2592 93 2636 et
119 2583 228 2637 decima
253 2582 374 2636 ninnium
395 2581 570 2637 celeberrima
590 2582 623 2636 de
641 2596 697 2648 qua
717 2581 863 2635 concilium

63 2654 117 2709 stili
127 2653 239 2707 Gelasio
251 2653 288 2707 ιιι
305 2652 425 2706 decrerit
439 2666 492 2705 non
506 2651 592 2706 inulto
606 2660 668 2704 ante
679 2651 798 2720 Dionysii
816 2651 864 2704 ad-

65 2732 180 2776 rentum
196 2723 331 2776 Romam:
350 2740 359 2773 i
375 2721 457 2788 Cujus
471 2731 573 2775 textum
592 2720 724 2812 quispiam
739 2724 761 2775 si
779 2735 865 2790 usquc

65 2791 101 2845 ad
113 2808 197 2845 uiinni
214 2793 269 2847 iota
286 2792 478 2861 disputaverit,
497 2801 524 2845 et
544 2806 598 2844 non
616 2805 675 2844 cani
695 2791 723 2844 ln
738 2790 865 2845 omnibus

65 2862 263 2917 ieoembitiier
273 2859 862 2932 reciperit,anathement.»(holibat'oiicil.

66 2941 135 2985 tom.
150 2932 196 2994 tr,
212 2948 274 3003 pag.
291 2931 381 3001 raas).
400 2933 438 2985 [ie
455 2931 556 2995 Siricii,
580 2929 738 2991 lunocentii,
763 2929 864 2986 Gelasii

65 3000 157 3124 ‘leuius
175 3018 275 3056 nonani
293 3004 478 3056 tantummodo
490 3001 619 3056 collector
636 2999 722 3070 notit)
739 3000 863 3054 decreta-

76 3073 138 3126 'bns
163 3071 295 3126 litterisa
320 3072 479 3127 collectione
494 3071 681 3127 exsulantibus
701 3070 769 3124 nibil
790 3069 862 3124 dico.

64 3141 158 3195 {fnum
169 3142 197 3196 id
212 3151 302 3197 tacere
317 3157 368 3196 non
379 3157 498 3211 possum,
515 3142 586 3211 quod
598 3156 657 3209 quae
672 3139 706 3192 ad
717 3139 864 3265 astruenda
877 3173 900 3237 c

65 3211 128 3265 odei
144 3212 280 3282 dogmata,
297 3213 333 3266 ad
353 3212 466 3266 Enniani
487 3211 622 3280 pontilicis
643 3217 814 3290 potestatem,
829 3224 844 3263 a

915 2091 975 2145 usui
991 2106 998 2144 :
1014 2099 1051 2154 et,
1063 2091 1135 2159 iqiiod
1156 2091 1241 2158 magis
1257 2091 1410 2156 dolendum,
1426 2091 1544 2148 Jniiuiies
1556 2093 1622 2160 t’ttt,
1636 2112 1709 2153 nono

915 2160 1015 2215 sarculo
1029 2161 1190 2221 declinante,
1208 2161 1401 2216 constitutione
1418 2162 1499 2217 nimis
1516 2164 1600 2218 clliisa
1616 2181 1710 2222 sanxe-

917 2231 962 2295 rit,
975 2231 1119 2284 hiiasrasio
1134 2238 1202 2284 teste
1219 2230 1360 2302 (Pieriis
1380 2230 1459 2285 Corio.
1477 2233 1538 2288 Nic.
1560 2235 1601 2303 ui,
1620 2245 1650 2289 ut
1665 2254 1711 2293 ca·

916 2316 1001 2354 nones
1021 2309 1049 2354 et
1062 2303 1169 2354 decreta
1185 2301 1276 2354 oriiiiia
1292 2302 1478 2370 accipercnui
1490 2318 1551 2372 qum
1566 2304 1637 2370 ιιιιι,
1654 2323 1708 2360 nio·

916 2372 1006 2435 ribus,
1033 2378 1186 2439 sanctaque
1208 2371 1279 2425 sedis
1298 2370 1427 2426 institutis
1454 2373 1564 2428 niinime
1584 2376 1711 2431 aduersa-

916 2450 1019 2495 rcntur.
1041 2441 1127 2494 llerba
1155 2441 1212 2509 ipsa
1239 2440 1436 2496 bibliothecarii
1464 2445 1619 2511 pontilicem
1644 2446 1711 2501 allo-

916 2512 1023 2579 quentis
1044 2509 1178 2579 proleram
1195 2528 1202 2564 ι
1220 2530 1231 2561 ι
1250 2510 1272 2564 h
1310 2512 1408 2565 stolatu
1424 2522 1516 2568 restio
1537 2514 1709 2578 decernente,

916 2596 969 2635 nori
996 2581 1082 2636 solum
1098 2580 1159 2635 illos
1181 2581 1252 2635 solos
1270 2526 1309 2634 KG)
1325 2597 1442 2636 canones
1465 2582 1584 2638 Ecdesia
1603 2584 1709 2654 recipit,

915 2652 963 2705 sed
976 2659 1004 2704 et
1020 2664 1114 2705 omncs
1127 2665 1231 2711 eoram,
1245 2649 1300 2732 39
1315 2659 1407 2721 utpote
1424 2650 1543 2718 Spiritus
1556 2655 1654 2711 sancti.
1668 2665 1711 2709 tu-

915 2722 1022 2785 barum,
1045 2720 1111 2789 quin
1135 2728 1163 2773 et
1186 2736 1305 2774 oniiuuui
1328 2721 1438 2775 omnino
1456 2723 1636 2790 probabilium
1659 2724 1710 2778 ra·

916 2799 997 2851 trum,
1016 2799 1043 2846 et
1062 2800 1217 2844 sanctorum
1241 2788 1417 2845 conciliorum
1437 2791 1544 2858 regulas
1562 2793 1711 2848 et-instito-

916 2860 1002 2914 tiones
1017 2859 1135 2914 admittit
1152 2859 1211 2914 illas
1227 2860 1366 2924 duntaxat,
1381 2876 1441 2929 quae
1462 2876 1513 2917 nec
1533 2871 1614 2917 recte
1635 2863 1709 2929 lidei,
1753 2899 1755 2903 ·

915 2941 966 2985 nec
980 2930 1071 3000 probis
1085 2930 1205 2984 moribus
1222 2930 1340 2993 alii'iant,
1360 2932 1407 2984 sed
1427 2946 1477 2985 uec
1494 2933 1565 2986 sedis
1582 2933 1710 2989 ιιιιιιιιιιιι

915 2998 1032 3055 decretis
1042 3001 1075 3054 ad
1094 3000 1228 3055 modicum
1240 3002 1304 3068 quid
1318 3001 1460 3055 resultant.
1474 3021 1483 3052 i
1497 3001 1625 3068 Qoaiuds
1637 3004 1711 3058 eiriin

915 3070 1063 3139 suppositae
1077 3069 1134 3123 istae
1152 3084 1255 3124 merces
1269 3071 1295 3123 in
1312 3068 1447 3125 Gaiiorieni
1466 3071 1558 3127 relatae
1573 3088 1710 3142 nunquam

915 3138 1016 3195 luerint
1037 3141 1071 3194 ab
1094 3140 1240 3208 apostolica
1256 3141 1330 3203 sede,
1352 3151 1417 3196 osus
1432 3150 1521 3196 taiiien
1539 3156 1633 3196 earum
1648 3158 1711 3212 per-

915 3210 1015 3264 missus
1041 3209 1202 3264 altissimum
1225 3209 1321 3265 uulnus
1345 3211 1492 3280 disciplina
1509 3211 1618 3278 indixit,
1637 3213 1710 3282 quod

67 3281 196 3336 moesta
215 3284 348 3336 universe
365 3282 485 3352 regimen
499 3292 526 3337 et
540 3281 574 3335 ad
591 3282 730 3351 potissima
745 3279 865 3348 discipli·
914 3279 1002 3336 lerreo
1018 3279 1117 3335 saeculo
1137 3279 1241 3334 declino
1257 3281 1411 3349 exputruit,
1434 3296 1484 3337 nec
1504 3283 1554 3337 nisi
1573 3291 1633 3352 post
1650 3284 1710 3337 ιιιιι-

64 3366 108 3405 iize
124 3361 264 3406 momenta
288 3352 434 3421 pertinent,
453 3366 485 3405 ea
503 3354 593 3406 oninia
611 3367 626 3406 a
644 3348 803 3404 collectione
817 3349 864 3404 ab·
914 3357 994 3404 turiia
1011 3349 1129 3405 remedia
1147 3349 1302 3405 cicatricem
1321 3351 1443 3406 obduxit.
1457 3351 1556 3406 husan
1577 3362 1708 3422 preterea

63 3430 140 3483 aunt,
163 3430 193 3474 ot
208 3421 302 3475 sedulo
322 3436 381 3474 eain
404 3421 565 3486 expendenti
580 3421 670 3490 palam
694 3418 751 3473 liet.
774 3418 863 3485 Quare
914 3419 988 3475 dedit
1005 3418 1135 3475 Perinde
1154 3419 1244 3473 Merca
1268 3428 1296 3473 et
1320 3420 1419 3486 Natali,
1444 3430 1474 3475 ut
1496 3430 1551 3476 tam
1574 3422 1657 3477 multa
1675 3424 1709 3477 de

66 3491 239 3547 doctissimos
262 3490 321 3545 illos
337 3491 411 3545 siros
431 3491 573 3545 tosiettom
599 3501 627 3545 et
644 3499 759 3544 ceteros
783 3489 865 3544 colle-
909 3487 972 3557 jure
984 3490 1067 3545 reteri
1084 3498 1111 3544 ct
1123 3504 1194 3543 noro
1208 3496 1285 3542 extra
1300 3491 1386 3545 aloarii
1396 3492 1573 3560 disputarent
1587 3491 1708 3559 Quorum

65 3562 188 3615 caunum
211 3560 349 3629 ingenium
361 3576 395 3614 ac
417 3561 496 3615 linem
509 3570 648 3617 assecutos
669 3575 722 3612 ιιοιι
743 3574 803 3614 esse
818 3559 862 3613 ιιι
913 3561 1035 3614 omnium
1045 3558 1105 3614 sons
1118 3567 1160 3614 est
1174 3558 1287 3628 epistola
1300 3560 1358 3615 hinc
1374 3561 1521 3627 Zacharia,
1534 3577 1615 3632 quani
1627 3564 1707 3617 niodo

68 3630 240 3684 crediderim.
259 3630 295 3684 De
309 3631 416 3701 ingenio
427 3629 525 3699 quiippe
541 3631 692 3686 luculenter
701 3627 863 3683 Cresconius
913 3628 1054 3696 subjiciam
1071 3631 1191 3684 omniurn
1206 3628 1301 3684 oculis.

69 3698 196 3754 liberino
210 3715 246 3771 ep
256 3715 349 3769 scopo,
360 3702 405 3754 ubi
418 3701 456 3754 ait
471 3700 638 3755 Ferranduin
654 3714 733 3768 qoem
748 3701 805 3768 ipse
820 3713 863 3752 se·
948 3699 1041 3754 xxttl.
1054 3699 1092 3753 Ex
1108 3699 1234 3753 brevibus
1249 3699 1335 3754 eidem
1351 3701 1423 3754 notis
1442 3703 1570 3771 appositis
1582 3703 1659 3774 plura
1675 3704 1709 3759 iis

69 3772 169 3837 quitor,
189 3789 201 3821 i
219 3771 406 3831 lodoctoruiii,
424 3785 538 3839 qnorum
552 3779 595 3826 est
611 3770 727 3824 maxima
744 3769 863 3823 multitu-

69 3840 110 3902 do,
126 3841 154 3893 ιιι
165 3839 261 3894 eisdem
271 3856 352 3910 opere
363 3840 481 3896 studium
495 3842 635 3909 probatur,
647 3850 677 3893 ut
689 3839 726 3892 ita
735 3839 861 3903 dixerim,

70 3920 253 3977 sequestrasse
256 3949 312 3964 .....
324 3927 356 3965 ea
369 3911 525 3965 condiscere
538 3911 689 3965 ualentibus
702 3917 730 3962 et
747 3909 862 3963 uolenti-

70 3977 117 4032 bus
131 3979 311 4034 dobitationis
325 3982 465 4050 ambagem
482 3981 599 4044 auferre,
615 3989 644 4034 ut
666 3993 760 4032 eorum
782 3980 861 4048 pleua

70 4047 211 4103 instnietio
224 4064 318 4103 niinex
326 4049 483 4104 dillicultatc
495 4051 644 4120 scriptoris,
657 4049 705 4102 sed
714 4064 748 4103 ιι
758 4048 861 4103 desidia

67 4115 120 4183 jain
143 4119 296 4188 depenaeat
318 4120 429 4174 lecturis
431 4159 486 4173 .....
506 4120 637 4190 probabili
662 4119 862 4173 examinatione

70 4203 118 4242 cuii
128 4189 217 4254 liscat,
234 4199 326 4243 utrum
340 4206 371 4243 cx
394 4192 546 4254 severitate,
561 4206 595 4244 an
607 4205 641 4244 ex
656 4187 767 4242 lenitate
782 4204 861 4243 suum

69 4257 188 4396 Qum
206 4260 304 4314 debeat
329 4261 464 4315 moderari
490 4260 561 4314 liiii.
584 4269 633 4314 oet.
648 4258 688 4323 1.,
703 4266 769 4313 ιοιιι.
787 4256 813 4323 ι,
832 4273 859 4328 p.

134 4348 168 4381 d

100 4398 240 4468 asshxl.
261 4399 299 4453 Ex
312 4400 412 4467 quihus
424 4414 477 4454 non
490 4400 606 4455 obscure
619 4405 708 4470 patet,
723 4397 861 4454 collectio-

913 3775 1065 3849 suppetent,
1079 3783 1140 3836 quar
1153 3769 1219 3822 niihi
1231 3767 1287 3821 viai
1302 3777 1365 3822 sunt
1379 3773 1578 3839 promouendo.
1594 3773 1651 3827 Duo
1664 3775 1709 3830 hic

913 3839 1049 3906 amiciam,
1062 3852 1177 3906 quorum
1188 3852 1269 3891 onum
1279 3836 1425 3905 patefaciet
1444 3839 1617 3896 Collectiouis
1628 3858 1708 3898 nsum

912 3926 926 3963 a
947 3908 1066 3963 ostolicae
1084 3907 1155 3961 sedis
1169 3906 1284 3960 decretis
1303 3908 1473 3963 adversantia
1496 3913 1681 3980 suppeditasse
1698 3932 1706 3966 :

940 3986 1027 4032 terum
1054 3991 1119 4031 vero
1151 3975 1285 4045 opinionis
1316 3975 1453 4033 Sit-mendi
1480 3979 1625 4036 falsitatem
1651 3997 1709 4035 nia-

912 4048 956 4118 gis
972 4048 1110 4118 magisque
1125 4046 1258 4102 ostendet.
1284 4045 1375 4101 Primo
1397 4048 1479 4116 igitur
1490 4049 1586 4106 Franci
1611 4060 1709 4121 rogant

912 4133 972 4187 cap.
988 4120 1018 4172 ll
1041 4136 1047 4173 :
1065 4136 1075 4167 i
1090 4116 1140 4183 Qut
1156 4115 1246 4171 clerici
1267 4118 1349 4171 ctiam
1370 4118 1404 4172 ab
1424 4121 1553 4175 uxoribus
1571 4123 1708 4176 abstinere

912 4189 1043 4243 debeant?
1053 4210 1062 4240 ι
1072 4187 1338 4256 Reponitzacharias
1348 4189 1642 4247 auctoritatecan.hlr.
1650 4188 1685 4244 st
1697 4209 1703 4244 :

915 4277 924 4309 i
938 4258 1095 4328 Episcopus,
1110 4259 1292 4338 presbyteros,
1306 4257 1434 4313 diaconos
1446 4260 1545 4316 debere
1556 4262 1706 4326 continere,

911 4328 979 4383 alios
991 4346 1042 4384 non
1058 4343 1127 4397 cogi.
1145 4349 1154 4378 ι
1169 4327 1197 4382 ld
1209 4342 1272 4381 vcro
1286 4343 1348 4382 cunt
1358 4329 1467 4385 decreto
1485 4331 1570 4386 sancti
1582 4331 1707 4402 Gregorii

911 4409 1029 4478 pugnat,
1050 4399 1095 4468 qui
1115 4404 1230 4452 exeunte
1249 4406 1326 4452 sexto
1343 4399 1442 4454 saeculo
1458 4402 1653 4456 continentiam
1669 4402 1708 4456 in·

67 4470 361 4537 aesomnesosquead
373 4480 499 4525 omarum
510 4471 639 4526 Ecclesiae
647 4469 773 4523 secutum
785 4469 859 4540 (nani
910 4480 1036 4536 junxerat
1056 4468 1138 4523 etiam
1157 4467 1328 4523 subdiaconis
1347 4483 1396 4537 per
1418 4477 1505 4525 totuin
1522 4470 1706 4526 Occidentem.

67 4538 230 4593 Cresconius
251 4540 277 4594 iii
298 4540 404 4609 septimi
425 4549 547 4595 extremo
566 4540 710 4604 scrihebat)
727 4547 782 4592 tani
801 4553 860 4609 que
874 4520 899 4580 D
913 4539 953 4592 En
967 4540 1047 4594 rerba
1058 4537 1116 4607 ejus
1130 4537 1261 4592 Venantio
1276 4537 1392 4593 bainensi
1412 4541 1538 4610 episcopo
1556 4541 1708 4596 rescriben-

66 4609 208 4675 generales
222 4617 301 4663 erant
314 4625 459 4671 cationum,
477 4625 558 4679 quain
581 4624 640 4678 quae
661 4609 860 4678 poenitentiales

67 4688 171 4733 taiitoin
190 4679 376 4743 coritinebant,
394 4681 527 4749 publicam
546 4682 690 4735 utilitatem
714 4687 859 4749 spectasse,

66 4765 98 4804 ac
115 4749 230 4818 proinde
245 4749 351 4803 illarum
367 4751 448 4804 linem
466 4749 548 4805 ιιιιιιι
563 4749 767 4805 instructionem
783 4749 860 4814 cleri,

65 4830 92 4872 et
111 4834 338 4889 quorumcunque
360 4820 488 4874 lideliom.
511 4819 593 4889 Cujus
619 4821 656 4874 rei
680 4819 860 4887 locupletissi-

66 4905 140 4943 mum
157 4891 290 4945 halienius
312 4899 408 4944 testem
427 4891 569 4945 llartiuuin
594 4891 797 4952 Bracarcnsem,
814 4890 860 4957 qui

65 4960 99 5013 ad
126 4974 204 5014 ιιιιιιι
232 4960 434 5024 collectionem,
462 4976 518 5030 pre
543 4961 602 5014 aliis
627 4961 684 5015 haec
709 4958 858 5028 praelator:

67 5030 214 5099 Propterea
236 5031 263 5084 iii
287 5030 353 5101 ipsis
375 5032 524 5085 canonibus
539 5031 627 5100 aliqua
650 5030 861 5097 simplicioribus

66 5101 211 5154 rideantur
222 5102 338 5155 obscura
352 5119 359 5153 :
376 5101 436 5154 idco
452 5103 538 5154 risum
552 5111 603 5163 est,
614 5111 644 5154 ιιι
658 5115 719 5154 cum
735 5101 808 5154 omni
820 5099 861 5152 di-

66 5170 179 5240 ligetitia
198 5181 226 5226 et
245 5186 276 5224 ea
289 5185 350 5238 quae
364 5187 413 5241 por
431 5174 606 5226 translatores
626 5172 767 5224 obscurius
788 5169 860 5223 dieta

66 5251 301 5310 sincerasque
318 5255 367 5309 per
383 5243 529 5312 scriptores
543 5251 605 5295 sunt
626 5242 777 5302 immutata,
793 5239 860 5292 sini-

65 5312 165 5379 plicius
189 5321 216 5366 et
242 5310 411 5366 emendatius
429 5323 620 5366 restaurarem.
638 5310 664 5364 ld
682 5312 798 5380 primum
813 5310 861 5363 ob·

65 5397 192 5443 seruans,
214 5391 245 5434 iit
265 5381 310 5434 illa
334 5396 395 5448 quae
416 5383 449 5436 ad
471 5384 621 5454 episcopos,
647 5382 687 5435 iel
705 5381 860 5433 uuiversum

65 5451 171 5504 cleritm
186 5451 336 5521 pertinent,
353 5467 405 5505 una
423 5453 450 5506 in
467 5463 543 5522 parte
560 5452 710 5520 conscripta
730 5451 804 5503 sint:
822 5452 861 5503 si-

65 5521 169 5577 militer
193 5532 293 5591 atquae
308 5526 342 5576 al
363 5522 446 5578 laicos
467 5526 617 5593 pertinent,
641 5520 720 5576 simul
745 5520 800 5575 siiit
818 5520 861 5572 ad-

65 5592 245 5647 unata1utde
255 5606 309 5660 quo
319 5593 438 5662 capitulo
452 5595 522 5648 seire
532 5593 629 5663 aliquis
640 5591 764 5652 voluerit,
777 5590 860 5657 possit

65 5661 186 5718 celerius
207 5663 329 5717 invenire
347 5663 460 5734 (labbe,
482 5663 562 5718 Cone.
577 5674 641 5720 tom.
661 5663 709 5726 l'l,
726 5678 752 5731 p.
770 5660 859 5728 labli.

66 5732 132 5786 ttae
156 5731 279 5802 pmraaeio
291 5749 373 5789 causa
389 5743 432 5789 est
445 5750 494 5790 cur
508 5733 607 5789 nullam
626 5747 758 5787 caninium
781 5731 862 5785 colle-

65 5803 186 5860 ctionem
204 5811 305 5860 saticttc
319 5804 377 5861 sedi
395 5804 513 5862 oblatam
526 5804 617 5862 videre
631 5804 693 5861 erit.
710 5800 769 5859 lion
788 5801 861 5859 euim

913 4609 947 4662 tis
961 4608 970 4679 ι
979 4608 1025 4662 lib.
1039 4625 1076 4672 iv,
1092 4622 1134 4677 ep.
1150 4607 1191 4670 ιιι,
1206 4606 1274 4678 lii:
1291 4627 1301 4658 ι
1317 4607 1480 4664 Subdiacoui
1502 4625 1625 4679 quoque,
1639 4625 1707 4680 quus

913 4679 1009 4735 similis
1025 4678 1102 4747 culpa
1118 4677 1294 4748 constringit,
1306 4680 1340 4731 ab
1353 4677 1443 4733 allicio
1457 4695 1505 4734 suo
1523 4680 1708 4735 irrevocabili·

913 4757 955 4804 ter
968 4750 1092 4819 depositi,
1107 4750 1178 4803 inter
1197 4747 1280 4802 laicos
1293 4751 1508 4803 communionem
1529 4751 1675 4820 accipiant.
1694 4767 1705 4800 i

911 4819 977 4873 item
993 4819 1170 4887 metropolitae
1184 4817 1373 4871 Mediolanensi
1389 4835 1396 4871 ε
1418 4839 1427 4871 ι
1444 4819 1568 4875 siiniliter
1582 4819 1664 4874 etiarn
1679 4829 1708 4873 ct

913 4897 968 4944 tres
987 4890 1176 4951 subdiaconos,
1195 4902 1264 4957 quos
1286 4886 1443 4945 fraternitas
1462 4898 1550 4945 restra
1566 4889 1654 4958 lapsos
1667 4889 1707 4943 iu·

913 4959 1011 5023 notuit,
1024 4974 1038 5011 a
1050 4975 1099 5015 suo
1108 4968 1221 5026 sentper
1239 4973 1344 5021 vacare,
1358 4973 1390 5012 ιι
1406 4960 1574 5014 decernimus
1586 4959 1707 5028 privatos

912 5045 973 5085 esse
990 5029 1080 5084 ollieio
1103 5045 1109 5082 :
1129 5030 1226 5098 quilius
1245 5027 1312 5081 nihil
1333 5027 1406 5083 aliod
1428 5045 1509 5099 quam
1531 5030 1601 5083 inter
1622 5029 1707 5083 laicos

912 5115 988 5154 sacra
1001 5109 1042 5154 cst
1055 5099 1199 5168 prebenda
1216 5098 1379 5152 commuuio.
1396 5118 1406 5150 i
1420 5099 1597 5169 Pugnantiam
1616 5099 1707 5167 hrq'us·

912 5171 984 5224 modi
1007 5170 1134 5223 conciliat
1159 5168 1352 5222 Thornassinus
1374 5169 1484 5294 &Beroea
1511 5170 1529 5222 l.
1555 5185 1592 5231 xi,
1615 5184 1640 5223 ι.
1660 5169 1705 5232 65,

912 5256 940 5294 n.
955 5239 1003 5310 to)
1020 5240 1104 5302 aiens,
1118 5248 1178 5308 post
1196 5252 1280 5292 annos
1296 5238 1355 5303 ιιι),
1398 5241 1497 5310 regorii
1509 5241 1647 5294 decretum
1661 5239 1706 5292 ad·

913 5310 966 5364 hoc
980 5308 1129 5374 vacillasse,
1152 5318 1179 5363 et
1202 5323 1297 5376 parum
1312 5317 1469 5364 constanter
1483 5317 1617 5366 serratum
1633 5323 1704 5363 esse.

912 5381 948 5434 dt
962 5381 1032 5434 bona
1053 5395 1113 5432 rum
1133 5377 1190 5446 ejus
1210 5379 1287 5431 venia
1311 5394 1364 5432 non
1386 5380 1529 5434 vacillabat
1549 5378 1704 5445 decretum

914 5450 1023 5504 indocta
1036 5449 1159 5503 collectio
1172 5446 1324 5516 hujusmodi
1339 5450 1475 5503 contraria
1492 5449 1599 5503 decreta
1611 5463 1705 5520 suppe-

913 5520 1025 5574 ditabat.
1038 5519 1068 5572 Ei
1078 5519 1129 5572 nisi
1141 5519 1223 5572 etiarn
1237 5518 1293 5585 ipse
1309 5517 1452 5574 Sirmondo
1463 5519 1600 5574 habuisset
1614 5519 1705 5583 duem,

914 5606 970 5644 rein
989 5605 1084 5644 noram
1101 5604 1115 5642 a
1131 5588 1260 5643 Zacharia
1275 5585 1389 5656 prolerri
1406 5589 1534 5644 sensisset
1551 5590 1707 5659 apostolico

913 5661 971 5714 sedi
989 5658 1163 5720 contrariam,
1180 5660 1243 5728 quia
1278 5659 1362 5712 rimus
1379 5659 1499 5715 deseruit
1517 5660 1588 5714 viam
1604 5675 1619 5713 a
1636 5676 1706 5730 pre·

914 5729 1100 5786 decessoribus
1127 5729 1229 5782 tritam.
1255 5673 1370 5782 Βιιιιιιιι
1396 5744 1456 5786 csse
1486 5729 1563 5787 rideo
1584 5730 1617 5786 ιιι
1642 5745 1705 5785 can.

914 5811 1000 5870 apost.
1021 5801 1067 5868 at,
1093 5799 1211 5870 reposito
1231 5798 1423 5858 consultationi
1448 5800 1490 5858 ts.
1511 5821 1521 5855 ι
1540 5798 1591 5870 Qui
1612 5798 1705 5858 clerici
