3780 6120
62 281 118 339 sits
568 277 654 331 lllllll
674 277 843 334 canosini.
860 310 897 322 -
915 274 1180 334 ettotsconttntt.
1642 274 1697 329 atti

61 389 238 459 ciiiccptiunc
257 386 383 441 iiieliabiii
398 385 536 439 nativitate
549 386 620 439 licus
630 400 711 440 verus
724 386 857 456 processit
871 396 893 449 il
908 387 1045 456 anitiquins
1062 387 1119 454 ipse
1136 387 1239 450 habuit,
1257 401 1338 455 quam
1357 384 1391 440 ad
1405 384 1583 441 universalem
1601 376 1705 457 cogen·'

62 471 89 517 et
102 468 234 515 natusest
248 458 354 511 hoino.»
371 456 432 509 llaec
445 471 506 509 enni
521 455 576 523 ipse
587 455 685 520 tradat,
694 470 802 510 omnem
811 471 857 509 eii-
907 454 970 509 darn
988 456 1119 527 synodum
1133 472 1166 511 ex
1180 457 1262 510 totius
1274 455 1454 511 Occidentalis
1471 456 1545 511 orbis
1556 457 1645 525 cpiscc
1665 457 1698 522 is,

60 531 145 586 cludit
168 531 195 583 in
215 527 284 582 Filio
302 527 350 580 lici
371 524 518 579 secundani
541 540 651 578 carnem
674 523 854 593 adoptionem,
906 540 1016 594 operam
1029 527 1103 590 dare,
1115 527 1225 581 crebros
1243 542 1274 580 ea
1287 527 1321 581 de
1332 541 1414 581 cansa
1440 526 1472 581 ad
1486 525 1633 580 Adrianum
1657 528 1701 580 lo-

59 616 124 656 cum
146 614 201 654 nun
240 613 283 650 ain
306 596 387 650 lii‘cin't
412 597 470 649 sino
483 592 538 648 neo
557 594 694 662 bomoqni
720 595 747 648 in
772 594 857 648 tilium
907 610 1016 649 inanum
1029 597 1182 665 pontilieem
1198 595 1700 666 legatosinittens,exploraturusejus

61 671 204 740 potuerita
223 666 321 735 optari.
906 666 1068 719 sententiam
1088 664 1151 735 quid
1171 664 1205 720 de
1228 665 1364 746 proposita
1382 681 1436 789 gaer
1449 665 1607 734 lllipandnm
1627 681 1702 735 quat·

97 739 143 793 lii.
159 736 317 790 Testimouiu
328 733 457 802 ildefonsi
469 742 561 786 contra
573 748 673 786 errores
686 730 857 802 mipendi-
906 734 994 789 stione
1012 735 1133 789 sentiret.
1155 734 1238 800 Qiialc
1250 751 1322 790 enim
1341 737 1368 790 in
1402 737 1424 790 is
1442 734 1601 805 peragendis
1620 734 1702 789 luerit

62 807 177 863 tussam
192 804 299 875 quidem
317 805 369 858 ista
388 802 510 857 siilllcere
521 803 555 855 ad
568 817 616 855 cua
650 800 768 856 nendum
784 802 858 856 calu·
906 803 994 857 Caroli
1009 804 1096 873 llagni
1109 804 1343 874 vigilantissimum
1363 805 1492 869 studium,
1511 818 1525 858 a
1541 803 1614 859 nullo
1634 803 1699 859 lide

62 880 153 941 mniac,
166 878 238 931 sicut
256 883 283 929 et
303 873 458 942 impietatis,
478 869 609 940 perlldnm
646 871 793 940 lipandnm,
810 871 856 925 sed
908 872 968 927 liori
985 880 1065 938 teste,
1087 890 1167 942 quam
1190 889 1223 928 cx
1243 875 1328 944 ipsius
1351 876 1385 929 ad
1404 873 1565 946 Elipandum
1588 872 1701 929 redditis

61 949 118 1004 Deo
136 944 245 1028 agendae
267 951 329 998 sunt
348 943 449 1012 gratiae,
465 941 565 1009 licique
581 941 660 995 matri
679 940 857 995 sanctissime
907 941 1004 997 litteris
1017 957 1219 1011 cognoscemus,
1234 944 1261 997 in
1277 943 1375 1013 quibus
1390 945 1446 999 hacc
1462 945 1533 998 inter
1547 943 1599 997 alia
1614 943 1647 998 de
1658 943 1702 997 bis

62 1018 178 1086 Virgini,
191 1013 262 1083 qnod
278 1012 401 1066 laudator
414 1009 472 1079 ejus
486 1008 634 1065 lldclcnsiis
647 1010 755 1064 disertis
765 1010 857 1065 verbis
907 1011 1032 1081 leguntur
1055 1030 1062 1066 :
1093 1012 1165 1066 «Ad
1199 1013 1380 1082 impletionem
1411 1029 1474 1068 vero
1492 1011 1575 1083 hujus
1598 1012 1699 1082 gandii,

62 1101 136 1156 sape
154 1085 267 1139 interius
290 1097 398 1137 omnem
422 1095 532 1151 prorsus
559 1081 586 1134 in
600 1080 668 1135 Filio
682 1079 730 1133 liei
749 1079 857 1134 Christo
906 1095 1002 1152 nempe
1026 1083 1215 1138 hereticorum
1231 1083 1430 1148 conversionis,
1445 1082 1564 1137 fraterna
1588 1089 1702 1204 oufente

61 1155 127 1210 lesu
147 1153 265 1210 excludit
282 1151 463 1221 adoptionem,
481 1149 526 1203 nbi
546 1148 679 1204 incudem
695 1150 857 1203 tractatione
906 1152 1049 1216 charitate,
1070 1150 1201 1220 iussimus
1223 1161 1377 1208 sanctornm
1393 1151 1503 1207 Patruin
1520 1151 1647 1222 synadae
1667 1166 1700 1205 ει

62 1227 115 1281 ista
127 1223 264 1293 subjungit
277 1241 283 1275 :
295 1240 304 1272 ι
314 1222 354 1276 bc
365 1236 414 1290 per
424 1220 477 1274 lice
487 1219 549 1273 talis
560 1226 653 1288 partus
662 1233 716 1273 non
730 1226 771 1272 est
783 1233 857 1272 coni·
905 1221 1032 1276 omnibus
1047 1221 1164 1291 undique
1186 1230 1285 1277 nostiae
1305 1221 1415 1277 ditionis
1435 1222 1564 1277 Ecclesiis
1589 1235 1700 1302 congre-

62 1295 154 1351 iniuiis
171 1294 180 1346 l
215 1293 224 1346 i
242 1300 354 1353 naturas,
373 1291 419 1345 sed
436 1292 507 1344 sicut
525 1288 684 1342 mirabiliter
698 1295 854 1356 conceptus,
906 1290 965 1413 lul
977 1291 1132 1355 concilium,
1145 1299 1278 1360 quatenus
1291 1301 1384 1346 sancta
1396 1293 1517 1346 omnium
1537 1291 1700 1346 unanimitas

61 1365 102 1422 tn
113 1360 274 1419 mirabiliter
287 1362 358 1417 neos
371 1369 398 1416 et
410 1361 490 1414 horno
509 1366 597 1412 natus.
618 1358 690 1427 Ergo
702 1372 755 1411 non
770 1357 855 1422 illuni,
926 1360 1020 1414 rmiter
1032 1358 1190 1415 decerneret
1203 1360 1267 1430 qnid
1279 1360 1442 1416 credendum
1459 1362 1496 1414 sit
1509 1359 1543 1416 de
1556 1360 1701 1429 adoptione

62 1443 95 1489 ut
107 1442 220 1489 caeteros
232 1431 301 1486 lilios
315 1431 361 1484 lici
381 1428 490 1499 adoptio
507 1428 570 1482 lecit
591 1428 684 1492 tilium,
702 1425 748 1481 sed
759 1425 857 1481 divini·
906 1431 997 1484 carnis
1015 1428 1134 1492 Christi,
1154 1443 1235 1497 quain
1254 1444 1339 1497 nuper
1358 1431 1434 1486 novis
1453 1431 1649 1486 assertionibus
1674 1439 1700 1484 ct

63 1505 130 1559 tatis
147 1510 242 1558 natura
265 1502 339 1556 illurn
359 1501 386 1554 iii
399 1499 536 1569 proprium
550 1497 597 1552 Dei
609 1496 705 1550 Filium
718 1495 855 1560 exaltavit,
906 1506 1007 1554 sancte
1022 1497 1068 1552 liei
1081 1498 1241 1553 universalis
1255 1499 1383 1555 Ecclesiae
1399 1501 1517 1568 antiquis
1536 1497 1701 1568 temporibus

62 1573 174 1629 donavit
191 1579 220 1626 et
239 1572 277 1625 illi
290 1585 387 1625 nomen
400 1569 472 1637 qnod
490 1575 532 1620 est
550 1583 630 1636 super
648 1581 729 1621 oinne
747 1578 855 1629 nomen,
907 1567 1035 1622 inauditis
1055 1583 1103 1623 vos
1132 1583 1165 1623 ex
1189 1569 1288 1624 vestris
1307 1570 1415 1638 scriptis
1433 1569 1557 1625 intulisse
1574 1567 1704 1637 cognovi-

63 1652 95 1698 ot
105 1650 177 1697 esset
189 1649 262 1697 totus
274 1641 321 1694 liei
333 1639 418 1693 Filius
430 1639 511 1692 hoino
524 1645 550 1691 ει
562 1637 697 1700 llerhnm3
712 1635 775 1704 qnia
787 1649 857 1688 nnn·
908 1652 979 1694 mus.
995 1638 1052 1692 lnio
1065 1637 1139 1691 etad
1152 1639 1337 1694 beatissimum
1355 1640 1509 1709 apostolicae
1527 1637 1601 1694 sedis
1612 1637 1703 1707 ponti·

83 1726 146 1767 nani
158 1727 211 1766 non
225 1709 423 1765 luitbeiFilius
433 1708 621 1776 sempiternus,
632 1712 772 1775 permanet
784 1704 856 1758 unici
872 1705 986 1796 them
1005 1707 1039 1763 de
1051 1707 1101 1762 hae
1117 1723 1186 1763 nova
1205 1709 1359 1764 inventione
1377 1718 1477 1764 nostrae
1491 1708 1642 1764 devotionis
1660 1715 1702 1761 ter

63 1728 201 1837 lenieris
220 1780 383 1850 unigenitus.
406 1798 415 1830 ι
431 1778 465 1831 Ει
480 1784 541 1846 post
560 1774 688 1829 nonnulla
700 1774 795 1830 eodem
813 1787 857 1826 ai·-
908 1785 1058 1847 quaterque
1074 1776 1221 1832 direximus
1238 1779 1345 1843 missos,
1368 1779 1470 1849 legatos
1493 1779 1607 1842 seilicet,
1631 1777 1702 1832 sciro

101 1859 193 1905 mento
217 1849 420 1905 accuratissime
443 1847 589 1915 disputata,
615 1844 672 1899 hec
694 1842 803 1912 subjicit
822 1857 856 1896 ex
907 1847 1048 1916 cupientes
1064 1846 1129 1928 quid
1146 1855 1237 1903 sancta
1257 1848 1378 1903 Romana
1399 1843 1529 1914 Ecclesia,
1546 1847 1702 1919 apostolicis

89 1960 95 1972 .
109 1919 231 1989 Gregorii
244 1934 320 1988 papae
333 1918 494 1972 auctoritate
509 1933 515 1968 :
533 1935 541 1965 ι
557 1914 689 1982 Quoniam
709 1915 779 1968 siout
799 1913 857 1982 ipse
905 1915 1001 1972 edocta
1015 1916 1213 1983 traditionibus,
1226 1917 1260 1973 de
1273 1918 1323 1973 hac
1336 1917 1497 1986 respondere
1515 1919 1644 1974 intuisset
1660 1918 1702 1971 iii-

61 1990 103 2044 ait
126 1990 154 2044 iii
177 1988 277 2045 eisdem
303 1987 458 2057 bloralibus,
486 1985 558 2039 aliud
580 1993 619 2039 est
638 1992 716 2038 natos
734 1983 857 2038 homines
906 1985 1061 2056 quisiticnc.
1081 1986 1191 2041 Necnon
1206 1995 1233 2041 ει
1243 1986 1277 2041 de
1291 1985 1437 2043 Britannice
1455 1989 1577 2058 partibus
1595 1988 1703 2056 aliquos

61 2060 179 2129 gratiani
196 2058 346 2127 adoptionis
364 2072 411 2126 per
429 2070 489 2111 eani
505 2055 643 2124 accipere;
661 2053 733 2108 aliud
747 2061 789 2108 εει
801 2052 856 2107 sin·
907 2056 1095 2112 ecclesiasticae
1111 2055 1259 2138 disciplinae
1282 2057 1354 2112 viros
1376 2058 1594 2122 convocavimus,
1618 2064 1649 2112 ut
1667 2068 1701 2110 ex

61 2129 194 2198 gulariter
215 2144 264 2198 per
286 2126 435 2182 divinitatis
458 2125 605 2194 potentiam
630 2123 715 2177 Deum
741 2138 774 2177 eir
798 2123 857 2191 ipso
907 2125 1053 2180 multorum
1070 2125 1190 2196 diligenti
1210 2125 1425 2208 considerapione
1440 2127 1540 2182 veritas
1558 2125 1701 2182 catholicas

60 2206 196 2267 conceptu
215 2195 356 2267 prodiisse.
374 2217 382 2248 i
397 2195 436 2250 hc
445 2203 508 2278 post
530 2193 666 2256 nonnulla,
689 2191 752 2246 dum
765 2199 858 2246 tuetur
907 2194 969 2249 bdei
983 2195 1199 2263 investigaretur,
1214 2204 1241 2250 et
1252 2197 1450 2277 probatissimis
1473 2205 1628 2253 sanctornm
1650 2195 1704 2250 Pa·

61 2269 134 2322 sicut
154 2268 183 2321 in
197 2267 379 2335 conceptione,
393 2267 470 2320 itam
483 2271 562 2334 partu
576 2264 676 2317 nullam
690 2266 858 2316 contraxisse
908 2272 979 2318 trum
991 2264 1054 2319 liinc
1066 2263 1128 2320 inde
1144 2266 1262 2320 roliorati
1278 2266 1440 2322 testimoniis
1457 2268 1559 2335 absque
1578 2266 1632 2319 nlla
1653 2264 1702 2319 dii-

62 2336 176 2392 llsriam
197 2337 328 2407 virginem
350 2336 559 2404 corruptionem,
579 2334 629 2387 ista
649 2347 711 2386 mor
732 2329 856 2398 subjicit:
906 2333 1037 2389 bitatione
1047 2343 1180 2389 teneatur.
1199 2335 1256 2388 iEt
1269 2335 1390 2399 interius,
1404 2344 1513 2392 vocatos
1525 2336 1558 2390 ad
1570 2333 1703 2406 synodum

64 2405 219 2475 «Alioquin
238 2410 262 2462 si
280 2406 337 2476 ipsc
362 2421 395 2460 cii
417 2412 503 2459 matre
516 2403 705 2472 coinquinatus
718 2408 859 2467 esset,ant
909 2404 991 2458 tradit
1014 2403 1122 2460 Petrum
1143 2404 1368 2459 lluliclaneiiseni
1398 2407 1648 2475 arehiepiscopum,
1676 2412 1702 2459 et

62 2485 187 2531 materna
202 2476 305 2532 viscera
321 2476 397 2544 qnasi
419 2489 468 2544 pro
487 2481 598 2543 peccato
623 2479 818 2540 corrumperet,
833 2477 860 2524 ct
908 2472 1050 2527 Paulinum
1074 2473 1286 2543 Foroiuliensem
1312 2473 1562 2545 velhquileicnseni
1590 2480 1631 2546 (ut
1653 2474 1703 2543 ait)

61 2544 189 2601 sordibus
213 2562 246 2601 er
261 2546 328 2600 vitio
351 2545 445 2614 primae
460 2543 640 2598 damnationis
661 2541 857 2610 coinquinaret,
907 2543 1100 2613 patriarcham,
1112 2545 1252 2614 episcopos
1262 2552 1391 2614 praetcrea
1403 2543 1704 2609 echrniania,Gallia,

62 2616 251 2672 noiiesseibei
259 2615 353 2680 Filius,
364 2616 411 2670 sed
423 2613 573 2684 adoptivus,
583 2620 613 2667 ut
622 2612 723 2675 eastern
738 2611 859 2680 quiniino
908 2613 1054 2682 Aquitania
1071 2622 1153 2683 atquc
1181 2614 1329 2669 Britannia.
1355 2613 1483 2670 Paulinus
1505 2623 1596 2670 antem
1620 2613 1642 2668 Α
1662 2613 1704 2668 ui-

63 2700 117 2740 ιιεε
127 2683 276 2755 adoptivus,
291 2694 317 2740 et
330 2683 420 2740 nullus
439 2692 510 2738 esset
524 2699 573 2753 per
593 2698 673 2806 quem
686 2681 860 2750 adoptaretur
909 2683 1168 2763 leiensisepiseopus
1179 2683 1504 2756 inllibelloSacmsvllabo
1516 2684 1590 2740 addit
1602 2699 1635 2738 cii
1676 2699 1703 2738 ε-

63 2754 134 2823 ipse,
160 2756 183 2810 si
196 2771 250 2810 non
263 2763 334 2810 esset
346 2754 481 2824 proprius.
500 2775 509 2805 i
523 2755 557 2807 Et
568 2755 594 2808 in
606 2767 697 2806 erius:
721 2770 730 2802 i
746 2751 781 2804 Et
800 2750 860 2805 idco
910 2752 1008 2823 speria,
1021 2752 1140 2823 Liguria,
1156 2753 1265 2808 AEmilia
1278 2762 1305 2808 et
1316 2753 1423 2809 dustria
1437 2755 1583 2825 provinciis
1598 2769 1657 2810 esse
1670 2751 1704 2808 ad

63 2834 175 2879 nonest
196 2825 240 2880 ille
255 2824 408 2894 adoptivus,
427 2823 474 2877 sed
494 2823 635 2893 adoptator
654 2823 696 2891 (ut
706 2821 744 2875 ita
760 2819 859 2891 dicam)
910 2820 1041 2895 synodum
1060 2831 1171 2879 vocatos
1181 2824 1329 2893 episcopos.

63 2901 257 2961 caeterorump
271 2911 303 2949 ac
317 2893 467 2962 subiungit:
480 2912 489 2944 ι
500 2893 624 2949 Christus
638 2907 691 2946 non
707 2889 858 2960 adoptivus,
948 2891 1024 2962 Optio
1037 2892 1100 2946 dato
1113 2893 1242 2948 liceretici's
1264 2893 1296 2947 ub
1317 2893 1433 2948 eldiiuuo
1448 2911 1526 2965 pepe.
1541 2925 1576 2935 -
1589 2890 1640 2949 bnt
1656 2907 1704 2946 an-

64 2964 114 3019 sed
128 2965 253 3034 proprius
264 2965 312 3019 liei
325 2963 410 3019 Filius
429 2965 455 3018 iii
467 2963 632 3034 plenitudine
651 2971 705 3016 tem
743 2976 802 3015 rum
815 2975 861 3015 ve-
911 2970 965 3017 teni
982 2960 1117 3017 Adrianus
1136 2978 1206 3032 papa
1224 2963 1328 3018 crebris
1346 2963 1525 3032 legationibus
1546 2962 1635 3019 Caroli
1648 2961 1704 3016 lla-

64 3033 115 3097 ιιιι,
139 3035 238 3090 inissus
251 3051 267 3089 a
279 3034 369 3099 Patre,
395 3043 475 3089 natus
497 3049 531 3088 eir
553 3032 676 3097 muliere,
711 3039 789 3086 actus
809 3029 860 3085 sub
912 3031 957 3102 gni
976 3040 1115 3101 permotus
1130 3039 1181 3097 est,
1202 3032 1275 3088 utde
1294 3033 1428 3087 sententia
1441 3033 1564 3103 Elipaudi
1577 3031 1705 3088 decerne-

64 3102 133 3175 lcge,
147 3106 193 3174 qui
204 3105 278 3161 soliis
291 3121 344 3160 non
360 3105 434 3174 eguit
448 3104 660 3172 regenerationis
677 3109 857 3162 sacramento,
873 3080 896 3143 C
913 3109 968 3165 ret;
987 3117 1018 3155 ea
1034 3101 1129 3157 iteruni
1143 3103 1295 3157 examinata
1308 3111 1388 3171 atque
1400 3101 1532 3169 discussa,
1544 3103 1708 3172 intentaque

64 3187 154 3241 neque
168 3176 283 3240 renasci,
297 3175 424 3244 quoniam
439 3173 564 3243 proprius
581 3173 628 3228 bei
641 3171 736 3235 Filius,
750 3171 795 3239 qui
813 3186 863 3226 no-
912 3172 939 3226 iii
951 3172 1075 3226 baeresim
1088 3171 1231 3237 declinare,
1243 3172 1364 3242 publicas
1381 3172 1485 3230 litteras
1500 3171 1660 3242 conscripsit
1672 3170 1709 3227 ad

64 3242 108 3297 his
123 3250 171 3310 per
191 3244 343 3314 adoptionis
354 3246 467 3313 gratiam
480 3260 528 3297 sua
542 3243 667 3312 dignatus
685 3249 727 3294 est
739 3240 861 3310 benigni·
911 3242 1053 3323 episcopos
1067 3241 1200 3298 Callaeciae
1215 3251 1240 3296 et
1261 3241 1461 3312 llispaniaium,
1482 3244 1509 3298 in
1526 3242 1625 3313 quilius
1642 3255 1707 3312 prc-
1757 3278 1765 3291 .
1786 3298 1789 3303 ,

64 3320 122 3367 tate
134 3328 182 3382 per
197 3315 333 3370 lavacrum
354 3314 565 3381 regenerationis
580 3311 861 3381 largirilrateinitatis
912 3312 1008 3368 vinciis
1027 3311 1114 3380 lucrat
1133 3328 1210 3367 cirnr
1225 3312 1432 3375 disseminatus:
1452 3313 1595 3383 debisque
1615 3312 1708 3382 dispu-

65 3384 245 3438 consortium.
259 3384 335 3440 Unde
348 3383 466 3439 loannes
480 3401 487 3437 ε
503 3382 633 3453 Quotquot
651 3391 738 3434 uatem
764 3396 863 3450 recepe·
912 3392 981 3446 tans,
995 3383 1118 3451 pluribus
1129 3383 1250 3438 confutat
1262 3392 1392 3438 asseriani
1407 3382 1440 3438 de
1450 3382 1551 3439 Christi
1563 3381 1707 3506 adustione

63 3460 127 3505 saut
138 3469 208 3519 ειιιι,
222 3453 292 3508 dedit
305 3455 343 3508 eis
352 3463 504 3524 potestatem
516 3451 586 3522 tilios
595 3450 643 3505 Dei
654 3450 712 3519 fieri
723 3448 813 3520 (loun.
829 3452 859 3521 i):
911 3451 1089 3516 seiitciitiani;
1106 3461 1187 3521 atque
1201 3452 1319 3517 deinnin,
1332 3451 1463 3521 ejusmodi
1478 3454 1601 3508 oratione
1631 3451 1709 3507 eiius

63 3534 147 3590 quarn
167 3537 233 3579 sane
243 3531 404 3592 potestatem
427 3522 532 3577 aPatre
553 3521 660 3591 genitus
683 3519 740 3588 ipse
762 3534 794 3573 eii
812 3535 861 3575 sua
911 3537 1007 3576 cinnes
1038 3537 1052 3574 a
1081 3523 1194 3576 veritate
1225 3523 1252 3575 in
1282 3522 1334 3576 linc
1364 3522 1508 3592 compellat
1537 3522 1578 3578 sic
1596 3521 1704 3578 dicens:

64 3598 163 3645 natura
182 3592 210 3647 in
225 3608 254 3648 sc
270 3593 374 3658 habuit,
389 3601 415 3648 ct
427 3609 480 3648 non
493 3589 600 3648 aliunde
612 3600 643 3646 nt
673 3589 779 3670 roprius
791 3598 862 3644 essct
914 3611 923 3643 i
940 3590 1098 3660 Priusquam
1112 3591 1194 3645 libelli
1207 3592 1362 3660 imponatur
1375 3593 1507 3649 tciniinus
1518 3592 1617 3657 linaiis,
1630 3591 1707 3647 adbi-

65 3659 115 3742 liei
137 3660 240 3729 Filius,
262 3672 290 3719 ct
307 3664 384 3719 daret
407 3664 505 3733 quibus
525 3662 605 3718 vellet
627 3605 780 3730 alluptionis
801 3675 862 3730 gra·
910 3659 996 3715 beiida
1027 3669 1069 3714 cst
1099 3660 1263 3729 litigatorum
1294 3662 1367 3731 optio
1397 3663 1566 3718 sententialis
1583 3681 1590 3716 ε
1606 3662 1707 3733 eligant

65 3737 164 3786 uam.»
301 3751 303 3755 ⁷
911 3746 1028 3798 unirique
1047 3746 1107 3798 quac
1123 3731 1227 3793 volunt,
1242 3731 1323 3785 vitam
1340 3740 1523 3797 antinoitcni,
1539 3732 1706 3789 bencdictio-

101 3800 136 3855 ll.
157 3802 221 3858 llaec
237 3812 265 3859 et
287 3805 339 3859 alia
362 3805 419 3875 ipse
440 3805 599 3865 lidelonsns,
619 3802 717 3871 quihus
736 3800 861 3854 omnibus
912 3814 972 3854 acin
988 3808 1035 3852 aut
1049 3800 1275 3855 inalodicticneni.
1296 3800 1427 3870 Optamus
1440 3817 1558 3870 namque
1570 3810 1597 3857 et
1616 3799 1706 3857 iniisti-

65 3871 154 3941 inagis
167 3875 306 3945 magisque
318 3891 450 3946 coarguas
461 3872 580 3930 liaenetici
595 3869 749 3940 iiiipnstoris
760 3869 860 3923 illatam
912 3880 965 3924 tani
980 3869 1043 3923 lioiii
1054 3869 1173 3924 lastaris
1185 3869 1292 3924 boiiiiiit
1309 3885 1451 3938 precamur
1465 3871 1640 3940 benignitatis
1652 3871 1706 3926 cle·

66 3939 94 3995 in
108 3941 196 4012 ipsum
212 3945 384 4009 calumniam,
400 3945 579 4014 veridicosque
589 3956 650 3994 cuin
664 3940 766 4009 pariter
782 3954 797 3992 a
811 3938 861 3991 lh-
910 3938 1048 4002 mentium,
1063 3940 1109 4010 qui
1121 3955 1199 3996 orem
1211 3939 1343 4010 perditam
1357 3939 1390 3993 ad
1403 3939 1473 3995 orile
1486 3941 1602 4023 propriis
1611 3941 1707 3996 bunis-

65 4017 138 4066 truin
154 4023 284 4084 concepta
301 4017 334 4070 de
349 4015 407 4083 ipso
422 4014 592 4068 sanctissimo
612 4018 692 4078 atque
704 4007 861 4063 doctissimo
910 4009 949 4064 ris
962 4011 1080 4077 portarit
1098 4009 1173 4081 (Lae.
1189 4011 1244 4079 xv),
1263 4018 1292 4064 ut
1304 4009 1408 4066 relictis
1422 4025 1512 4065 carnis
1525 4009 1704 4077 anfractibus,

65 4081 124 4136 viro
137 4099 171 4137 ex
185 4084 375 4139 testificatione
389 4083 511 4154 Elipandi
525 4080 594 4136 mala
606 4077 806 4134 existimatione
820 4087 861 4131 at·
911 4078 938 4133 in
958 4079 1056 4148 quibus
1074 4078 1151 4134 malac
1167 4080 1270 4144 bestiae,
1287 4079 1367 4135 idest
1381 4079 1491 4206 maligni
1506 4080 1617 4151 spiritus
1631 4096 1707 4135 coni=

66 4165 118 4219 que
133 4163 237 4208 asserta
255 4153 322 4209 lalsa
338 4154 492 4209 sententia:
513 4152 635 4220 utplaiie
653 4147 860 4219 appareatniliil
910 4157 1061 4214 movantur,
1080 4157 1109 4203 ut
1127 4150 1160 4204 ad
1178 4151 1248 4204 viani
1263 4150 1443 4220 qnaeducita
1474 4151 1557 4206 titani
1575 4158 1707 4206 aeternam

65 4218 133 4275 adeo
150 4223 268 4277 aliennin
296 4223 379 4278 inisse
400 4240 416 4278 a
436 4232 510 4278 tanto
534 4222 629 4284 Patre,
652 4234 733 4289 quani
759 4217 792 4274 de
814 4217 861 4271 ad·
911 4218 971 4273 lidei
988 4221 1122 4289 passibus,
1137 4219 1244 4275 Christo
1262 4220 1372 4276 redeant
1391 4221 1580 4291 pertmbcnte;
1613 4232 1708 4290 quate-

64 4291 174 4358 opticne
196 4293 294 4347 Christi
310 4292 370 4348 Filii
383 4294 430 4348 bei
449 4294 596 4349 secundum
610 4305 719 4344 carnem
734 4288 858 4342 assertio.
910 4305 961 4344 niis
980 4290 1006 4343 in
1025 4290 1086 4344 sinu
1103 4291 1198 4345 matris
1216 4291 1344 4346 Ecclesiae
1362 4292 1481 4362 suscepti
1496 4307 1544 4362 per
1559 4291 1708 4347 lamentum

65 4359 214 4415 llolcnduni
233 4361 293 4426 luit,
314 4360 444 4431 ejusuiodi
463 4362 664 4418 lucubrationes
680 4359 732 4412 viri
746 4359 860 4414 sanctis-
910 4361 1075 4428 iioeniienttan
1098 4360 1192 4416 sordes
1206 4360 1317 4416 abluant
1331 4371 1515 4430 peccatorum,
1534 4370 1562 4417 et
1577 4361 1708 4416 infamata

64 4429 134 4491 sinii,
155 4431 217 4486 dolo
237 4432 352 4488 tortasse
370 4433 464 4503 persidi
484 4431 618 4502 Elipaiidi,
633 4429 717 4485 luisse
732 4428 777 4483 diu
797 4444 860 4498 sup
875 4424 1005 4486 Deorum
1024 4429 1157 4486 niodcstia
1174 4431 1251 4486 bonae
1267 4430 1346 4487 lamas
1364 4432 1495 4503 recipiant
1510 4432 1652 4503 pristinam
1666 4429 1707 4485 di-

83 4514 171 4555 ressas
182 4511 209 4556 et
221 4503 369 4558 occultatas
383 4520 416 4558 nc
429 4500 744 4572 proderenturinluccni,
757 4515 790 4553 cii
803 4499 863 4568 qui·
913 4501 1062 4570 gnitatcni,
1081 4517 1130 4557 nee
1145 4500 1256 4557 honoris
1272 4501 1459 4573 periclitentur
1476 4502 1629 4571 naufragio,
1651 4511 1679 4555 ct
1692 4517 1708 4556 a

65 4514 115 4623 liis
131 4570 187 4638 ipse.
201 4572 273 4626 lilius
286 4576 458 4629 tenebrarum
475 4573 597 4641 redargui
612 4579 702 4641 posset
720 4586 736 4624 a
750 4570 861 4633 lumine,
913 4580 1007 4628 nostro
1020 4588 1073 4626 non
1089 4569 1277 4654 disjungantur
1289 4573 1436 4638 consortio,
1447 4589 1477 4630 ac
1488 4589 1538 4656 per
1550 4573 1602 4628 lioc
1614 4589 1709 4629 recon-

63 4636 128 4691 iliiin
141 4649 220 4696 accat
236 4642 322 4698 lnceui
336 4644 472 4706 tenelius,
489 4651 517 4696 et
531 4643 657 4696 tenebras
679 4642 776 4695 lnccui.
791 4639 863 4693 Gaii·
913 4641 997 4697 ciliati
1011 4642 1193 4698 cummunioni
1207 4643 1346 4699 catholicae
1359 4643 1432 4708 lidei,
1446 4646 1536 4699 diviiia
1550 4643 1610 4699 illos
1621 4644 1709 4713 quietas

63 4706 182 4765 denduin
200 4727 264 4769 vero
277 4713 393 4782 quod,in
413 4721 490 4770 tanto
504 4712 692 4781 llispaiiiaiuiii
711 4710 862 4778 nauli-agio,
913 4713 1063 4768 caelestium
1078 4712 1158 4768 iaciat
1175 4729 1235 4769 csse
1246 4714 1392 4784 participes
1407 4714 1600 4785 gaudiorum.»

63 4780 248 4846 superfuerint
262 4791 316 4838 tarn
328 4784 458 4852 praeclara
472 4782 632 4839 nobilissimi
651 4780 749 4849 ingenii
768 4796 864 4833 iiionu·
950 4784 1062 4838 siriciani
1093 4800 1154 4854 pap.
1170 4785 1297 4849 sententia
1316 4785 1344 4838 in
1360 4785 1505 4839 hereticos.
1518 4815 1552 4824 —
1568 4803 1577 4833 i
1595 4783 1672 4850 Quod
1685 4784 1715 4839 εἰ·

66 4857 167 4916 menta,
188 4851 336 4922 eademque
355 4870 370 4909 e
389 4854 499 4909 latebris
518 4851 661 4914 vindicata,
682 4860 765 4932 atque
784 4850 810 4904 in
824 4849 864 4903 lu·
913 4853 1082 4923 exigentibus
1097 4852 1214 4923 indignis
1226 4853 1341 4918 meritis,
1357 4861 1411 4907 tam
1424 4852 1559 4907 insolubili
1572 4867 1620 4908 eos
1632 4853 1709 4906 mali-

63 4932 123 4971 rein
140 4921 211 4974 edita
225 4937 240 4976 a
254 4922 312 4978 viro
330 4924 451 4978 veritatis
462 4922 658 4985 amantissimo,
672 4920 863 4988 antiquitatum
914 4937 983 4992 gnus
995 4923 1105 4991 spiritns
1116 4922 1235 4991 perlldioe
1249 4922 1346 4990 laqueo
1358 4921 1433 4990 justo
1445 4922 1491 4976 bei
1503 4921 1606 4990 judicio
1620 4930 1709 4976 stran-

64 4988 311 5047 rcclesiasticarnm
329 4994 537 5057 studiosissimo,
553 5008 608 5047 nun
621 4991 740 5060 llispanc
764 4991 809 5061 (ne
822 4989 864 5043 vel
914 4992 1026 5060 gulasit,
1040 5000 1069 5044 nt
1086 4992 1183 5046 resolvi
1202 5001 1337 5060 nequeant
1352 5008 1358 5043 :
1375 5007 1408 5045 ex
1424 4991 1584 5048 anctoritate
1597 5005 1709 5071 prorsus

64 5056 133 5112 levis
144 5062 264 5131 suspicio
276 5065 388 5132 privatae
401 5063 551 5119 allectionis
564 5078 627 5131 erga
644 5059 772 5130 gentilem
784 5075 864 5114 suum
913 5060 1150 5130 sedisapostolicae
1161 5077 1193 5114 ac
1207 5061 1278 5116 beati
1291 5061 1387 5115 Petris
1424 5062 1554 5117 stolorum
1566 5061 1707 5129 principis,

64 5127 180 5196 alicujus
194 5131 314 5188 animum
336 5135 443 5202 pulsare
457 5135 611 5204 potuisset),
621 5133 668 5186 sed
687 5129 774 5195 Gallo,
790 5129 865 5183 l’ari·
913 5145 946 5185 ac
960 5145 1009 5199 per
1024 5147 1085 5184 ειιιιι
1100 5132 1145 5199 qui
1163 5130 1201 5185 illi
1214 5131 1344 5198 magister
1357 5076 1525 5185 sollemnis
1538 5128 1650 5184 tradidit
1661 5145 1708 5197 po

64 5197 163 5253 siensis
182 5200 329 5260 academie
348 5205 510 5273 professore,
530 5203 634 5259 cultore
653 5200 817 5270 integritatis
836 5206 865 5253 et
914 5206 1050 5263 testatem,
1078 5208 1105 5254 ct
1129 5199 1249 5255 solvendi
1275 5199 1429 5268 ligandique
1456 5199 1591 5255 licentiam
1615 5199 1709 5254 tribuit

64 5267 183 5335 pietatis,
196 5279 224 5325 et
241 5273 402 5329 claritudine
415 5273 533 5329 noniinis
552 5275 578 5328 in
592 5270 714 5327 Ecclesia
729 5270 863 5326 catholica
915 5268 1063 5341 (quodsine
1077 5271 1152 5340 gravi
1164 5285 1281 5325 nioerore
1296 5270 1386 5324 dicere
1400 5284 1454 5324 non
1468 5267 1632 5338 possumus).
1647 5282 1708 5338 pei·-

63 5339 166 5406 optiine
179 5351 254 5406 noto,
268 5359 349 5412 quein
366 5345 576 5408 noiiiinavimns,
588 5341 781 5399 l'enardentio.
913 5348 995 5410 petuo
1012 5354 1060 5396 cos
1074 5339 1255 5395 anathematis
1271 5340 1380 5394 vinculo
1397 5339 1524 5408 religatos
1540 5337 1629 5392 ultrici
1646 5355 1709 5394 enin
1796 5360 1803 5369 =

100 5408 145 5464 lll.
164 5410 276 5467 Carolus
289 5414 404 5497 llcpnus
419 5413 564 5486 perierolem
577 5414 706 5484 sporadum
722 5428 864 5466 coiiroccrc
913 5411 1074 5481 sequacibus
1097 5409 1154 5465 sitis
1174 5407 1328 5477 judicamus
1353 5408 1472 5464 vindicta
1493 5407 1659 5479 plectendos,
1676 5425 1708 5466 nc

63 5473 289 5540 latores—llis
306 5485 389 5553 igitur
406 5489 439 5541 de
457 5484 580 5554 Elipandi
601 5483 698 5538 litteris
719 5490 783 5536 autc
800 5497 864 5552 svn·
913 5495 962 5551 per
974 5480 1026 5537 lioc
1045 5496 1060 5535 a
1076 5479 1180 5562 greniio
1198 5479 1294 5535 matris
1307 5479 1435 5535 Ecclesiae
1451 5487 1479 5534 et
1497 5495 1512 5533 a
1531 5486 1626 5533 nostin
1643 5495 1706 5535 cois
1738 5512 1751 5523 ,

63 5546 143 5603 eduin
152 5553 560 5626 convocatamieiiiiseriptisjain
573 5553 716 5617 enarratis,
732 5553 765 5606 ad
778 5552 863 5620 ipsam
913 5551 998 5606 sortio
1009 5551 1107 5606 detinio
1120 5549 1232 5605 alienos.
1250 5568 1260 5602 ι

64 5620 158 5686 syricidi
174 5622 348 5680 indictionem
364 5627 512 5681 rciiiainus.
532 5620 864 5695 ebrietatur-stiparetur·
949 5621 1005 5676 ΧΙΙ.
1028 5621 1106 5675 Orati
1132 5619 1184 5675 iuli
1208 5619 1326 5690 pontifex
1369 5634 1398 5671 ro
1422 5617 1565 5673 hereticis.
1585 5616 1657 5684 pate
1682 5621 1711 5672 in

62 5697 112 5747 ιιεε
130 5691 228 5750 litterae
250 5695 421 5754 stai‘olaui
438 5696 561 5763 llagiinin
575 5694 685 5753 ietlditae
700 5702 763 5749 sunt
776 5710 782 5743 ι
796 5691 863 5747 niliil
913 5689 1138 5762 spiiododatoliti
1157 5690 1248 5761 egerit.
1267 5707 1324 5742 -ι
1341 5635 1372 5745 ξι
1392 5687 1452 5758 quis
1473 5695 1562 5744 antem
1589 5689 1708 5744 liilclinm
