3780 6120
172 341 239 409 ,laid
622 343 653 397 tt.
674 341 800 398 munti
820 341 927 398 haunt
944 339 1021 398 OPP'.
1040 340 1131 396 PARS
1141 341 1179 397 ii.
1201 341 1321 402 secato
1339 346 1370 400 li.
1768 347 1819 410 98¹)

160 495 163 501 .
184 450 236 516 nisi
266 450 292 504 ui
304 450 370 504 nihii
381 450 453 518 legit.
466 450 669 520 Tumqmedam
683 453 716 508 de
726 454 889 508 eucharistia
902 453 972 509 dicta
989 457 1010 509 h
1025 449 1163 517 metendis
1183 451 1345 521 imaginibus
1357 456 1486 510 librorum
1507 457 1697 515 Carolinorum
1714 472 1818 531 auctor,

184 520 310 576 Patrius
334 519 449 575 Nioaenis
477 521 591 587 tribuit,
613 538 673 593 quae
697 538 750 578 non
772 525 901 593 ipsorum,
927 523 974 576 sed
1025 535 1104 589 quem
1127 536 1141 574 a
1163 521 1270 577 Nicaea
1291 526 1393 594 synodo
1405 526 1469 595 ipsis
1489 526 1673 596 adjudicatum
1695 532 1817 601 potabat

184 590 400 646 adversariorum
425 601 512 645 erarrt.
529 592 582 647 Sed
605 593 647 647 aa
667 594 764 649 mentis
788 610 841 649 non
859 594 925 648 satis
938 600 976 645 at·
1021 585 1152 645 ldautem
1164 591 1212 662 ipsi
1224 602 1394 661 persuaserat
1416 597 1514 664 partim
1534 600 1704 668 equivocum
1726 600 1818 657 adora·

184 668 266 717 tenta
284 661 496 723 allucinationes,
521 663 563 716 rel
584 664 720 718 memoriae
741 663 831 733 lapsus
852 677 974 732 saepenu—
1024 660 1214 716 tionisnomen
1228 678 1282 731 quo
1299 664 1343 717 itia
1355 666 1473 734 synodus
1494 683 1542 722 usa
1565 678 1617 733 est,
1637 672 1739 739 partim
1753 672 1818 727 Con

184 745 261 785 mero
271 731 414 801 exquisitis
434 731 601 801 eruditisque
624 733 737 802 ingeniis
750 734 887 789 excidunt.
911 732 975 786 Sine
1025 731 1135 811 standai
1155 729 1318 812 Constantine
1338 733 1419 816 Cypri
1444 737 1559 806 episcopi
1579 741 1725 806 sententia,
1740 752 1819 812 prout

184 801 319 928 'asperum
346 816 410 869 ergo
437 809 464 856 et
492 802 607 856 stultitia
630 804 736 858 nescire
756 804 843 872 potuit
862 802 975 857 Carolus
1025 814 1052 852 m
1066 808 1134 854 actrs
1144 803 1262 869 eyusdem
1274 803 1368 873 synodi
1385 806 1479 859 Latine
1490 809 1601 863 redditis
1614 810 1766 880 legebatur,
1777 811 1818 866 bis

211 886 295 940 agnus
306 871 702 941 ConstantinopolimThracirc,
715 889 768 928 non
780 873 975 943 Bithyni-eur-
1024 879 1154 938 concepta
1165 873 1272 926 uerbis:
1291 890 1300 922 r
1319 874 1441 943 Suscipio
1456 885 1483 930 ct
1506 879 1656 947 amplector
1671 879 1818 936 honorabi-

183 940 245 995 bem
265 955 335 996 esse.
352 941 481 998 asserere
502 944 582 996 etiam
597 945 699 1012 absque
718 942 796 997 sordre
817 943 975 1011 ignorantiae
1024 938 1202 995 litersanctas
1215 951 1242 996 et
1253 943 1418 1000 venerandas
1429 946 1558 1017 imagines
1568 950 1717 1005 secuudum
1740 951 1819 1006 sarar·-

183 1009 244 1071 labe
259 1011 356 1079 potuit,
368 1013 511 1067 concilium
527 1028 576 1081 pro
588 1015 662 1066 cuttu
673 1014 819 1080 imaginum
840 1012 974 1067 Constan·
1024 1008 1090 1062 lintn
1103 1010 1267 1066 adorationis
1279 1014 1350 1082 qnod
1369 1010 1591 1073 consubstantiali
1604 1028 1631 1073 et
1648 1019 1818 1081 viraneatrtd

183 1081 293 1150 tinopoli
315 1082 490 1148 celebratum,
512 1084 575 1152 quia
599 1084 686 1152 primo
713 1082 973 1152 Constantinopolim
1024 1077 1269 1145 Trinitatiemittu;
1292 1091 1320 1136 el
1340 1085 1384 1151 tlni
1399 1087 1502 1141 sicnon
1520 1090 1681 1154 sentiunt,n
1720 1090 1818 1159 aeglo-

181 1158 359 1206 conrocatum
383 1151 480 1218 iuerat,
505 1161 532 1206 et
557 1162 650 1222 postea
672 1155 707 1209 ob
734 1153 973 1208 iconomachorum
1022 1149 1138 1215 rideant,
1152 1160 1272 1206 asaneta
1285 1154 1417 1209 catholiea
1432 1165 1513 1225 atque
1533 1105 1818 1227 apostoticaobcctesta

181 1221 322 1285 tumultus,
339 1221 455 1276 Nicaeam
467 1223 626 1277 translatum
639 1233 689 1278 est.
701 1224 819 1277 Tandem
832 1224 902 1291 quod
924 1223 973 1276 Ni·
1022 1232 1144 1287 segrego,
1158 1228 1184 1275 et
1194 1223 1359 1277 anathemati
1370 1227 1509 1290 submitto,
1523 1236 1551 1281 et
1560 1230 1631 1298 parti
1643 1231 1690 1300 qui
1702 1231 1818 1299 abnega·

181 1291 264 1348 canis
277 1290 402 1346 Patribus
426 1293 649 1347 iconoclastarum
665 1296 698 1349 de
719 1293 881 1347 curiam-isaia
902 1295 972 1348 dicta
1021 1300 1118 1342 rerunt
1149 1289 1317 1345 incarnatam
1350 1302 1378 1349 et
1402 1296 1556 1350 salvabilem
1587 1299 1817 1368 dispensationem

182 1361 286 1424 tribuit,
309 1377 344 1416 ex
367 1361 497 1430 praecipiti
523 1361 691 1418 Nicanorem
714 1372 834 1417 actorum
859 1363 973 1417 lectione
1022 1357 1122 1412 Christi
1145 1362 1200 1414 reri
1227 1361 1275 1416 bei
1297 1364 1382 1418 nostri
1411 1368 1515 1420 emitto.
1542 1388 1551 1419 ι
1576 1368 1717 1424 Proclives
1743 1377 1818 1423 erant

181 1429 282 1484 iactum
303 1438 438 1486 estzcuur
464 1431 536 1485 enim
555 1431 858 1501 Constantinopolitano
879 1443 971 1486 contra
1021 1436 1153 1496 praterea
1177 1430 1246 1484 Galli
1273 1433 1369 1498 11⁰Slrb
1392 1442 1419 1489 el
1440 1436 1496 1504 ldae
1516 1437 1649 1508 imprimis
1671 1439 1819 1508 imperator

181 1499 313 1568 imagines
334 1501 532 1582 pseudosynodi
552 1510 611 1557 acta
626 1501 742 1557 Nicaenis
764 1502 893 1570 permista
907 1503 971 1566 sint,
1022 1498 1263 1570 Carolusblagnus,
1278 1501 1482 1565 adcredendtun
1502 1506 1625 1563 Gracam
1638 1509 1816 1569 leuitatemin

181 1570 300 1651 proclive
310 1568 361 1624 furt
375 1579 404 1624 ut
415 1579 518 1633 auctor,
528 1573 574 1640 qui
589 1572 633 1626 illa
646 1574 745 1627 cursim
761 1572 834 1639 legit,
850 1573 892 1626 rei
904 1572 972 1627 iorte
1021 1580 1083 1622 nunt
1094 1584 1214 1624 errorem
1226 1571 1328 1640 lapsam
1340 1588 1399 1629 esse
1414 1583 1444 1629 ut
1465 1592 1617 1645 supremam
1631 1579 1817 1634 adorationem

180 1638 288 1697 tilorum
310 1640 439 1695 duntaxat
455 1651 580 1712 excerpta
603 1643 714 1697 collecta
728 1643 762 1697 ab
785 1642 893 1696 homine
919 1658 971 1697 non
1022 1637 1321 1706 imaginibusdelerret·
1335 1641 1538 1703 Odensnsenitn
1559 1657 1617 1702 erat
1637 1638 1818 1704 Constantino

181 1709 397 1777 satisaocurato,
417 1725 466 1780 per
481 1712 683 1780 incogitantiam
697 1729 728 1768 ea
752 1713 833 1766 rerba
854 1713 972 1767 Nicaeno
1021 1706 1176 1765 Graecorum
1199 1711 1354 1781 imperatori
1375 1713 1496 1781 Carolus,
1507 1718 1578 1785 ‘lund
1598 1727 1757 1788 conlnmbla
1778 1732 1817 1772 Sl>

180 1794 241 1834 rum
260 1777 371 1834 Patrurn
389 1784 601 1851 esscputaterit,
615 1799 675 1852 quae
695 1798 789 1838 revera
805 1792 868 1838 suut
884 1783 972 1838 icone
985 1803 1011 1864 Β
1024 1792 1085 1833 none
1105 1793 1164 1843 ann,
1176 1795 1257 1903 Ὶιιιιιι
1269 1783 1318 1850 ipsi
1332 1782 1520 1853 desponderat,
1539 1787 1650 1843 Mariam
1672 1788 1816 1842 Almanam

181 1851 349 1907 tuacborum.
1024 1847 1153 1903 duxisset.
1173 1850 1241 1905 iinc
1262 1852 1333 1906 inter
1351 1855 1487 1924 principes
1507 1865 1534 1910 et
1545 1868 1653 1927 gentem
1676 1867 1817 1925 utramque

216 1919 299 1974 iastat
323 1920 517 1987 Bellarnrinus,
532 1922 662 1976 librorum
682 1921 868 1976 Carolinorurn
880 1932 973 1978 aucto-
1023 1916 1135 1973 offensio
1155 1927 1182 1972 el
1202 1920 1312 1977 invidia.
1335 1921 1447 1979 Politica
1471 1927 1563 1995 itaque
1579 1927 1669 1982 studia
1691 1926 1816 1983 Carolum

179 2002 238 2045 rem
250 1990 304 2044 duo
315 1991 428 2059 insignia
442 1994 581 2046 mendacia
593 1993 627 2046 de
642 1990 758 2047 Nicmnis
770 1992 903 2057 Patribus,
918 2008 972 2061 quo
1024 1986 1149 2057 lingnam
1159 1998 1186 2043 el
1197 1990 1349 2047 Gallicanos
1362 1993 1563 2065 Germanosque
1576 1997 1708 2067 praesules
1719 1998 1747 2051 in
1792 2010 1817 2049 r·

180 2058 245 2128 ipsis
269 2061 397 2115 invidiam
421 2060 561 2128 conflaret,
580 2078 629 2132 per
649 2079 781 2118 surrrruanr
809 2062 972 2118 calumniam
1024 2063 1066 2112 les
1081 2067 1188 2115 traxere
1198 2068 1293 2115 contra
1305 2065 1435 2133 synodum
1449 2066 1576 2122 aGraecis
1587 2067 1685 2122 Nicaeae
1696 2068 1754 2123 oeie
1773 2079 1816 2120 ra·

179 2130 343 2196 obtrusisse;
358 2147 441 2185 unum
453 2133 572 2254 quidem,
590 2134 661 2201 quod
673 2135 691 2187 ii
704 2132 863 2203 synodicum
879 2133 973 2188 dcere·
1024 2134 1078 2181 lam
1090 2127 1171 2196 (bane
1192 2131 1264 2185 enim
1278 2146 1328 2253 pro
1341 2137 1507 2191 aecumenica
1529 2152 1582 2191 nnn
1603 2137 1742 2192 habebant
1751 2136 1777 2207 );
1788 2134 1816 2191 in

179 2208 237 2267 turn
249 2201 307 2255 sinc
318 2217 450 2257 consensu
476 2202 579 2256 lamani
591 2203 726 2272 pontificis
738 2203 882 2262 iecissent:
903 2204 972 2257 alte·
1022 2210 1082 2251 eatn
1103 2200 1236 2254 strinxere
1246 2217 1277 2255 ca
1289 2217 1377 2256 amum
1394 2214 1475 2274 atque
1496 2216 1525 2261 ut
1544 2208 1643 2277 ingenii
1656 2207 1815 2262 acumineet

179 2284 250 2336 rum,
274 2272 347 2340 quod
367 2273 559 2337 delinirisseut,
573 2274 705 2342 imagines
723 2275 795 2330 cultu
823 2274 906 2329 latr-ic
928 2274 973 2329 ad·
1023 2268 1174 2324 crudilinne
1183 2270 1286 2327 Graecis
1297 2282 1374 2327 erant
1387 2277 1549 2344 superiores,
1572 2277 1706 2332 invidiose
1728 2278 1816 2346 dispu-

179 2342 296 2399 qrandas
310 2356 379 2397 esse.
1024 2345 1132 2404 tavers,
1157 2355 1190 2395 ex
1211 2342 1350 2410 equivoco
1373 2343 1539 2402 adorationis
1566 2349 1677 2403 nomine
1699 2348 1735 2402 ab
1753 2347 1762 2400 i
1794 2346 1801 2358 '

214 2409 384 2480 llespondeo,
404 2404 521 2467 Carolini
539 2414 629 2482 operis
653 2423 792 2469 auctorem
817 2413 910 2468 nullibi
926 2429 971 2468 as-
1023 2423 1089 2463 usur
1125 2417 1162 2476 to,
1184 2418 1213 2465 et
1238 2425 1272 2465 ex
1286 2411 1455 2469 Constantini
1474 2418 1591 2487 episcopi
1614 2417 1751 2472 sententia
1778 2414 1816 2471 'tl-

179 2495 270 2535 serere
309 2483 361 2536 nod
390 2481 498 2537 Nicmna
531 2500 565 2540 ,ro
589 2483 663 2539 cultu
688 2483 834 2553 imaginum
853 2484 972 2553 synodus
1039 2493 1072 2532 an
1093 2481 1283 2537 ioecasiouem
1294 2498 1447 2553 sumpsere;
1462 2486 1582 2542 indrmas
1598 2488 1745 2558 plerasque
1754 2500 1814 2569 pro·

179 2551 228 2604 ahs
247 2566 282 2606 ue
326 2552 415 2607 ourani
437 2498 574 2635 pontibcis
603 2555 764 2610 auctoritate
788 2553 972 2609 definitionem
1021 2493 1238 2605 bationesabea
1255 2554 1524 2622 synodoinmedium
1545 2559 1675 2613 adductas
1692 2555 1815 2627 suggrlla·

180 2565 313 2676 ediderit:
327 2623 380 2677 into
396 2631 512 2694 scriptas
522 2639 537 2679 a
549 2623 725 2680 Constantino
736 2632 763 2679 et
778 2623 854 2679 irene
866 2625 898 2679 de
909 2639 972 2694 syn-
1022 2633 1097 2700 vara
1117 2619 1323 2676 Constantinum
1339 2633 1366 2677 et
1388 2625 1491 2681 lrcrrcm
1516 2628 1552 2682 im
1573 2643 1651 2683 rnnrs
1665 2625 1815 2683 trudendos

179 2690 232 2745 odo
260 2693 432 2749 convocanda
452 2694 487 2747 ad
503 2694 652 2749 adrianum
666 2696 675 2750 Ι
691 2696 794 2750 litteras
806 2694 906 2749 diserte
927 2709 973 2748 no
1022 2701 1208 2758 propinarent,
1221 2692 1290 2761 quod
1305 2694 1404 2765 scripta
1419 2711 1468 2749 sua
1489 2643 1586 2752 divelle
1602 2713 1693 2752 nuncu
1715 2704 1813 2762 asserrt,

180 2761 265 2817 minat
287 2781 293 2818 z
315 2762 427 2819 Adriani
451 2779 512 2818 curn
539 2765 651 2821 Tarasio
675 2764 972 2834 Constantinopolitano
1022 2760 1093 2828 duod
1114 2762 1215 2830 seipsos
1225 2761 1402 2831 praedicarent
1417 2766 1444 2819 in
1459 2767 1571 2836 epistota
1593 2768 1628 2822 ad
1649 2712 1815 2822 Hadrianum

178 2833 333 2902 patriarcha
344 2833 560 2903 conjunctionem
581 2837 614 2889 ad
625 2837 771 2904 imaginum
785 2836 971 2890 adorationem
1022 2842 1117 2899 papam
1130 2831 1172 2886 his
1186 2832 1292 2886 tarbis:
1309 2850 1318 2882 t
1334 2834 1421 2904 Elegit
1434 2852 1483 2891 nos
1498 2838 1577 2899 Dens,
1592 2838 1639 2907 (ιιιί
1653 2837 1682 2891 ln
1703 2837 1816 2892 veniale

179 2903 350 2958 asserendam
363 2921 395 2960 ae
406 2906 615 2974 promovendam
634 2915 766 2961 memorat
779 2924 785 2958 :
798 2921 830 2961 ae
841 2903 971 2959 loannem
1022 2899 1168 2968 querimus
1180 2902 1291 2973 gloriam
1304 2901 1375 2972 ejus;
1399 2926 1408 2957 ι
1424 2907 1496 2975 quod
1511 2907 1604 2976 gentili
1616 2921 1694 2963 more
1714 2907 1748 2963 de
1763 2907 1816 2961 bea

179 2973 367 3054 presbyterum
392 2973 516 3043 ohy'urgnt
545 2976 616 3044 qnod
651 2976 778 3031 iiarlriani
810 2982 838 3030 et
866 2975 971 3029 Tarasii
1022 2971 1223 3051 scripsissent:
1252 2990 1261 3022 ι
1285 2973 1422 3045 Rogamus
1448 2984 1523 3031 tuam
1552 2976 1767 3041 Paternitatem,
1788 2982 1816 3031 0¹

179 3045 406 3111 conspirationem
423 3046 449 3098 in
467 3061 549 3099 causa
569 3047 714 3116 imaginum
732 3045 882 3100 adulatorie
901 3060 972 3100 oona
1021 3055 1139 3094 maxume
1150 3042 1221 3097 Dens
1232 3046 1364 3113 rogatqui
1377 3048 1511 3101 neminem
1522 3047 1579 3101 ruit
1597 3047 1698 3117 perire.
1715 3067 1725 3100 ι
1741 3046 1816 3114 Quod

180 3113 332 3167 mendasset
345 3112 413 3184 (Lib.
427 3129 524 3183 n,cap.
541 3115 580 3185 l),
596 3126 622 3169 et
638 3116 742 3170 detorto
753 3115 873 3170 [iuridici
888 3115 1006 3211 uersi·C
1021 3111 1192 3179 scripsissent
1206 3114 1353 3183 incongrue
1366 3123 1394 3168 et
1418 3119 1552 3185 superba:
1572 3136 1582 3167 ι
1607 3117 1662 3172 Per
1685 3131 1749 3172 eum
1771 3115 1816 3186 qui

179 3181 233 3247 puli
252 3197 332 3238 sensu
350 3200 355 3236 :
372 3182 554 3238 Misericordia
565 3195 588 3238 et
601 3187 694 3239 neritus
717 3186 882 3239 obcluserunt
903 3185 969 3247 sibi,·
1023 3191 1168 3251 conregnat
1182 3183 1259 3237 uobis
1275 3183 1354 3238 neas.
1379 3205 1388 3237 ι
1406 3185 1544 3257 Synodurn
1560 3186 1699 3242 Nicaeuam
1715 3186 1813 3252 rident,

180 3250 282 3333 iuditia
294 3261 317 3307 et
328 3269 382 3325 pax
394 3252 587 3308 osculaturum
600 3254 685 3326 (Psoi.
704 3270 817 3318 erratu,
831 3253 885 3326 ll).
900 3254 971 3309 Scri-
1021 3250 1092 3329 quod
1116 3252 1254 3307 aridiorem
1270 3255 1459 3309 institutricem
1474 3266 1501 3311 et
1514 3256 1663 3312 doctricem
1678 3257 1814 3318 hahuerit,

199 3322 234 3376 sit
243 3323 352 3392 (paridem
360 3322 419 3377 Hin,
430 3339 522 3379 marus
536 3325 583 3379 lib,
596 3332 689 3380 contra
701 3325 876 3380 flincmarurn
888 3341 922 3379 ne
959 3354 971 3365 -
1021 3320 1125 3375 scriicel
1134 3322 1249 3377 inertem.
1260 3323 1288 3376 ln
1303 3323 1443 3379 Taraslunt
1454 3326 1635 3394 patriarcham
1649 3326 1735 3383 ntuli!
1749 3325 1816 3380 ellat·

179 3336 245 3460 fem,
262 3409 322 3463 cap.
343 3393 393 3459 ιθ,
419 3393 578 3449 «Nicaeam
604 3395 736 3465 synodum
756 3395 789 3449 de
808 3395 917 3464 imagini
938 3409 971 3448 us
1021 3389 1125 3455 illumi
1144 3392 1166 3445 si
1190 3392 1284 3446 vitium
1309 3394 1489 3450 ordinationis
1503 3397 1680 3464 exprobrant,
1696 3397 1768 3465 qued
1782 3410 1814 3449 er

180 3462 260 3523 defini
280 3463 333 3519 isse
353 3465 411 3520 sine
433 3465 625 3521 auctoritates
662 3466 764 3521 scoticae
784 3466 865 3521 sedis,
886 3484 895 3519 r
917 3463 971 3518 Sed
1021 3457 1091 3512 laico
1105 3406 1242 3516 adsedem
1257 3460 1583 3535 Constantinopolitanam
1597 3473 1756 3536 assumptus
1775 3479 1815 3520 es·

177 3545 256 3599 error
271 3533 408 3590 ilincmari
423 3536 457 3588 ad
479 3534 604 3591 Carnium
655 3550 753 3604 agnum
774 3551 828 3591 non
877 3535 969 3589 rtinet.
1021 3536 1071 3592 ael,
1083 3530 1155 3597 quod
1168 3539 1269 3586 neclan
1289 3531 1323 3586 de
1337 3533 1440 3602 Spiritu
1452 3544 1546 3590 sancto
1566 3535 1648 3589 iidem
1662 3551 1717 3590 non
1731 3534 1813 3607 psalt-

215 3601 275 3658 Non
295 3604 422 3674 imposuit
434 3605 516 3660 etiam
530 3605 644 3661 Nicaeae
659 3607 761 3689 synodo
773 3606 842 3661 Caro
854 3606 891 3660 ini
907 3603 972 3660 seri·
1021 3605 1133 3679 teretur,
1142 3614 1221 3668 quem
1238 3617 1289 3657 ⁰0¹¹
1303 3616 1335 3656 en
1347 3602 1427 3659 Patre
1438 3604 1552 3669 011²le
1568 3604 1615 3660 ⁵0⁴1
1630 3620 1665 3660 0¹
1674 3605 1758 3660 Palm
1769 3617 1815 3674 Ρθῑ

179 3675 350 3744 proruperis,
373 3675 444 3744 quod
468 3676 598 3745 arnagines
619 3676 704 3732 tarem
727 3675 800 3731 curru
821 3676 971 3732 secandas
1021 3666 1118 3723 rutrum
1133 3670 1320 3740 procedentem
1336 3671 1571 3739 dicebatetnoro
1584 3675 1814 3744 obsurdescere

178 3741 353 3811 definivisset,
372 3745 418 3800 sed
440 3743 499 3800 e'us
511 3761 619 3801 sensum
631 3763 684 3801 uon
706 3756 856 3810 assecutus,
875 3744 971 3800 existi·
1022 3738 1135 3805 cabulo,
1151 3757 1161 3821 ‘.
1179 3739 1253 3796 Patri
1273 3750 1300 3796 et
1323 3741 1392 3799 Filio
1410 3745 1603 3799 coruribuium.
1622 3765 1632 3797 ι
1650 3743 1812 3816 Suffragium

179 3813 264 3869 narnis
283 3828 339 3869 rem
354 3816 431 3870 itase
453 3762 563 3882 babere,
579 3832 733 3887 quanquam
757 3817 865 3872 disertis
882 3813 972 3870 uerbis
1022 3806 1192 3865 Constantrui
1215 3813 1333 3881 episcopi
1359 3813 1449 3868 acrius
1477 3815 1645 3885 impugnant,
1667 3824 1726 3870 tum
1746 3812 1815 3869 aliud

179 3874 207 3948 id
229 3894 373 3953 negassent
394 3884 494 3941 Nicoeni
517 3885 612 3943 Patres
634 3886 831 3951 :existimavit
850 3887 970 3955 inquam,
1021 3877 1140 3949 Entymii
1160 3879 1301 3936 Sardensis
1321 3882 1394 3938 iilius
1407 3867 1585 3938 simillimum.
1600 3884 1685 3939 bloba
1701 3898 1812 4007 apsens·

178 3955 311 4023 synodum
326 3955 501 4012 distinctione
515 3957 681 4013 adorationis
704 3957 856 4012 honoraria
875 3964 902 4011 et
928 3952 973 4008 ad·
1022 3948 1084 4071 Rha,
1111 3964 1225 4031 quorum
1240 3953 1401 4008 auctoritato
1421 3955 1463 4008 usi
1479 3962 1542 4008 sunt
1556 3952 1645 4011 Graeci
1669 3955 1696 4008 in
1711 3966 1814 4026 synon,

178 4025 312 4092 arationis
324 4025 410 4084 tarda
424 4025 515 4083 lucum
530 4026 636 4093 iecisse,
658 4035 685 4083 et
697 4041 818 4082 errorem
832 4027 972 4097 palliatum
1047 4033 1141 4085 tanna»
1156 4022 1296 4089 ΐθιίθίιιιιῑι
1311 4023 1460 4093 locutiones
1473 4023 1616 4078 nonnullas
1626 4025 1813 4107 episcoporum

178 4096 346 4164 asseruisse,
374 4112 455 4166 quem
485 4097 678 4153 Constantinus
703 4097 846 4166 episeopus
870 4097 974 4163 absque
1023 4089 1102 4168 paulo
1112 4090 1235 4146 duriores
1248 4102 1380 4161 carpunt:
1395 4095 1465 4162 quod
1479 4093 1693 4164 reprehensione
1707 4094 1813 4165 dignun

178 4165 322 4228 uerborum
342 4167 499 4236 sartagines
524 4167 760 4236 protulissemus
782 4174 850 4222 erar.
868 4183 877 4216 ι
892 4165 973 4219 aare
1023 4159 1156 4239 adeatur,
1173 4161 1231 4215 sice
1256 4171 1365 4233 propter
1385 4164 1473 4218 minus
1496 4178 1643 4234 canterus-m
1661 4165 1812 4227 rationem.

180 4249 247 4301 teor,
264 4236 360 4307 inquit,
373 4237 409 4292 iiii
422 4237 546 4293 sidentur
556 4237 679 4307 plebibus
690 4238 811 4307 ingerere
821 4236 971 4306 palliatum.
1023 4242 1080 4283 slve
1093 4239 1201 4301 nnnpler
1214 4232 1464 4301 aequivocationem,
1485 4243 1512 4289 el
1535 4234 1743 4305 ambiguitatem
1758 4247 1813 4287 rer·

178 4304 263 4375 diunt
273 4309 346 4362 enim
361 4325 367 4361 :
384 4305 443 4361 Non
457 4308 602 4362 adoramus
616 4308 668 4362 ima
689 4307 746 4361 ines
763 4315 793 4361 ut
814 4308 908 4370 boum,
923 4318 974 4360 nec
1023 4298 1130 4366 borum,
1144 4301 1201 4357 Sile
1214 4303 1249 4357 ⁰1)
1262 4306 1396 4359 sermonis
1418 4304 1574 4367 novitatem,
1590 4313 1638 4358 aut
1652 4304 1812 4366 barbariem·

178 4373 323 4444 iliisdirini
340 4377 444 4432 servitii
457 4378 558 4431 cultum
570 4322 761 4447 impendimus,
774 4378 820 4432 scd
831 4378 895 4432 dnm
913 4376 973 4430 idas
1024 4368 1155 4425 intactum
1181 4372 1321 4427 diurittunt
1335 4374 1411 4427 nihil.
1427 4372 1561 4429 Conviciis
1573 4375 1657 4429 etiam
1670 4373 1781 4430 amcos
1790 4378 1814 4424 el

178 4445 324 4513 aspicimus
335 4454 362 4499 et
382 4447 536 4512 adoramus,
556 4447 602 4501 iiio
621 4447 719 4503 mentis
734 4455 833 4502 nostae
858 4460 972 4502 acumen
1024 4452 1117 4493 eornm
1131 4441 1262 4512 synodum
1274 4442 1403 4499 afficiunt.
1420 4443 1479 4499 Uno
1491 4444 1573 4498 serbo
1589 4452 1677 4498 totum
1691 4440 1813 4514 opusCe

178 4504 332 4586 ‹letigimug
346 4515 391 4570 uhi
407 4531 463 4580 eos,
475 4531 592 4585 quorum
603 4517 654 4571 iuae
670 4525 743 4583 sunt,
755 4531 814 4572 esse
834 4532 888 4574 non
899 4517 973 4587 igno-
986 4489 1012 4553 Β
1024 4509 1192 4591 rolinumsui
1208 4514 1325 4568 auctoris
1340 4515 1367 4568 in
1387 4513 1496 4569 Graecos
1508 4511 1685 4569 oderisionem
1707 4521 1737 4569 et
1749 4511 1813 4592 iuri·

180 4598 282 4653 ramus.
298 4603 309 4636 ι
324 4585 387 4640 Hae
399 4584 468 4641 libro
481 4602 523 4652 ur,
534 4601 593 4657 cap,
608 4587 650 4642 Π,
1025 4579 1095 4632 draru
1107 4591 1201 4664 spirat.
1217 4582 1293 4638 Unde
1307 4585 1404 4665 mirum
1418 4597 1473 4665 narr
1487 4591 1529 4638 est
1543 4584 1616 4664 quod
1629 4599 1672 4665 ‘ex
1693 4581 1814 4653 prejudi-

214 4694 554 4769 rur-naum
567 4697 824 4753 ,amunte
1023 4651 1310 4778 saturandae
1326 4653 1815 4792 'retardarerterreae

222 4774 231 4781 ”
431 4780 433 4785 ’
484 4768 664 4839 mllm‘ll'·
1026 4790 1188 4860 iruaginibus
1201 4795 1334 4859 sanxisse,
1349 4808 1434 4863 eoque
1449 4762 1557 4847 norbine
1570 4792 1659 4865 ipsam
1678 4792 1816 4865 impugna·

214 4860 318 4929 Relicta
339 4861 422 4933 igitur
442 4861 597 4931 bellarmini
622 4859 766 4917 cardinalis
788 4860 972 4930 responsione,
1023 4860 1093 4914 verit
1106 4859 1292 4929 impotentius.

180 4921 282 4991 relictis
305 4932 388 4990 etiam
405 4932 626 5004 responsionibus
650 4931 763 4986 aliorum
776 4931 821 5001 qui
843 4931 973 4986 librorum
1058 4929 1135 4997 Quod
1146 4945 1227 5000 porro
1240 4948 1299 4987 eam
1309 4931 1441 4986 dunmxat
1459 4932 1645 4989 adorationem
1669 4931 1815 5004 imaginum

178 5003 366 5061 Carolinorum
377 5014 527 5069 auctorem,
547 5010 575 5057 et
587 5010 670 5058 totam
682 5016 715 5057 eo
725 5011 847 5071 ternpore
861 5001 974 5057 Gallica·
1024 5000 1160 5071 impugnet
1186 5002 1315 5057 librorum
1344 5001 1532 5057 Carolinorum
1561 5011 1668 5069 auctor,
1695 5001 1817 5085 pluribus

198 5088 242 5129 arn
252 5073 412 5142 Ecclesiam,
422 5074 622 5139 venerationem
641 5072 788 5143 imaginum
802 5073 974 5142 impugnasse
1023 5071 1184 5125 ostenditur.
1196 5071 1288 5127 Primo
1300 5088 1332 5127 ex
1345 5088 1395 5142 cap
1419 5071 1536 5128 seeundo
1549 5073 1611 5129 iibri
1624 5074 1719 5143 primi.
1737 5088 1748 5123 r
1766 5067 1817 5125 Sed

178 5088 275 5215 feriter
288 5143 417 5209 latentur,
440 5145 599 5228 respondeo,
615 5143 699 5197 libros
724 5142 865 5197 Carolinos
885 5141 972 5197 solum
1024 5140 1050 5194 iu
1065 5141 1236 5208 imaginibus
1253 5143 1351 5212 inquit,
1366 5108 1500 5198 arbacem
1525 5143 1660 5197 industria
1683 5140 1817 5203 lormatis,

178 5215 281 5277 cultum
292 5215 378 5281 latriae
386 5230 433 5286 per
447 5231 477 5271 se
486 5215 648 5285 rmaginibus
663 5213 798 5277 abdicare,
810 5213 856 5282 qui
869 5212 974 5267 scilicet
1024 5224 1083 5278 quae
1094 5220 1261 5280 spectatores
1273 5229 1337 5268 suos
1351 5213 1508 5283 plerumque
1520 5214 1555 5268 ob
1576 5227 1668 5268 rerum
1730 5220 1817 5266 mmm

179 5283 235 5340 beo
249 5285 299 5341 soii
320 5287 427 5347 debitus
448 5292 498 5341 est.
512 5286 590 5342 iiuac
603 5283 850 5339 sciticercuttuma
871 5281 974 5354 synodo
1023 5281 1182 5335 memoriam
1206 5282 1337 5338 inducunt
1363 5284 1390 5336 in
1409 5282 1637 5347 admirationem,
1662 5296 1678 5337 a
1716 5289 1819 5336 ratores

179 5342 289 5423 diosna
306 5357 439 5426 sancitum
451 5357 652 5411 arbitrabantur
663 5352 793 5409 Gallicani
804 5352 932 5422 praesules
947 5360 975 5408 et
1024 5366 1088 5405 rere
1098 5365 1204 5420 semper
1226 5352 1252 5406 in
1267 5367 1388 5407 errorem
1409 5352 1490 5408 :Non
1515 5355 1588 5409 enirn
1613 5351 1762 5407 urediacris
1778 5355 1820 5405 est

179 5421 292 5481 Carolus
313 5427 435 5497 Magnus.
449 5426 542 5482 Cultus
555 5425 627 5482 enirn
649 5439 702 5493 quo
713 5424 845 5492 imagines
864 5430 975 5493 propter
1023 5435 1171 5475 erroreum
1187 5422 1259 5475 aliud
1274 5423 1400 5478 amentur
1426 5422 1565 5492 religionis
1579 5422 1676 5487 cuitu,
1695 5434 1778 5490 quam
1797 5418 1820 5499 is

179 5490 341 5563 iirsidentem
354 5492 525 5553 sanctitatem
537 5496 699 5559 colerentur,
716 5501 743 5549 et
764 5496 791 5548 in
811 5493 878 5563 ipsis
891 5494 975 5549 colio·
1024 5493 1070 5560 qui
1084 5491 1149 5545 dixit
1163 5509 1169 5543 :
1187 5490 1328 5547 bominum
1340 5493 1425 5549 Deum
1436 5503 1509 5547 tuum
1521 5491 1657 5557 adorabis,
1677 5501 1703 5545 er
1718 5489 1759 5545 ilii
1772 5486 1820 5544 rob

179 5572 272 5632 urrant
284 5564 430 5626 Christiani
452 5581 526 5636 spem
540 5581 626 5629 suam,
649 5572 677 5619 et
690 5565 755 5634 ipsis
775 5564 923 5628 seruirent,
947 5571 974 5619 et
1024 5563 1118 5616 uenies
1132 5560 1221 5630 (beat.
1234 5577 1272 5625 u,
1284 5563 1339 5634 ιδ).
1358 5563 1573 5620 »adorationem
1583 5562 1820 5631 absolutamque

179 5630 225 5757 qui
241 5635 553 5718 retitusesthoaprarce
571 5645 600 5692 to
621 5635 813 5707 legisdirinar:
833 5633 975 5688 bominem
1024 5631 1131 5702 objecto
1158 5630 1295 5701 religionis
1323 5633 1446 5699 debetur,
1470 5632 1548 5687 alteri
1575 5646 1591 5686 a
1614 5631 1673 5688 beo
1698 5624 1820 5685 exhiberi

187 5716 263 5774 xeum
275 5705 528 5775 tessaradecas
543 5704 579 5766 ia·
589 5704 639 5759 soli
659 5706 753 5760 semies
764 5703 853 5775 (best.
866 5721 903 5769 rr,
917 5704 973 5775 lb),
1059 5718 1104 5758 sse
1115 5701 1212 5755 merito
1224 5711 1315 5771 negat,
1329 5719 1382 5757 non
1397 5712 1486 5758 autern
1500 5701 1707 5758 reiterationem
1724 5712 1817 5769 queue

180 5778 223 5848 pst
242 5770 437 5851 cqltuslatrie.
450 5772 529 5848 liupo
549 5782 640 5850 autem
661 5773 747 5847 solum
763 5775 855 5843 illicite
874 5772 977 5838 dcieni
1036 5770 1377 5840 thetttancentmcmci,
1399 5772 1502 5830 sanctis
1522 5778 1666 5829 eteorum
1689 5768 1811 5842 rebquiis
