3780 6120
70 343 119 400 sei
568 337 657 392 niani
676 331 845 390 circini.
866 361 900 372 -
917 309 1183 387 ancuscciisni.
1647 320 1699 375 ssa

70 458 163 518 Codici
182 454 399 526 Euangeliomm,
410 410 481 508 rasis
505 452 590 508 saeris
614 451 723 517 deberi,
747 450 775 504 in
796 465 858 519 pro·
873 457 896 510 ,t
912 465 922 499 i
939 447 998 502 Non
1010 446 1163 501 mirandum
1178 453 1229 507 est,
1242 443 1335 512 inquit,
1353 441 1376 495 si
1388 441 1516 495 saliantur
1530 439 1557 492 in
1569 437 1699 502 minimis,

70 543 163 598 gressu
182 526 271 596 operis
292 524 423 595 agnoscit,
443 523 565 590 hancque
584 520 722 590 religionis
745 519 857 584 cultum,
909 517 955 586 qui
971 515 1136 570 iallunturin
1148 513 1269 584 magnis:
1291 526 1341 566 nec
1363 511 1391 565 in
1413 507 1572 589 couamplius
1592 506 1699 589 illorum

69 603 168 661 idest,
185 611 200 649 a
219 595 348 664 religione
366 594 543 664 imperatum,
572 606 669 645 uocare
689 606 752 644 non
767 603 861 658 grara—
909 601 987 640 error
999 585 1172 640 admirandus
1190 591 1240 640 cst.
1257 581 1328 651 quod
1342 581 1401 636 ideo
1415 586 1549 647 seiustos,
1565 591 1701 647 quiaima-

68 679 163 730 retur,
186 680 247 720 cuni
269 679 326 719 reni
344 664 430 734 ipsam
453 663 505 717 hoc
527 660 658 716 vocabulo
681 659 859 730 significatam
909 656 1116 726 gincsadorant,
1129 652 1354 723 cssegloriantur,
1367 648 1633 718 nosautemquieas
1654 647 1702 702 ad·

909 713 1703 793 orarecontemnimus,peccatcrcslateantur:curnobilla·

910 810 970 848 runi
982 808 1100 848 amorem
1121 802 1148 848 et
1168 792 1368 861 scripturarum
1384 790 1534 845 divinarum
1553 787 1700 856 puritatem

910 864 1011 919 uiolare
1024 870 1163 924 conentur,
1178 870 1205 916 ct
1217 862 1385 930 potissimum
1398 874 1453 914 suar
1463 858 1524 913 lidei
1535 856 1701 912 emolunien-

910 942 967 988 tum
986 933 1012 986 in
1026 933 1070 987 his
1083 946 1143 987 esse
1157 932 1336 996 arbitrentur;
1356 938 1384 984 et
1398 944 1445 985 ecs
1461 928 1507 998 qui
1521 927 1619 996 spretis
1647 926 1701 988 liis,

68 736 205 793 admittat.

104 807 138 860 Et
161 803 241 859 inira.
261 820 270 853 ι
294 803 364 858 Ecce
385 808 532 858 cernuntur
557 799 649 869 plures
671 806 744 853 stare
765 797 859 866 imagi-

69 891 118 931 nas
121 912 200 928 .....
214 874 241 927 in
255 873 353 954 quibus
363 872 482 940 quidem,
496 877 626 938 quantum
640 868 668 922 iu
682 868 737 922 illis
758 875 811 930 est,
832 873 861 921 et

68 944 195 1014 imaginis
210 942 373 1005 similitudo,
397 949 425 995 et
447 938 639 1010 superscriptio
667 936 784 990 nominis
806 951 860 989 una

67 1022 130 1071 est:
145 1013 219 1068 verbi
241 1013 325 1081 gratia
340 1020 367 1065 et
390 1011 478 1080 imago
500 1007 575 1062 Pauli
602 1014 659 1072 est,
675 1014 702 1060 et
716 1005 861 1075 superseri-

69 1085 128 1155 ptio
143 1101 150 1137 :
168 1082 280 1137 Sanctus
295 1079 406 1134 Paulus.
429 1076 627 1134 Sciscitandum
649 1076 683 1131 ab
704 1076 745 1131 eis
758 1083 800 1129 est
814 1073 858 1143 qni

70 1162 148 1210 tanto
164 1166 257 1208 errore
271 1152 403 1214 laborant,
419 1156 448 1203 ut
462 1163 508 1204 eas
519 1163 568 1218 prc
579 1147 693 1201 arbitria
703 1161 762 1210 sno,
775 1151 802 1199 et
813 1159 859 1199 re-

70 1225 190 1287 ritatem,
206 1228 361 1284 etsanctas,
377 1228 404 1273 et
418 1233 506 1283 veras,
529 1224 557 1272 et
570 1233 624 1271 non
646 1214 745 1286 potius,
765 1229 861 1270 sccun-

69 1293 135 1348 durii
156 1290 350 1347 venerabilium
375 1288 483 1343 Patmm
507 1285 690 1351 traditionem,
704 1292 860 1338 sanctorum

69 1362 202 1432 imagines
215 1360 317 1424 dicunt,
331 1374 390 1427 quae
400 1358 505 1413 cunctis
519 1366 672 1425 comparata
684 1354 804 1410 sanctior
818 1354 859 1408 rel

70 1436 170 1496 remor,
180 1445 240 1500 quaa
254 1429 374 1483 omniurn
397 1425 567 1482 sanctissima
581 1432 627 1479 aut
640 1425 781 1480 verissima
801 1438 861 1478 esse

69 1500 205 1556 credenda
218 1506 271 1565 est,
285 1512 352 1568 quas
363 1498 426 1552 dum
437 1510 484 1552 eos
498 1495 616 1564 aequales
638 1495 727 1550 dicere
741 1508 790 1563 pro
802 1508 861 1547 rna-

69 1571 200 1625 teriarum
214 1577 241 1624 et
251 1567 474 1638 magnitudinum,
490 1564 532 1619 rel
554 1579 665 1634 operum
688 1563 860 1628 discretione,

70 1641 141 1695 ratio
154 1654 208 1693 non
216 1638 378 1710 permiserit,
392 1645 419 1691 et
427 1634 557 1707 quasdam
572 1634 732 1705 quibusdam
746 1633 863 1688 sanctin-

70 1725 126 1774 rcs,
146 1716 173 1765 et
196 1708 327 1779 quasdam
350 1706 535 1761 sanctissimas
557 1703 635 1758 lateri
656 1703 860 1772 compescuerit,

899 1003 966 1058 sire
978 1001 1083 1058 caeteris
1110 1001 1296 1070 hujuscemodi
1316 999 1491 1063 vanitatibus,
1518 997 1567 1052 soli
1581 996 1634 1052 lieo
1646 1010 1703 1050 sei·-

909 1074 995 1137 viunt‚
1013 1086 1130 1142 eaimque
1143 1071 1262 1126 colentes
1272 1070 1396 1135 adorant,
1411 1067 1640 1123 anathematizare
1652 1066 1703 1120 oh-

911 1143 1008 1198 stinata
1021 1151 1112 1197 niente
1129 1142 1287 1195 nituntur.»
1310 1140 1350 1193 Ex
1372 1140 1509 1208 aequiroco
1535 1135 1702 1191 adorationis

910 1212 1041 1267 vocabulo
1054 1211 1170 1267 Nicaenis
1180 1210 1305 1265 Patribus
1321 1210 1448 1263 inridiam
1469 1207 1542 1271 lacit,
1568 1214 1595 1262 ct
1615 1206 1702 1262 dicuni

903 1279 1005 1338 'scribit
1018 1281 1128 1344 erroris,
1146 1280 1221 1349 quasi
1234 1280 1418 1334 adorationem
1431 1287 1458 1334 et
1480 1277 1637 1332 servitutem
1653 1274 1703 1330 soli

912 1350 967 1407 lieo
977 1352 1094 1407 debitam
1106 1366 1167 1405 cuni
1180 1348 1442 1419 iinaginihuspartiti
1452 1347 1521 1411 sint;
1535 1346 1610 1415 quasi
1620 1345 1705 1416 potis-

912 1422 1009 1477 simum
1021 1419 1081 1475 lidei
1101 1435 1157 1475 suae
1168 1418 1379 1474 emolumentum
1395 1418 1422 1472 in
1442 1417 1485 1472 his
1496 1416 1702 1480 constituerint,

912 1491 988 1561 quasi
1003 1489 1163 1546 Christianae
1174 1487 1287 1557 iustitie
1302 1489 1465 1560 praecipuam
1481 1494 1589 1556 parterii
1611 1486 1640 1539 in
1658 1485 1705 1540 ad·

911 1562 1034 1618 oratione
1047 1560 1195 1632 imaginum
1214 1559 1330 1629 positam
1342 1559 1397 1615 sint
1406 1555 1540 1613 arbitrati.

948 1630 1058 1698 Quinto,
1071 1630 1143 1686 idem
1155 1629 1292 1700 colligitur
1303 1645 1336 1685 ex
1353 1644 1412 1698 cap.
1423 1628 1528 1683 dccirno
1541 1627 1621 1682 tertio
1635 1625 1706 1694 ejus-

913 1701 975 1757 deni
990 1702 1062 1757 libri.
1086 1719 1095 1752 ι
1113 1699 1200 1766 Unde,
1215 1701 1312 1770 inquit,
1332 1700 1402 1754 sicut
1415 1700 1442 1753 in
1460 1697 1575 1763 cacteris,
1586 1698 1624 1751 ita
1636 1706 1664 1750 et
1677 1696 1705 1750 in

72 1779 195 1850 profiteri
217 1778 415 1847 compelluntur
437 1774 585 1831 secundum
607 1773 728 1830 veritatis
749 1772 861 1844 indaga-
878 1782 900 1842 Β
916 1773 967 1827 lioc
977 1770 1099 1841 exeinplc
1112 1770 1228 1826 assertio
1238 1771 1421 1833 frustrabitur,
1439 1769 1573 1837 quisuuni
1585 1782 1714 1823 errorem-

73 1851 171 1904 triccm
195 1850 345 1914 rationem,
374 1863 424 1903 nce
444 1845 567 1901 raritatis
588 1859 700 1915 capaces
725 1857 775 1897 nec
797 1858 861 1897 san-

70 1919 194 1974 ctasdici
208 1918 315 1973 debere.
334 1938 344 1971 ι
363 1917 478 1971 Putabat
498 1915 629 1984 imagines
651 1921 759 1968 sanctas
772 1921 800 1969 et
822 1926 864 1968 re-

70 2003 117 2043 ras
137 2004 153 2042 a
172 1987 274 2043 Grecis
297 1987 425 2057 appellari
449 1995 559 2056 propter
585 1984 720 2038 internam
745 1983 864 2053 aliquam

69 2059 258 2123 sanctitatem,
281 2057 361 2126 idque
371 2072 454 2110 unuin
465 2056 604 2124 impugnat
616 2071 623 2106 ε
636 2069 689 2108 non
701 2060 791 2108 auteni
803 2068 860 2107 san-

70 2136 131 2182 ctas
141 2127 194 2181 dici
206 2126 337 2196 improbat
349 2127 383 2181 ch
398 2132 548 2194 respectum
559 2124 593 2177 ad
610 2132 730 2178 sanctos.
741 2123 808 2176 Etsi
821 2137 866 2177 ne-

69 2210 127 2280 que
135 2196 186 2252 bac
196 2198 299 2251 ratione
309 2196 481 2252 sanctasrult
492 2193 634 2265 appellari,
643 2194 701 2249 solo
712 2194 746 2248 de
757 2194 865 2248 nomine

71 2264 114 2321 liti
133 2275 171 2321 at.

109 2282 244 2401 gerundo,
256 2336 327 2391 idern
348 2336 484 2406 colligitur
496 2350 530 2390 ex
540 2334 628 2404 capite
643 2332 748 2389 decimo
770 2340 865 2388 octavo

71 2402 194 2475 ejusdcm
208 2406 279 2461 libri.
298 2424 306 2456 i
321 2406 380 2462 tam
400 2420 474 2470 vcro,
487 2404 584 2474 inquit,
598 2403 661 2473 quia
675 2418 704 2458 se
718 2403 864 2473 imaginum

72 2474 241 2545 inspectione
252 2476 395 2531 salvandos
406 2477 529 2541 creduut,
554 2475 624 2529 sicut
637 2474 768 2543 serpentis
780 2472 867 2542 inspe-

72 2546 164 2601 ctione
183 2545 346 2601 ls'raelitieus
369 2545 483 2614 populus
503 2560 519 2598 a
542 2545 707 2613 serpentium
730 2542 866 2598 morsibus

914 1842 942 1897 in
954 1841 1111 1896 adoratione
1133 1841 1280 1912 imaginum
1298 1842 1444 1895 enitentem
1457 1839 1484 1893 in
1504 1852 1536 1892 eo
1550 1836 1646 1892 lulcire
1658 1852 1708 1891 co-

915 1919 1021 1975 nentur,
1036 1909 1244 1981 quodSilvester
1255 1911 1382 1966 Romanae
1389 1909 1516 1964 Ecclesia
1526 1904 1706 1976 praesulCon·

915 1983 1033 2038 stantiuo
1059 1981 1215 2051 imperatori
1234 1980 1415 2051 apostolorum
1435 1979 1565 2049 imagines
1579 1976 1721 2032 detulisse

913 2052 923 2106 l
958 2053 1021 2106 itur.
1056 2050 1157 2106 Detulit
1179 2066 1243 2123 ergo
1256 2062 1303 2106 eas
1317 2050 1356 2104 illi
1374 2049 1407 2104 ad
1430 2047 1585 2111 videndum,
1602 2061 1655 2101 non
1673 2045 1716 2101 ad

915 2137 930 2177 a
950 2122 1095 2176 orandum:
1108 2120 1214 2184 detulit,
1227 2137 1281 2175 non
1293 2126 1323 2174 ut
1337 2121 1460 2184 adorare,
1473 2133 1552 2187 quein
1565 2132 1580 2171 a
1593 2116 1706 2171 simula·
1753 2169 1756 2173 ,

915 2207 1024 2249 crorum
1042 2192 1115 2246 cultu
1134 2192 1303 2255 abstrahere,
1322 2198 1352 2245 et
1364 2188 1491 2244 adsolitis
1504 2187 1550 2242 [lei
1570 2187 1711 2243 adoratio-⁴

915 2277 976 2317 nem
989 2260 1131 2317 convolare
1143 2262 1312 2323 hortabatur,
1324 2259 1514 2328 compelleret:
1531 2257 1578 2312 sed
1589 2265 1619 2311 ut
1635 2255 1708 2310 idern

916 2331 1069 2400 imperator,
1084 2345 1152 2399 quos
1171 2332 1197 2385 in
1218 2331 1320 2386 scinnis
1341 2330 1452 2395 viderat,
1467 2341 1561 2384 eorum
1574 2327 1664 2382 nultus
1680 2325 1711 2380 iii

915 2402 1026 2472 picturae
1041 2401 1109 2456 lucis
1120 2410 1303 2484 cognosceret.
1325 2400 1434 2463 Detulit,
1454 2414 1507 2454 non
1522 2407 1552 2452 ut
1571 2398 1604 2451 ab
1624 2396 1710 2452 idolo-

916 2487 975 2526 rum
994 2471 1099 2527 cultura
1115 2469 1142 2526 lu
1162 2480 1272 2536 ientein,
1289 2472 1340 2526 irna
1362 2472 1436 2524 inum
1450 2469 1601 2526 adorationi
1612 2467 1712 2522 cedere

916 2540 1083 2606 informaret,
1095 2549 1123 2596 et
1134 2488 1168 2596 aii
1186 2542 1277 2597 hostili
1302 2487 1390 2613 gladio
1416 2541 1571 2602 liberatum,
1588 2536 1716 2592 intestini.

72 2614 231 2696 sanabatur,
243 2617 328 2684 siqua
343 2614 411 2670 lorte
432 2615 471 2669 eis
495 2615 615 2682 corporis
635 2612 807 2667 inclementia
824 2627 867 2666 ac·
915 2611 988 2667 ensis
1003 2612 1093 2682 rigore
1110 2611 1265 2681 perimeret,
1286 2614 1331 2667 sed
1349 2620 1379 2666 ut
1398 2625 1447 2682 per
1458 2626 1502 2666 res
1524 2619 1602 2664 notas
1617 2607 1650 2662 nd
1665 2620 1711 2662 res

72 2691 197 2747 cesserit,
212 2693 352 2739 recurrant
377 2685 410 2739 ad
432 2684 573 2753 imagines,
596 2697 696 2751 easque
723 2681 864 2750 aspiciant,
916 2682 1054 2754 ignoratas
1064 2681 1122 2750 ejus
1135 2691 1251 2737 mentem
1262 2682 1430 2737 extolleret.»
1446 2679 1521 2735 lllani
1547 2693 1643 2733 rursus
1663 2677 1712 2731 ail-'

93 2761 209 2808 uatenus
231 2754 296 2808 dum
319 2753 426 2808 illarum
453 2753 620 2834 inspectione
642 2752 753 2806 minime
779 2751 866 2804 sanati
916 2754 1066 2807 orationem
1084 2752 1215 2806 duntaxat
1231 2753 1393 2823 imaginibus
1408 2751 1554 2822 abiudicat,
1579 2764 1639 2819 qum
1659 2746 1710 2802 soli

85 2823 185 2888 ucrint,
198 2830 366 2877 revertantur
385 2823 418 2877 ad
432 2823 591 2888 Dominum,
603 2827 630 2875 et
650 2836 699 2890 per
711 2827 866 2876 sanctorum
916 2821 971 2877 lico
982 2823 1072 2877 debita
1083 2829 1134 2885 est,
1148 2829 1176 2876 et
1186 2822 1389 2892 quamgeutiles
1402 2822 1435 2877 ad
1445 2820 1589 2877 simulacra
1599 2827 1625 2873 ct
1638 2816 1717 2873 idola.
1812 2834 1816 2841 ¹

73 2891 283 2975 intercessiones
295 2893 328 2947 ah
340 2907 372 2948 eo
382 2894 525 2948 sanitatem
536 2907 565 2947 se
576 2900 733 2960 accepturos
744 2891 865 2958 credant,
917 2893 1089 2947 transtulere.
1110 2891 1163 2946 Sed
1175 2893 1374 2947 venerationem
1388 2891 1524 2948 interioris
1536 2891 1644 2961 gradus,
1653 2889 1711 2943 sire

75 2975 124 3029 qui
138 2969 223 3017 totius
241 2962 365 3017 sanitatis
377 2971 404 3016 et
417 2963 479 3017 vitae
493 2970 534 3016 est
554 2968 658 3016 auctor.
676 2980 686 3013 ι
703 2960 784 3015 Falso
807 2976 868 3030 sup
916 2962 1101 3016 adorationem
1117 2962 1289 3017 honorariam
1313 2963 1459 3031 imaginum
1477 2960 1654 3017 Constantino
1665 2957 1710 3027 ju-

74 3030 437 3113 poniiuicanarnsgnodum
448 3032 571 3087 docuisse
581 3046 655 3111 spem
667 3032 694 3084 in
706 3030 867 3101 imaginihus
916 3031 981 3087 bere
992 3031 1111 3101 potuisse
1129 3040 1252 3087 sanctum
1267 3031 1427 3087 Silvestnrni
1451 3032 1562 3094 latetur,
1606 3029 1710 3083 nunriis

73 3099 271 3184 collocandam,
281 3101 400 3156 divinam
412 3103 528 3172 aliquam
540 3102 594 3154 rim
606 3101 661 3155 illis
675 3101 772 3165 inesse,
785 3107 812 3155 et
823 3100 867 3154 he·
880 3116 903 3178 ρ
918 3100 983 3155 illud
998 3102 1150 3171 exemplum
1169 3103 1422 3173 inconsequentiam
1435 3103 1505 3158 trahi
1521 3116 1573 3155 noir
1587 3047 1724 3161 deliciet„

74 3169 868 3253 nedcialposseabipsiscxspeetariantrogari.Solamergo
919 3172 1024 3226 etiarnsi
1044 3169 1178 3240 jussisset,
1203 3172 1265 3243 quia
1281 3188 1374 3229 recens
1393 3188 1523 3229 coni·ciso
1542 3170 1656 3240 principi
1669 3169 1719 3222 lac

75 3239 262 3323 adorationem
277 3255 336 3322 quae
355 3243 462 3311 obiecto
480 3241 536 3322 spei
560 3248 660 3296 nostrae
682 3247 709 3295 et
735 3241 867 3295 bonorum
918 3241 1113 3310 propinandum
1129 3253 1197 3306 erat,
1222 3243 1480 3299 Christianisautem
1494 3243 1520 3296 iu
1532 3241 1583 3295 lide
1599 3241 1717 3294 lirinatis.

74 3323 196 3392 cronium
206 3318 310 3365 auctori
322 3310 452 3376 defertur,
466 3310 570 3366 scilieet
583 3310 683 3365 cultum
699 3309 870 3374 latriaeima-
918 3312 971 3366 cibi
982 3311 1124 3368 solidiores
1140 3313 1305 3382 porrigendi,
1328 3315 1474 3369 secundum
1490 3311 1612 3381 Apostoli
1634 3326 1713 3380 regu-

74 3380 347 3463 ginihussanctorum
361 3381 538 3437 exhibendam
560 3387 649 3450 negat.
662 3379 794 3435 Caeterum
809 3380 867 3433 vult
919 3381 982 3435 lam.
1006 3400 1016 3433 ι
1034 3381 1089 3437 llas
1102 3383 1193 3454 igitur,
1208 3383 1303 3453 inquit,
1318 3384 1342 3437 ei
1367 3385 1419 3438 etsi
1443 3380 1557 3437 adorare
1573 3380 1711 3450 jussisset.
1767 3369 1778 3396 ⁸

74 3461 126 3518 per
137 3456 292 3533 sanctorum
307 3452 514 3533 intercessiones
525 3451 666 3504 sanitatem
678 3464 693 3502 a
707 3450 762 3505 lieo
775 3464 867 3519 exspe-
918 3466 979 3505 curn
1005 3460 1094 3505 tamen
1118 3468 1171 3507 non
1181 3451 1302 3521 jusserit,
1327 3453 1387 3508 idco
1411 3453 1533 3508 fortassis
1544 3451 1660 3519 juberet
1682 3459 1713 3504 ut

75 3527 145 3601 ctari
156 3535 188 3575 ac
200 3533 288 3588 rogari
301 3538 308 3574 :
323 3537 345 3576 si
360 3522 386 3575 in
398 3521 471 3575 omni
482 3520 552 3583 loco,
567 3528 594 3574 et
605 3519 721 3574 maxime
739 3519 767 3572 in
780 3521 867 3574 eccle-
918 3535 979 3575 euni
999 3521 1045 3590 qui
1064 3522 1211 3576 visibilium
1225 3522 1313 3577 cultor
1324 3533 1392 3587 erat,
1407 3539 1456 3593 per
1471 3522 1587 3576 risibilia
1601 3521 1635 3574 ad
1646 3520 1713 3574 inri-

74 3588 125 3644 slis
137 3603 198 3671 qnae
211 3590 372 3672 imaginihus
386 3599 488 3646 ornatae
506 3597 593 3655 erant,
607 3605 655 3645 cur
665 3604 718 3643 non
729 3589 810 3644 etiam
826 3604 868 3644 co
918 3589 1007 3644 sibilia
1017 3599 1185 3660 provocaret,
1209 3607 1262 3646 non
1276 3601 1304 3647 ut
1317 3609 1366 3648 nos
1378 3595 1410 3648 de
1421 3592 1601 3648 invisibilibus
1620 3591 1655 3646 ad
1672 3591 1712 3644 ri-

75 3671 136 3713 rain
148 3660 328 3740 imaginibusl
918 3660 1006 3716 sibilia
1018 3668 1167 3716 reuocaret.
1201 3660 1257 3716 Nec
1275 3663 1336 3717 ideo
1348 3664 1435 3726 nohis,
1457 3663 1502 3732 qui
1514 3662 1547 3715 ad
1578 3661 1712 3729 accipien-

114 3726 868 3812 Tertio3idemcolligiturexeap.rigesiinoquartoejus·
919 3729 982 3785 dum
1006 3729 1120 3785 solidum
1139 3731 1229 3785 cibum
1253 3732 1324 3786 vires
1344 3734 1506 3802 acecpimus,
1537 3676 1577 3785 af
1596 3730 1726 3784 lacteam:

76 3799 138 3854 dciii
151 3798 224 3854 libri.
250 3817 257 3850 r
273 3798 325 3854 Sed
337 3815 386 3854 nec
400 3800 474 3864 illud,
488 3799 799 3922 inquitjuodscriptum
809 3806 866 3863 est;
918 3814 1008 3855 escam
1028 3798 1183 3855 lactentium
1196 3816 1272 3855 more
1294 3801 1434 3856 inlantium
1450 3799 1615 3856 redeundum
1628 3808 1718 3862 essct,

82 3865 190 3922 Viiltiint
200 3868 581 3939 tuamdepreccbantiiromnea
610 3870 681 3922 icites
691 3867 772 3938 plebia
781 3866 866 3936 (Pici.
919 3871 941 3926 si
953 3869 990 3923 illi
1002 3868 1046 3924 cui
1053 3869 1165 3923 necdum
1176 3884 1225 3938 per
1240 3871 1300 3926 [idei
1308 3873 1515 3928 teneritudinem
1526 3869 1717 3925 soliduscihus.

77 3953 151 4001 xcii,
167 3936 221 4009 lb),
242 3939 276 4021 de
289 3938 405 4007 quodam
419 3937 572 3993 manufacto
585 3938 658 3991 rultu
667 3938 868 4007 intelligendum
919 3939 1050 4008 impertiri
1063 3946 1178 4008 poterat,
1205 3939 1264 3997 sine
1274 3941 1335 3995 dolo
1350 3941 1391 3998 lac
1411 3942 1653 4010 concupiscendum
1666 3939 1713 3995 da-

76 4015 134 4063 est:
148 4016 298 4090 pracsertim
310 4022 371 4063 cum
384 4008 529 4063 manufacti
539 4009 628 4063 nultus
638 4007 698 4062 ideo
708 4023 760 4061 nou
774 4006 870 4076 depre-
920 4018 994 4065 retur
1012 4010 1038 4064 in
1053 4025 1105 4080 quo
1121 4020 1266 4065 cresceret.
1286 4031 1295 4062 ι
1326 4010 1361 4067 ht
1380 4012 1403 4066 si
1427 4011 1612 4067 adorationem
1627 4009 1713 4064 honos

76 4079 157 4134 caudi
170 4087 234 4160 sint,
253 4093 316 4146 quia
327 4091 381 4132 nec
396 4078 523 4134 exaudire
533 4085 644 4149 queunt.
656 4076 870 4145 Omncquodde-
920 4079 1019 4134 cariam
1034 4079 1192 4150 imaginum,
1204 4080 1260 4136 sire
1279 4082 1386 4137 illarum
1404 4082 1605 4137 uenerationem
1621 4095 1712 4147 respe-

77 4147 289 4229 precatumideo
299 4147 458 4216 deprecatur
468 4157 498 4202 ut
509 4148 648 4203 exaudiat:
666 4156 693 4201 et
703 4162 783 4201 omne
798 4149 870 4216 quod
919 4150 1029 4215 ctirarn,
1044 4157 1155 4219 propter
1175 4159 1329 4207 sanctorum
1343 4153 1521 4208 reuerentiam
1538 4160 1566 4207 et
1580 4165 1710 4212 amorem,

77 4217 196 4280 exaudit,
215 4216 369 4271 irrationale
376 4232 435 4273 esse
447 4235 500 4272 non
509 4220 603 4273 debet:
617 4233 696 4272 omne
709 4217 870 4340 igiturquod
920 4218 1040 4274 illicitam
1056 4229 1084 4275 et
1094 4220 1184 4275 diuina
1196 4221 1254 4293 lege
1265 4222 1374 4277 retitani
1387 4223 1568 4278 existimasset
1581 4220 1717 4274 libroruin

78 4287 246 4368 depfecatur,
256 4287 411 4343 irrationale
423 4302 482 4370 esse
492 4289 647 4369 nondchct:
661 4303 713 4357 quo
743 4287 869 4368 sidepre·
920 4289 1217 4359 Carolinommauetor,
1233 4290 1717 4348 nondixissetSilvestrnmConstain

78 4357 304 4421 carinondehet,
321 4357 507 4412 multominus
531 4358 647 4422 adorari,
666 4372 727 4413 cuin
748 4356 871 4412 uidelicet
923 4360 980 4415 tino
1004 4359 1116 4415 lacteain
1131 4376 1221 4418 escam
1235 4364 1397 4433 porrexisse,
1420 4363 1443 4418 si
1463 4363 1514 4432 ipsi
1529 4359 1578 4418 SS.
1593 4359 1666 4414 Petri
1686 4367 1713 4414 ct

79 4426 203 4481 adoratio
229 4427 410 4508 deprecationi
428 4428 554 4482 emineat.
590 4427 656 4481 Nam
683 4426 705 4480 si
722 4426 869 4483 uianuiacti
886 4429 998 4522 DPauli
1024 4430 1176 4488 adorandas
1187 4433 1316 4504 imagines
1333 4433 1534 4502 proposuisset,
1560 4430 1607 4486 scd
1623 4431 1720 4502 potius

79 4494 170 4550 vultus
183 4496 343 4566 deprecandi
354 4505 381 4552 et
404 4498 531 4552 adorandi
547 4505 619 4560 sunt,
640 4504 670 4551 ut
682 4496 719 4550 illi
736 4496 867 4567 garriunt,
922 4513 1011 4555 escain
1022 4498 1172 4556 lethiicrani
1186 4512 1213 4557 et
1228 4518 1361 4559 uenenum
1376 4504 1544 4574 propinasse.

79 4579 190 4620 necoese
202 4572 287 4620 estut
300 4565 474 4637 deprecantes
496 4567 624 4622 exaudire
644 4575 671 4621 et
695 4564 870 4622 adorantibus
957 4569 1129 4634 Sextc‚exca
1152 4571 1721 4643 .i·igesimoprimocjusdemlihri.‹Under

80 4633 170 4716 larere
179 4635 340 4692 credantur:
351 4645 377 4690 ct
388 4637 409 4690 si
420 4637 594 4705 deprecantes
608 4636 744 4701 exaudire,
756 4637 871 4691 adoran·
922 4639 1018 4709 inquit,
1034 4654 1117 4695 caven
1137 4656 1182 4696 uni
1201 4643 1255 4699 illis
1267 4652 1317 4708 est,
1336 4654 1362 4699 et
1388 4645 1476 4699 niudis
1489 4644 1613 4699 omnihus
1630 4643 1713 4713 pcrti-

79 4704 207 4774 tihusque
227 4704 322 4788 lavere.
339 4707 496 4770 creduntur,
517 4714 679 4761 necesseest
702 4713 732 4760 ut
755 4706 809 4759 rita
830 4707 870 4762 eis
921 4710 1103 4776 nicsceudnm,
1119 4727 1153 4766 ne
1168 4713 1229 4767 dum
1251 4713 1397 4795 imaginum
1416 4715 1516 4769 cultum
1530 4724 1558 4769 et
1579 4713 1724 4767 adoratio--

79 4788 209 4856 sensuum
220 4789 304 4844 capax
316 4791 404 4831 inesse
416 4775 551 4858 credatur..
574 4775 632 4830 Non
645 4784 734 4858 autern
746 4777 816 4857 inest
831 4778 871 4832 eis
921 4794 983 4833 neni
998 4779 1159 4837 Christianae
1172 4783 1294 4853 religioni
1312 4799 1433 4852 ingerere
1444 4786 1581 4846 nituntur,
1595 4783 1714 4862 singula·

79 4849 137 4897 rita
162 4857 288 4926 sensuum
313 4860 492 4927 capalencn
511 4854 609 4916 igitur,
628 4852 657 4899 ut
677 4845 715 4899 illi
738 4855 869 4916 garriunt,
922 4850 1072 4906 remunius
1095 4851 1143 4906 Dei
1166 4853 1267 4907 cultuin
1286 4859 1314 4906 et
1328 4854 1511 4908 adorationem
1526 4853 1651 4907 frustrari
1673 4851 1713 4903 ai-

80 4914 210 4994 adorandi
224 4915 266 4996 rel
275 4916 437 4996 deprecandi
453 4923 524 4970 sunt.
539 4935 547 4965 i
565 4914 735 4969 Erroreiacti
750 4917 872 4985 septimas
922 4919 1104 4976 deantur...
1123 4959 1130 4974 .
1149 4920 1253 4992 hepar
1275 4923 1327 4976 hoc
1348 4922 1371 4978 si
1394 4923 1532 4994 religionis
1552 4919 1720 4976 (hristianm.

79 4999 94 5038 s
112 4983 178 5039 nodi
195 4982 320 5065 Patribus
331 4986 433 5048 tribuit,
456 4986 529 5068 quod
545 4985 707 5109 imaginibus
718 4986 872 5067 supplicari·
922 5003 981 5054 arx,
1000 4991 1057 5046 sive
1070 4991 1218 5055 munimen,
1233 4999 1259 5046 ct
1273 4991 1419 5063 gloriosum
1437 4993 1550 5062 insigne,
1570 4990 1649 5044 unius
1664 4989 1724 5043 bete

99 5063 293 5109 umsenseriut
312 5071 345 5111 ac
361 5057 541 5111 decreverint.
573 5054 765 5109 horationem
781 5062 872 5125 itaque
922 5059 1010 5114 cultus
1026 5067 1053 5113 ct
1066 5061 1188 5115 adoratio
1199 5069 1257 5126 est;
1280 5063 1333 5116 imo
1376 5061 1485 5126 uiaest,
1505 5057 1713 5128 hancimagini-

80 5136 245 5192 supremam,
270 5133 317 5206 aut
332 5125 433 5207 cultum
452 5136 527 5181 certe
539 5124 869 5207 religiosumtabsolutum,
922 5128 981 5188 hus.
991 5129 1033 5184 rel
1043 5130 1204 5198 quibuslibet
1214 5133 1293 5187 relius
1306 5078 1545 5197 exhiheremontra
1556 5129 1713 5198 religionem

80 5190 189 5261 qualem
202 5201 302 5249 sanctis
315 5196 483 5261 exhibemus,
499 5204 579 5278 negat
592 5196 752 5266 imaginibus
764 5206 873 5252 sancto·
922 5196 1104 5253 Christianam
1121 5208 1171 5264 est,
1197 5210 1224 5255 et
1243 5202 1265 5256 si
1279 5202 1396 5256 hasnon
1412 5200 1524 5256 adorare
1541 5215 1588 5254 seu
1611 5197 1712 5262 colere,

83 5276 143 5344 rum
158 5261 341 5346 deiciendum,
360 5281 413 5320 ncn
430 5275 705 5334 venerationemque
725 5266 805 5322 rebus
827 5283 872 5322 sa·
923 5277 1017 5323 contra
1032 5269 1186 5338 religionem
1204 5269 1384 5327 Christianam
1403 5279 1454 5337 est,
1476 5279 1506 5326 ut
1521 5271 1559 5325 illi
1580 5268 1711 5332 delirant3

81 5347 137 5414 cris
148 5341 258 5455 propter
270 5334 344 5417 aliud
356 5335 511 5401 exhiliatur;
532 5352 563 5390 ex
575 5350 607 5418 ea
621 5351 745 5417 'namque
759 5351 812 5391 non
832 5352 874 5393 se-
923 5339 1010 5393 solum
1032 5339 1116 5394 licum
1134 5340 1257 5408 adorare,
1271 5354 1317 5397 scu
1338 5340 1440 5406 colere,
1453 5339 1564 5410 ejusque
1581 5339 1668 5394 cultus
1685 5344 1714 5391 et

82 5410 193 5489 quituri
206 5403 244 5459 las
257 5420 305 5487 rc·
323 5421 356 5460 ri.
394 5405 432 5459 lta
446 5422 512 5461 crux
524 5407 639 5470 Domini,
664 5414 691 5460 et
704 5420 761 5474 epus
777 5405 871 5477 ligura,
923 5409 1089 5465 adorationis
1112 5425 1202 5464 arcein
1225 5410 1389 5481 singularem
1410 5425 1469 5465 esse
1494 5410 1591 5474 lateri,
1618 5416 1722 5464 contra..

82 5473 288 5545 (cdein‘ange
298 5491 397 5558 reruni,
411 5490 570 5558 rasa-saera,
582 5484 736 5530 sanctorum
744 5477 872 5547 reliquiae,
925 5480 1079 5550 religionem
1092 5478 1271 5535 Christianam
1286 5479 1347 5535 erit.
1360 5478 1440 5535 Solus
1452 5480 1533 5551 igitur
1545 5480 1617 5536 Deus
1627 5478 1719 5534 colem.

84 5541 142 5597 loca
153 5553 256 5611 sancta,
270 5556 442 5600 ueneratione
454 5547 534 5616 digna
550 5545 874 5603 hbmrumCaroliiiornm
923 5550 984 5615 dus,
998 5550 1069 5604 solus
1079 5548 1240 5613 adorandus,
1252 5549 1325 5605 solus
1336 5549 1525 5620 gloriucandus
1535 5559 1585 5606 cst.
1598 5570 1607 5605 i
1622 5549 1721 5605 Solam

83 5622 180 5667 auctor
189 5616 324 5685 agnoscit;
339 5616 437 5685 quibus
450 5624 538 5672 taineu
554 5631 608 5671 nou
623 5617 798 5687 supplicatur,
811 5618 874 5689 quia
925 5621 1118 5684 adorationem,
1134 5635 1193 5743 quac
1215 5619 1360 5692 gloriosum
1381 5619 1485 5692 insigne
1502 5622 1582 5679 unius
1600 5621 1648 5677 liei
1660 5625 1717 5684 est,

84 5684 272 5766 ueccxaudire
285 5694 404 5768 queunt.
507 5758 512 5767 δ
550 5757 555 5768 Ι
668 5757 673 5769 ⁸
925 5689 1143 5760 imaginibus,re
1168 5688 1228 5744 aliis
1246 5688 1478 5758 reliusexhibere,
1500 5702 1593 5749 contra
1607 5690 1715 5761 religio·

119 5751 232 5821 Quarto,
241 5755 675 5826 idenicclhgiturciilibrisccuiuli
682 5759 863 5830 cripsrptinio
926 5773 986 5815 nrm
999 5759 1179 5818 Christianam
1196 5774 1256 5817 csso
1275 5760 1416 5819 contendit
1426 5779 1440 5818 ι.
1454 5778 1507 5821 non
1527 5777 1590 5822 iero
1604 5774 1714 5821 rcuett·
