3780 6120
148 324 202 382 atta
424 383 427 389 ,
640 322 730 379 alent
748 321 919 379 cauohtdt.
933 350 969 365 —-
985 320 1252 379 pentecostem.
1316 352 1319 357 >
1722 328 1774 388 ιιι

148 435 240 491 locari.
262 433 297 486 ,ιι
307 448 339 487 ιι
353 431 523 487 reiteratione
537 432 670 503 religiosa,
686 448 746 501 qua
757 433 838 486 rebus
848 432 932 486 sacris
947 435 971 493 Α
984 438 1038 483 ιιι.
1054 429 1156 485 ahudit
1169 435 1195 487 in
1208 434 1356 501 arqulroeo,
1370 435 1448 504 quasi
1459 436 1633 492 intrinsecam
1647 441 1778 495 ιιιιιιιιι-

145 503 320 569 irnpcnlitur,
338 501 425 571 colligi
440 517 493 557 non
508 509 606 571 potest,
627 518 677 555 nos
691 516 767 571 spem
780 515 888 555 ornnem
903 502 931 554 in
984 507 1038 554 tem
1052 501 1214 567 imaginihus
1224 501 1309 559 Greci
1323 504 1481 560 tribuerent.

146 573 200 632 illis
215 573 356 634 collocare.
382 573 528 626 maiomam
542 572 613 627 illius
623 572 742 626 auctoris
762 571 933 635 sententiam,
1021 569 1193 634 buo-lecimo,
1210 572 1236 626 id
1250 573 1426 627 conllrmatur
1436 590 1468 629 ex
1482 588 1542 643 cap.
1556 575 1686 644 vigesimo
1698 581 1780 648 repti-

149 648 197 719 qn't
208 651 235 697 et
245 642 364 711 reliquiis
375 649 529 695 sanotormn
541 650 568 695 et
578 640 671 709 ligura
677 640 823 717 Dominicm
834 639 934 702 erucis,
983 651 1040 693 mo·
1056 655 1065 688 ι
1083 639 1160 695 Unde
1171 641 1300 696 nimirum
1314 643 1458 711 melligitur,
1473 644 1568 727 inquit,
1589 647 1663 714 quod
1672 647 1711 702 illi
1731 652 1778 718 qui

146 730 176 773 ιι
188 712 274 767 ιιιιιιι
286 711 499 780 Evangeliomm,
512 720 539 764 et
548 710 617 765 rasis
634 710 719 764 sacris
730 709 879 778 huyusmodi
890 724 937 763 re·
984 720 1054 776 pene
1062 722 1170 763 omnem
1183 710 1245 764 dcet
1258 726 1313 766 sua
1331 712 1487 768 firmitatem
1511 728 1538 767 m
1557 714 1719 785 imaginihus
1731 732 1779 788 po.

147 782 314 843 neratiouem
325 781 435 844 asserit;
454 794 508 834 non
523 781 659 850 impugnat
670 780 751 849 igitur
766 779 937 834 honorariam
984 785 1062 857 nunt,
1082 793 1229 848 earumque
1241 782 1424 836 adorationem
1437 783 1508 836 inter
1520 785 1652 839 honorum
1667 801 1779 855 operum

147 852 296 920 iamginum
311 850 505 913 adorationem,
519 865 566 903 scu
582 851 793 905 venerationem.
984 854 1164 902 instrumenta
1180 864 1358 906 annumerare
1379 867 1432 906 uon
1455 853 1626 919 erubescunt,
1649 862 1678 910 et
1699 859 1780 914 modo

181 920 671 1003 liuagincsquidemcrucibomiuler,
684 919 934 982 sacrisCodicibus,
984 916 1121 985 pulchras,
1147 920 1227 974 modo
1244 919 1329 975 loedas
1351 922 1464 975 adorant
1485 922 1624 991 imagines,
1650 925 1779 994 quodam-

147 1000 262 1046 saeratts
277 1005 359 1054 vasis,
385 1001 540 1044 sanctorum
552 990 682 1058 reliquiis,
702 998 730 1043 et
747 988 936 1042 multominus
985 986 1216 1042 moderabantur.
1232 989 1299 1044 Nam
1313 990 1334 1044 si
1349 991 1474 1059 quaelibet
1497 992 1586 1063 imago
1601 1004 1703 1062 quanto
1720 997 1781 1065 pul-

147 1060 250 1115 sanctis
270 1060 344 1128 ipsis,
361 1059 564 1182 erigipamodas
586 1070 676 1130 negat,
700 1059 795 1129 synodi
815 1058 936 1127 septime
985 1056 1078 1139 ebrior
1086 1066 1137 1122 est,
1153 1066 1230 1114 tauto
1245 1060 1359 1129 amphus
1373 1062 1454 1116 habet
1467 1063 1621 1118 sanctitatis
1631 1072 1713 1132 atquc
1725 1067 1781 1119 rir-

147 1130 392 1199 cemparationese
419 1144 493 1183 raas.
516 1128 570 1183 Sed
581 1130 610 1184 in
621 1128 936 1199 religiosicultusordine
986 1132 1062 1189 tuns,
1076 1141 1185 1182 necesse
1198 1138 1240 1183 est
1258 1137 1287 1183 ot
1308 1145 1341 1185 ea
1361 1146 1421 1200 quaa
1445 1130 1542 1186 imdior
1560 1140 1611 1197 est,
1628 1135 1717 1188 miuus
1729 1135 1781 1189 ha-

146 1197 219 1255 ιιιιι
235 1198 322 1253 latria
333 1200 516 1252 adorationem
537 1200 603 1255 rarii
616 1208 678 1255 snm
690 1200 805 1267 gradus:
824 1197 875 1251 alia
889 1212 939 1266 per
985 1194 1047 1249 beat
1055 1198 1207 1252 sanctitatis
1218 1200 1429 1269 atquevirtutis:
1441 1201 1498 1255 etsi
1508 1217 1539 1257 ea
1548 1217 1609 1271 qum
1620 1201 1717 1259 ioedior
1725 1211 1778 1269 est,

146 1282 207 1324 rese
218 1269 350 1331 coluntur,
363 1276 390 1322 et
403 1268 525 1323 absoluto
538 1267 579 1337 (ut
590 1271 697 1338 vocant)
720 1269 831 1332 honore,
854 1282 937 1348 quiam
986 1265 1075 1345 minus
1088 1267 1178 1331 baliet,
1198 1284 1307 1324 necesse
1320 1278 1361 1324 est
1373 1278 1403 1323 ut
1421 1269 1570 1325 loedissima
1587 1272 1713 1340 quaelibet
1731 1282 1779 1327 aut

146 1338 257 1408 proprio
269 1346 388 1392 meretur
404 1337 615 1402 excellentiam
637 1338 722 1407 angeli
743 1346 769 1392 et
785 1347 871 1393 sancti
888 1338 939 1391 ho-
987 1334 1053 1388 mhrl
1065 1343 1112 1389 aut
1125 1337 1259 1392 modicum
1283 1339 1381 1393 habeat
1395 1357 1402 1392 ι
1416 1347 1443 1394 ιι
1466 1341 1489 1394 ιι
1514 1355 1546 1395 ιι
1570 1356 1630 1409 qum
1643 1343 1784 1410 pulchrior

146 1408 246 1462 mines.
276 1408 336 1461 dle
348 1418 457 1477 propter
469 1407 541 1462 aliud
554 1409 588 1463 ad
608 1409 680 1477 quod
691 1408 812 1463 ordinem
826 1408 936 1468 hahent,
984 1412 1038 1461 *cst
1052 1405 1111 1459 ideo
1124 1407 1254 1461 attentius
1272 1408 1409 1469 adoratur,
1426 1423 1461 1462 eo
1471 1411 1542 1477 quod
1556 1425 1637 1465 causa
1660 1413 1781 1481 pulchri-

117 1476 121 1488 '
146 1476 324 1540 honorantur,
344 1486 374 1531 ut
389 1476 509 1545 reliquia
521 1486 686 1541 sanctorum,
706 1493 772 1533 crux
786 1476 934 1535 Dontinica,
986 1472 1097 1539 tudinis,
1112 1475 1227 1545 amplius
1241 1477 1322 1531 habet
1339 1479 1457 1543 virtutis,
1472 1476 1529 1545 jam
1543 1494 1597 1533 non
1611 1479 1670 1548 ejus
1680 1482 1782 1535 sancti-

146 1545 354 1615 eley'usligurm,
377 1544 467 1601 Codex
478 1546 624 1616 Scripturas
647 1562 742 1612 sacrm,
759 1563 823 1600 rasa
847 1560 935 1608 sacra,
988 1552 1029 1597 tas
1041 1558 1075 1597 cx
1089 1549 1205 1612 quadam
1229 1547 1369 1616 religione,
1385 1548 1433 1602 sed
1450 1564 1484 1602 ex
1509 1548 1621 1604 artificis
1631 1551 1703 1604 teuit
1717 1565 1780 1621 ope-

146 1616 258 1697 templa,
282 1616 422 1686 imagines.
460 1616 492 1669 Et
511 1617 537 1669 in
552 1618 712 1687 istogenerc
733 1617 821 1671 cultus
845 1629 938 1683 respe-
987 1613 1128 1667 ratione.»

147 1685 214 1747 ctist
234 1685 325 1753 plures
348 1694 411 1740 suut
432 1686 539 1755 gradus.
571 1687 700 1754 Quarnris
720 1701 785 1756 ergo
806 1686 938 1754 imagines
1023 1682 1058 1736 Et
1072 1683 1140 1736 inira
1154 1682 1329 1738 :rFalluntur
1341 1700 1413 1748 rere,
1428 1693 1456 1741 et
1468 1685 1779 1756 meritolalluntur,qui,

148 1762 304 1809 sanctorum
330 1771 383 1809 non
395 1763 470 1810 tacito
483 1756 537 1810 sint
560 1757 661 1812 honore
673 1753 819 1810 alliciendas
835 1764 936 1824 quanto
952 1766 1048 1833 fleam
1064 1752 1136 1808 Deus
1150 1754 1263 1809 Creator
1276 1755 1396 1810 omnium
1406 1770 1436 1810 se
1450 1755 1536 1810 solam
1552 1757 1658 1811 adorari
1669 1773 1781 1813 censue-

147 1823 369 1881 trondominico
392 1832 419 1877 et
433 1823 493 1892 ejus
516 1826 616 1897 ligura,
638 1835 739 1895 quanto
760 1841 825 1880 vasa
848 1840 935 1888 saera,
987 1820 1033 1887 rit,
1052 1836 1096 1876 ιιι
1116 1823 1246 1892 quasdam
1263 1839 1344 1878 sensu
1365 1834 1488 1881 carentes
1507 1827 1621 1881 adorare
1633 1827 1779 1881 nituntur:

148 1901 250 1963 quanto
261 1894 466 1964 Evangeliorum
482 1893 581 1959 Codex,
601 1903 702 1965 quanto
722 1906 876 1951 sanctorum
894 1908 938 1949 re·
987 1899 1015 1946 et
1026 1890 1090 1949 dunt
1108 1901 1243 1961 putantse
1263 1895 1290 1947 in
1304 1893 1448 1949 adorandis
1463 1896 1625 2017 imaginihus
1637 1897 1782 1964 quamdam

148 1961 249 2032 liquidi,
261 1964 321 2018 etid
332 1964 425 2033 probet
435 1964 565 2019 lihmrum
573 1965 761 2021 Carolinorum
771 1974 875 2029 auctor,
883 1980 937 2019 iton
987 1961 1088 2016 moena
1102 1964 1230 2018 exhihere
1249 1964 1465 2029 reiterationem,
1489 1966 1539 2020 sol
1564 1965 1661 2021 divina
1686 1967 1781 2020 adora-

149 2040 241 2097 tamen
254 2033 316 2089 iride
327 2033 447 2103 sequium
459 2035 532 2104 quod
541 2037 742 2091 venerationem
752 2050 859 2091 omttem
873 2036 939 2106 ipsis
986 2030 1054 2085 aeni
1069 2033 1211 2100 quamdam
1234 2043 1381 2102 promgant
1395 2036 1622 2089 communionem.
1641 2036 1709 2100 Quia
1733 2050 1782 2157 ig:-

149 2100 272 2170 abreget.
986 2109 1031 2155 tor
1046 2101 1120 2157 solus
1136 2102 1206 2157 Deus
1216 2104 1376 2169 adorandus,
1398 2112 1530 2174 martyres
1554 2119 1627 2171 reto,
1643 2104 1685 2156 vel
1699 2105 1745 2173 qui
1758 2106 1781 2147 '-

184 2171 386 2237 berthaidem
403 2172 538 2241 colligitur
564 2189 596 2229 ex
615 2177 704 2246 capite
724 2175 829 2231 decimo
842 2181 938 2230 octavo
985 2170 1033 2225 bct
1044 2173 1140 2237 sancti,
1156 2172 1301 2227 venerandi
1314 2175 1405 2242 potius
1419 2175 1473 2228 sint
1496 2189 1577 2243 quam
1597 2174 1736 2238 adorandi,
1752 2182 1782 2228 et

147 2230 211 2299 litari
229 2241 330 2317 quarti.
351 2259 360 2292 ι
379 2241 435 2297 lloe
461 2244 544 2298 etiam
567 2247 709 2315 exemplo,
733 2246 843 2314 inquit,
870 2245 939 2300 adeo
986 2240 1014 2294 iu
1028 2241 1080 2296 hoc
1092 2256 1173 2311 opere
1184 2240 1241 2311 jam
1253 2242 1370 2297 diximus
1391 2252 1417 2298 et
1431 2245 1531 2312 egregii
1547 2245 1665 2298 doctoris
1684 2243 1781 2298 llicro-

148 2310 448 2381 cernimusimaginum
465 2327 542 2368 usam
560 2314 760 2382 inolescerent
781 2330 842 2385 quae
862 2314 938 2383 prius
986 2312 1060 2380 nymi
1078 2312 1247 2366 documentis
1270 2313 1449 2367 mberandum
1474 2321 1536 2368 est:
1557 2314 1603 2382 qui
1626 2314 1689 2369 dum
1716 2328 1782 2368 oon·

122 2441 130 2458 ,
148 2379 380 2435 &oruamentum
390 2382 854 2447 basilicarumetmemorianerant
864 2399 938 2439 com
987 2387 1028 2432 tra
1041 2381 1214 2449 Vigilantiam
1227 2383 1369 2450 quomdam
1385 2383 1552 2447 maraticam,
1573 2384 1618 2452 qui
1631 2391 1781 2454 ntartyram

147 2449 282 2571 [agitatae
295 2465 385 2507 rerum
399 2462 549 2520 gestarum,
566 2455 731 2511 inolescente
743 2454 872 2524 paullatim
887 2468 936 2507 ne·
986 2449 1113 2518 reliquias
1123 2466 1293 2521 nequaquam
1307 2453 1413 2507 dicebat
1427 2468 1486 2508 esse
1507 2454 1683 2518 venerandas,
1709 2452 1783 2507 scri·

176 2533 219 2573 rto
232 2535 302 2584 usu,
318 2519 385 2575 adeo
398 2537 470 2579 nuno
483 2541 499 2578 a
513 2523 654 2580 catholicis
678 2526 830 2596 quibusque
850 2523 938 2577 extol·
985 2519 1077 2583 heret,
1093 2521 1163 2574 inter
1173 2529 1272 2577 catera
1283 2523 1342 2576 ait:
1362 2540 1372 2572 r
1390 2522 1457 2588 Quis
1467 2537 1595 2591 unquam,
1623 2538 1640 2578 o
1654 2523 1782 2577 insanum

148 2582 249 2652 huilli,
261 2599 291 2643 ut
302 2588 461 2658 adorentur,
473 2594 566 2662 eisque
580 2594 733 2662 lundnada,
748 2593 936 2664 thymiamata,
987 2590 1081 2658 capnt!
1094 2599 1227 2673 martyres
1240 2592 1378 2646 adoravit?
1396 2610 1408 2643 r
1425 2591 1454 2646 Si
1467 2607 1531 2662 ergo
1544 2593 1691 2648 secundum
1706 2589 1780 2659 eius-

148 2655 336 2735 primitiae,t·el
345 2661 467 2728 quatiam
480 2664 638 2719 munuscula
650 2663 808 2727 offerantur,
821 2673 850 2717 et
864 2665 937 2731 quod
985 2656 1049 2713 dem
1058 2667 1230 2725 sententiam,
1245 2669 1381 2732 martyres
1390 2677 1444 2715 nou
1458 2661 1614 2726 adorantur,
1628 2661 1714 2715 multo
1723 2663 1780 2717 mi-

148 2727 264 2795 nequius
280 2729 374 2800 estlut
389 2729 416 2783 iu
430 2730 542 2788 Graeciae
553 2735 675 2801 partibus
698 2735 798 2789 lactum
813 2731 936 2803 legimus)
986 2742 1040 2782 nus
1061 2743 1154 2784 eorum
1178 2730 1309 2799 imagines
1331 2731 1487 2786 atldelibus
1506 2733 1649 2786 afhranda
1665 2740 1738 2786 sunt.
1767 2751 1778 2784 r

149 2796 293 2922 ὢιιιιιιι
313 2800 359 2868 qui
377 2799 462 2856 solum
487 2803 571 2856 betam
596 2805 771 2867 adorandum,
798 2802 938 2871 solttnmuo
987 2795 1051 2852 suo
1066 2800 1157 2869 itaque
1173 2799 1338 2855 adorationis
1352 2801 1480 2856 vocabulo
1500 2801 1629 2856 Gallicani
1652 2800 1781 2870 praesules

193 2867 302 2932 ιιιιιιιι,
314 2869 404 2938 illique
417 2872 467 2927 soli
479 2873 648 2927 serviendum
666 2874 814 2943 predicare
836 2873 937 2927 debue-
986 2877 1015 2922 et
1026 2867 1137 2923 Carolus
1152 2867 1265 2938 llaguus
1285 2869 1503 2937 offendebantum
1519 2872 1720 2926 venerationem
1737 2886 1782 2924 re·

150 2943 233 3001 rant,
248 2939 297 2992 eti
318 2939 340 2994 si
358 2939 400 2996 eis
415 2942 606 2998 soservituros
618 2942 766 3007 fateantur,
779 2957 878 3011 easque
892 2956 938 2997 co-
987 2935 1110 3009 ligiosam
1139 2939 1302 3007 imaginihus
1337 2939 1455 2995 delatam
1490 2956 1543 2996 non
1577 2941 1780 3009 impugnabant,

149 3002 212 3067 lant
231 3015 290 3062 ιιι
328 3017 398 3075 ιιιι,
419 3021 447 3066 et
470 3027 564 3067 earum
582 3021 783 3082 contemptores
801 3011 938 3080 soliusque
987 3011 1110 3076 quamvis
1124 3009 1322 3065 eainl'ett'orem
1336 3025 1397 3065 esse
1418 3010 1518 3066 vehent
1539 3026 1599 3079 qum
1616 3010 1782 3080 martyribus

151 3072 198 3130 bei
221 3079 339 3133 cultores
362 3094 492 3151 verosque
509 3083 674 3148 adoratores,
704 3084 739 3138 oh
762 3097 855 3137 earum
871 3097 972 3174 con·C
987 3084 1122 3133 eteorum
1139 3079 1260 3147 reliquiis
1279 3080 1430 3143 exhibetur,
1454 3081 1508 3135 imo
1530 3096 1562 3135 ea
1586 3096 1640 3148 qua
1657 3094 1720 3134 rasa
1734 3094 1779 3133 sa-

148 3150 291 3215 maurit,
305 3156 333 3201 et
347 3149 488 3207 haereticos
502 3150 633 3221 jtrdicent,
658 3161 685 3208 ιι
707 3151 937 3207 anathematizare
987 3148 1116 3203 cerdotali
1141 3151 1343 3205 consecratione
1364 3150 1542 3205 sanctificata.
1565 3149 1671 3204 llodum
1698 3149 1783 3219 igitur

148 3211 284 3277 affectent.
314 3217 373 3273 Uno
391 3236 506 3291 nolitque
525 3231 552 3276 ιι
569 3237 637 3291 pene
649 3224 707 3292 pari
722 3224 800 3276 urolo
824 3222 938 3276 adorau-
986 3216 1111 3287 loquendi
1122 3221 1213 3287 potius
1225 3220 1402 3289 repudiabant
1419 3235 1500 3289 quiam
1524 3234 1580 3273 rcm
1596 3220 1691 3289 ipsam,
1710 3218 1782 3273 unde

148 3282 473 3345 commendandorum
487 3292 711 3358 simulacrorum,
726 3292 768 3347 rel
782 3289 938 3360 potiusdae-
986 3302 1037 3343 nec
1054 3298 1163 3344 sanctas
1177 3287 1232 3344 ιιιιι
1258 3292 1389 3358 imagines
1410 3291 1591 3359 patiebantur,
1616 3291 1662 3344 sed
1693 3289 1779 3342 solum

149 3368 271 3420 nonum,
287 3365 315 3412 et
327 3356 478 3415 Gentilibus
490 3362 668 3431 nequissimus
680 3378 745 3417 usus
764 3362 894 3424 inolevit,
910 3367 938 3414 et
986 3357 1117 3428 imagines
1132 3367 1297 3414 sanctorum.
1321 3358 1344 3413 d
1369 3358 1470 3415 Grecis
1497 3361 1524 3414 in
1549 3359 1629 3412 modo
1654 3357 1780 3426 loquendi

148 3424 292 3482 catholicis
318 3428 399 3498 (uod
422 3446 475 3485 non
499 3431 557 3486 sine
575 3431 690 3500 quodam
712 3432 793 3485 animi
820 3445 937 3485 moerore
987 3428 1188 3492 dissentiebant,
1215 3429 1242 3482 in
1258 3446 1288 3485 re
1304 3445 1357 3484 non
1373 3429 1410 3482 ita
1437 3447 1443 3483 :
1466 3436 1582 3483 utentem
1605 3442 1699 3482 eorum
1725 3441 1780 3480 neu

182 3442 349 3568 esequimuss
376 3498 572 3554 adorandarum
596 3501 743 3570 imaginum
768 3500 937 3568 ineptissima
986 3499 1216 3566 assequebantur:
1239 3499 1467 3568 superstitionem,
1499 3509 1528 3552 ut
1549 3499 1689 3566 putabant,
1716 3511 1779 3551 eunt

182 3566 316 3620 nsuetudo
338 3570 486 3635 accrescit3
512 3577 539 3625 et
555 3585 598 3624 res
622 3571 655 3624 ad
681 3571 752 3625 aliud
766 3570 889 3633 munditie,
904 3570 937 3623 ad
985 3567 1132 3636 imaginum
1148 3567 1271 3635 religiosa
1282 3568 1456 3622 renemtiooe
1469 3568 1652 3635 coniunctam,
1666 3566 1779 3620 damna-

148 3632 222 3687 aliud
235 3635 360 3691 ridentur
373 3647 516 3708 usurpatae.
538 3639 597 3694 Nou
619 3639 690 3694 enim
705 3655 754 3693 ntis
768 3639 898 3707 imagines
910 3640 937 3693 in
986 3636 1060 3700 baut,
1077 3651 1130 3689 non
1145 3637 1231 3704 ipsam
1254 3638 1454 3691 venerationem
1477 3653 1526 3707 per
1548 3652 1577 3690 se
1607 3643 1778 3704 spectatam:

148 3700 269 3758 basilicis
278 3707 380 3773 positas
392 3708 461 3763 idola
472 3724 666 3779 nuncupamus,
675 3711 721 3765 sed
737 3725 770 3763 ne
785 3709 857 3764 idola
867 3724 937 3762 nun-
986 3704 1088 3760 cultum
1101 3705 1264 3771 ahsolutum,
1279 3721 1389 3776 queres
1403 3716 1554 3775 pmptersc
1569 3705 1709 3769 minutum
1724 3720 1779 3759 nou

149 3781 299 3840 superitur,
319 3777 433 3833 adorare
454 3794 501 3833 eas
525 3789 553 3833 et
582 3779 670 3834 colere
685 3780 778 3848 eisque
796 3779 937 3833 servitium
986 3775 1176 3843 respectiaum,
1193 3791 1247 3843 quo
1270 3785 1379 3845 pmpter
1396 3775 1468 3829 aliud
1484 3776 1659 3830 honorantur.
1684 3774 1781 3829 Sanci-

149 3836 305 3965 lstgrendere
320 3861 484 3911 recusamus,
500 3849 626 3919 quoniam
645 3849 802 3919 plerumque
816 3863 868 3902 non
883 3863 935 3913 res,
987 3851 1045 3898 tum
1059 3859 1123 3898 vero
1136 3845 1322 3901 existimantes
1335 3861 1352 3899 a
1364 3844 1466 3914 synodo
1477 3845 1594 3908 hierna,
1609 3853 1639 3898 nt
1649 3843 1781 3911 imag-ines

219 3927 300 3967 eausa
317 3916 356 3970 rei
371 3932 420 3985 pro
434 3918 536 3973 sceiere
551 3928 690 3989 reputatur
704 3934 712 3973 τ
727 3919 790 3973 dum
814 3917 938 3972 videlieet
985 3927 1035 3983 per
1046 3928 1106 3969 sese
1120 3913 1281 3978 colerentur,
1296 3924 1324 3970 et
1345 3922 1478 3982 quatenus
1502 3914 1634 3968 artcincta
1655 3911 1779 3981 quaedam

149 3979 243 4045 multa,
258 3984 356 4051 quibus
366 3988 433 4041 bene
443 3994 532 4056 potest
544 3990 603 4052 uti,
621 3988 751 4043 malausa
769 3987 937 4058 indaginum
985 3995 1057 4049 sunt,
1074 3992 1101 4039 et
1112 3999 1205 4038 earum
1219 3986 1259 4039 sic
1275 3991 1454 4054 spectatarum
1470 3985 1654 4039 adorationem
1671 3981 1777 4037 aGne·

149 4059 364 4129 convertuntur;
379 4057 471 4124 sicque
483 4072 534 4110 una
549 4059 695 4127 eademque
708 4074 751 4113 res
770 4059 838 4113 berre
859 4066 937 4112 uten-
985 4055 1025 4109 ιιι
1037 4052 1211 4123 frequentari,
1229 4056 1329 4123 passim
1343 4054 1408 4108 illud
1425 4054 1568 4119 inculcant,
1588 4053 1660 4123 quod
1679 4067 1723 4106 res
1736 4054 1780 4105 in-

149 4118 222 4175 bhus
241 4136 296 4175 non
317 4135 357 4178 est
385 4141 473 4180 cansa.
480 4127 587 4195 piaculi
602 4170 609 4193 ,
624 4137 653 4181 et
666 4127 735 4182 mala
747 4129 937 4183 utentibusest
985 4131 1099 4179 sensatae
1114 4122 1220 4179 adorari
1232 4139 1286 4178 non
1301 4123 1427 4180 debeant.
1443 4124 1522 4179 Falsa
1536 4124 1580 4179 illa
1596 4122 1782 4192 suppositione

149 4201 232 4243 causa
248 4191 371 4259 periculi.
398 4195 517 4249 Sollicite
540 4212 603 4266 crgo
629 4199 831 4265 precavendum
844 4205 895 4256 est.
910 4205 937 4251 et
985 4193 1081 4249 nititur
1095 4194 1186 4262 inepta
1201 4195 1391 4263 consequentia
1402 4208 1483 4263 quam
1498 4195 1600 4249 ducunt
1615 4208 1649 4248 ex
1666 4206 1784 4247 venerae

149 4270 255 4313 summa
273 4260 404 4317 industria
433 4271 654 4333 procurantium,
681 4282 714 4320 ne
737 4267 800 4320 dum
827 4268 936 4336 quidam
985 4265 1058 4318 tiene
1071 4265 1194 4333 imaginis
1213 4264 1242 4317 ll.
1260 4264 1395 4334 Virginem
1415 4263 1497 4318 asello
1521 4279 1582 4318 curn
1604 4278 1689 4332 puero
1711 4259 1778 4316 lesu

149 4335 304 4384 nostrorum
323 4333 453 4401 quasdam
473 4350 531 4395 res,
545 4335 613 4388 ultra
628 4352 707 4404 (quarm
719 4338 785 4390 ordo
795 4339 933 4407 exposcit,
985 4341 1117 4402 gestatam
1130 4336 1357 4402 repraesentantis,
1373 4333 1536 4388 adorandam
1548 4333 1650 4388 scilicet
1664 4330 1780 4400 effigiem

149 4397 297 4453 sublimare
320 4402 467 4469 affectant,
497 4406 671 4459 vetustissimi
692 4405 762 4459 illius
785 4415 812 4460 et
837 4407 934 4461 cariosi
986 4401 1105 4472 pecudis,
1121 4403 1143 4458 si
1159 4410 1214 4457 tcta
1226 4404 1373 4458 honoretur
1388 4404 1487 4471 imago.
1504 4402 1533 4456 ld
1546 4404 1618 4459 enim
1632 4417 1724 4457 rerum
1736 4416 1780 4456 es-

149 4469 250 4547 crroris
269 4470 379 4525 redivivi
404 4471 457 4527 illis
480 4475 584 4528 cineres
598 4474 795 4539 convalescant,
811 4487 839 4529 ct
852 4477 935 4530 ricto·
949 4456 974 4515 Ι)
987 4481 1037 4536 ιιι,
1052 4473 1075 4527 si
1090 4473 1199 4541 imagini
1210 4482 1319 4542 propter
1342 4488 1371 4528 se
1387 4481 1414 4527 et
1435 4473 1539 4527 ratione
1554 4473 1673 4526 materiae
1694 4487 1726 4526 ιι
1736 4487 1781 4526 ce-

150 4550 218 4590 rtam
232 4553 311 4607 quam
328 4541 353 4593 iu
368 4557 461 4610 eampo
473 4544 561 4612 adepti
576 4551 638 4598 sunt
650 4583 657 4608 ,
670 4545 740 4598 intra
751 4546 826 4599 urbis
836 4546 934 4600 moenia
987 4542 1074 4597 lorum
1085 4541 1284 4611 impenderetur
1299 4543 1451 4606 t·encratio;
1468 4543 1587 4597 sedeam
1604 4543 1707 4597 ratione
1720 4556 1781 4610 pro.

149 4606 273 4673 perdant.
293 4627 302 4659 r
318 4609 375 4664 Non
394 4619 448 4664 tarn
469 4613 551 4681 igitur
567 4612 667 4667 cultum
691 4614 838 4684 imaginum
860 4616 941 4670 dam-1
988 4611 1083 4681 totypi,
1097 4612 1200 4668 scilicet
1214 4613 1244 4665 B.
1258 4612 1375 4682 Virginis
1388 4614 1501 4678 colatur,
1517 4611 1628 4681 ejusque
1642 4614 1729 4667 honor
1745 4610 1778 4665 ad

151 4682 215 4728 aaut
225 4675 338 4732 Carolus
360 4678 475 4749 Magnus
492 4688 518 4736 et
532 4682 660 4737 Gallicani
674 4682 854 4753 Germanique
867 4699 936 4752 prae-
986 4682 1016 4736 B.
1035 4681 1170 4752 Virginem
1189 4682 1330 4745 reseratur,
1356 4690 1412 4736 tota
1430 4697 1482 4735 non
1499 4683 1657 4745 honoratur,
1680 4681 1779 4735 nedum

150 4742 236 4806 mles,
251 4761 331 4814 quam
354 4763 387 4802 cx
409 4749 481 4804 cultu
504 4752 720 4820 superstitionem
740 4753 932 4818 relornntlant;
986 4752 1095 4805 animal.
1109 4751 1213 4805 Valeant
1227 4753 1435 4820 suppositionem
1446 4752 1525 4804 allata
1536 4767 1569 4806 ex
1579 4766 1639 4818 cap.
1650 4751 1781 4819 vigesimo

150 4815 385 4883 nsumprohiiere
405 4819 529 4874 videntur
552 4821 702 4874 honoraria
718 4822 864 4892 imaginum
888 4823 936 4876 ad·
986 4822 1073 4890 primo
1102 4821 1161 4875 libri
1184 4826 1272 4891 quarti
1294 4823 1376 4875 rerba
1398 4819 1523 4889 produnt.
1554 4820 1648 4874 «Cum
1671 4835 1734 4887 ergo
1752 4821 1779 4872 iu

149 4885 290 4952 orationis,
310 4901 343 4940 ne
367 4889 466 4942 arbusns
493 4890 614 4954 oriatur,
635 4890 696 4943 dein
714 4891 833 4946 Ecclesia
854 4892 936 4946 variis
986 4891 1106 4960 quolibet
1121 4892 1215 4944 borum
1233 4891 1322 4961 imago
1345 4898 1444 4944 sancte
1469 4889 1585 4959 Virginis
1599 4902 1712 4956 puerum
1738 4895 1779 4941 te-

148 4955 366 5013 eontentionibus
379 4958 586 5013 distrahebatur.
602 4959 680 5014 Cultu
698 4959 843 5028 imaginum
855 4976 936 5029 quos·
987 4974 1063 5023 neus,
1082 4961 1201 5028 pecualis
1223 4960 1368 5014 aninmntis
1393 4965 1468 5028 tergo
1492 4967 1615 5027 suscepta
1641 4956 1776 5021 adoratur,

148 5021 211 5104 dam
245 5026 312 5080 bene
347 5027 384 5079 uti
414 5042 492 5096 posse
520 5027 657 5090 nitemur,
686 5028 814 5097 plurimos
839 5030 934 5094 abuti,
987 5029 1173 5099 nunquidnon
1189 5028 1505 5097 ipsiusanimantiscum
1528 5043 1560 5082 ea
1580 5027 1668 5094 imago
1684 5026 1780 5080 adora-

148 5094 261 5169 promclc
287 5095 321 5149 ab
340 5095 385 5153 illo
405 5097 611 5165 abstinendum,
629 5114 690 5153 cum
710 5099 816 5154 occasio
837 5098 937 5168 piaculi
987 5106 1041 5164 tur,
1056 5098 1127 5152 nullo
1143 5099 1213 5154 enim
1227 5107 1306 5167 pacto
1326 5099 1352 5152 in
1369 5096 1504 5151 adorando
1530 5099 1670 5166 utriusque
1685 5096 1781 5164 imagi·

150 5165 296 5223 resecanda
314 5165 359 5225 sit.
988 5170 1040 5232 uis,
1057 5167 1174 5237 Virginis
1194 5168 1327 5232 videlicet,
1342 5169 1398 5220 site
1418 5168 1571 5231 animantis
1595 5168 1716 5234 quadarn
1731 5181 1780 5236 po-
1801 5188 1807 5209 r

184 5230 341 5295 Undecimo,
353 5235 422 5290 idem
434 5237 607 5306 colligiturex
617 5234 838 5307 capite'vigesimo
849 5246 935 5293 sexto.
989 5245 1041 5292 test
1055 5238 1113 5291 heri
1127 5236 1285 5307 diremptio;
1302 5237 1451 5307 prasertim
1467 5252 1527 5290 cunr
1552 5237 1633 5291 unius
1648 5237 1703 5291 sint
1724 5251 1780 5291 ma·
1799 5288 1802 5295 .

149 5301 374 5374 «liudminquit,
389 5322 484 5376 magna
499 5322 532 5361 ex
550 5315 627 5376 parte
648 5322 739 5361 errare
761 5317 935 5374 eosconstat,
987 5307 1072 5373 terim,
1094 5321 1201 5376 unoque
1223 5309 1335 5362 artificis
1366 5306 1472 5375 iugenio
1504 5306 1705 5373 compaginare,
1732 5313 1803 5362 aut:

149 5386 210 5426 cam
223 5387 269 5428 eas
282 5382 632 5440 sanctascsseasseront,et
642 5376 668 5430 in
678 5376 937 5433 lociseontaminatis
988 5377 1129 5446 utriusque
1142 5377 1264 5432 adoratio
1282 5385 1323 5433 est
1337 5376 1496 5445 spernenda,
1512 5382 1559 5428 aut
1574 5382 1694 5444 utraque
1716 5381 1780 5432 sunt
1799 5388 1801 5393 ⁴

148 5445 305 5499 statuendas
316 5459 376 5499 esse
386 5446 541 5501 decernunt.
554 5445 672 5501 Patescit
684 5462 799 5526 namque
809 5448 939 5516 quodam·
988 5445 1170 5502 adoranda.»
1431 5511 1436 5523 ι
1794 5414 1807 5503 ι

149 5513 228 5568 utodo
239 5514 266 5568 in
280 5515 332 5571 hoc
341 5530 434 5569 eorum
443 5531 566 5580 censura,
578 5517 623 5586 qui
632 5531 677 5571 eas
688 5516 715 5570 in
728 5517 787 5583 riis,
799 5532 846 5571 scu
858 5519 884 5572 in
896 5534 938 5571 ur·
1024 5514 1182 5585 despondeo
1195 5516 1322 5579 secundo,
1337 5513 1370 5569 ad
1385 5528 1514 5581 majorem
1536 5527 1630 5568 eorum
1651 5529 1711 5583 quaa
1727 5514 1780 5572 boe
1799 5532 1806 5571 t

148 5580 222 5635 bium
238 5585 412 5652 vicorumque
427 5585 522 5653 plateis
541 5587 784 5656 poniperceuscnt,
797 5588 938 5655 quodhmo
988 5587 1016 5643 in
1043 5586 1211 5656 paragrapho
1234 5584 1291 5653 jam
1319 5585 1446 5649 diximm,
1470 5583 1685 5650 illustrationem,
1708 5585 1780 5640 inter
1802 5582 1808 5594 “

147 5654 504 5717 sauctimtecareantsieuti
516 5662 720 5720 etcarent,cum
733 5655 938 5712 scilicctsisan-
988 5654 1140 5713 Gallicanos
1167 5655 1297 5725 presules
1320 5660 1348 5708 et
1372 5652 1481 5709 Graecos
1497 5654 1672 5723 quaestionem
1689 5655 1779 5724 potius

147 5726 269 5781 claresce
281 5724 465 5793 crederentur,
481 5725 508 5781 iu
520 5725 585 5781 lacis
598 5726 698 5781 sanctis
712 5726 774 5795 poni
797 5741 939 5784 censeren-
989 5726 1072 5784 luisse
1082 5725 1117 5784 de
1128 5725 1208 5784 modo
1222 5722 1386 5781 adorationis
1396 5737 1477 5793 quam
1489 5722 1523 5780 dc
1539 5739 1569 5779 re
1584 5724 1650 5794 ipsa.
1661 5724 1716 5781 lloc
1725 5732 1775 5790 cst,
