3780 6120
132 287 203 351 itas
515 284 604 345 Libat
623 284 794 345 etheum.
814 315 849 325 -
865 280 975 339 caele.
996 284 1041 340 DE
1060 282 1155 342 lbth.
1175 317 1210 329 -
1228 279 1293 342 Lib.
1314 286 1347 341 111
1682 286 1753 343 liat

128 406 214 478 spolia
227 402 442 460 insaluberrimo
456 401 645 472 praedicatione
663 399 720 454 sive
741 395 915 468 epistolarum
928 397 952 455 h
967 395 1101 450 suetudo?
1118 394 1160 450 rel
1180 402 1209 450 tu
1223 393 1367 450 fortissima
1378 394 1455 449 iuriis
1467 393 1524 449 sire
1534 394 1639 450 cunetis
1651 395 1755 451 lenibus

128 493 397 556 missionedirisuro,
422 490 547 546 dicebat:
568 486 660 553 Saule,
676 486 774 550 Senis,
793 484 856 556 naid
877 499 918 537 me
948 537 952 542 ,
968 488 1149 546 incitamentis
1168 489 1275 544 inimica
1297 487 1448 561 patientia?
1464 487 1523 554 Qun
1542 487 1689 544 abieratis?
1702 505 1755 559 qua

127 583 288 654 persequeris
304 581 373 651 (det.
389 579 451 652 ixii
468 577 527 633 Non
551 578 623 648 quod
640 575 684 631 ille
699 575 836 629 Christum
857 586 919 641 por·
967 578 1166 644 discesseratis,
1187 595 1248 634 cum
1269 586 1324 633 tam
1343 579 1466 634 incautas
1484 589 1592 648 meaque
1615 594 1756 648 perversas

126 684 288 745 sequeretur
299 674 327 728 in
343 672 461 729 aetheriis
471 671 580 726 arcibus
592 663 919 740 regnanremmcdbccle·
967 667 1200 723 constitutionesa
1225 675 1263 723 tot
1285 668 1470 722 sacerdotibus
1488 668 1589 737 patrari
1613 667 1756 735 rideretis,
1814 720 1819 729 ,

124 763 265 834 sirmiam
286 771 350 819 tunc
363 761 537 832 pullulantem
549 760 614 816 etin
631 757 710 827 hujus
727 755 818 834 seculi
830 753 919 810 horrl·
967 772 1028 812 eum
1047 756 1174 814 Ecclesiae
1193 765 1234 813 tot
1248 758 1449 812 anathematum
1462 758 1569 813 vincula
1583 757 1683 814 inlerre
1695 775 1755 815 cnr

126 857 203 912 sonis
219 855 345 910 linctihns
362 856 530 909 natitantem.
546 851 669 908 Christus
682 863 746 919 ergo
764 849 791 903 in
806 859 918 916 rumore
967 847 1089 904 rreretisi
1106 846 1224 903 Curnou
1239 848 1329 903 saltim
1346 849 1374 904 in
1389 849 1494 904 duobus
1511 848 1553 903 rel
1565 849 1652 905 tribus
1666 849 1754 919 hospi-

126 961 187 1012 suo,
202 946 274 1015 arton
294 953 337 999 est
358 943 488 1008 Ecclesia,
511 943 591 998 etiam
611 956 682 996 nrrne
704 937 918 1010 persecutionem
967 940 1033 995 tium
1053 941 1206 996 habaistis?
1223 939 1278 997 Cur
1292 956 1386 996 mones
1400 940 1560 1011 sprevistis?
1578 939 1634 997 Cur
1651 941 1756 997 cunctis

123 1037 252 1102 sustinet,
277 1052 332 1091 non
354 1035 462 1105 quidem
482 1033 674 1103 corporaliter,
698 1039 728 1086 ut
750 1031 849 1086 dudum
867 1043 919 1100 pro
967 1037 1086 1087 restram
1099 1032 1249 1087 absentiam
1266 1033 1471 1101 praesentastis?
1488 1031 1544 1088 Cur
1562 1047 1699 1087 nonense
1717 1042 1755 1088 tot

125 1127 220 1183 rnundi
232 1127 329 1190 saluto,
346 1125 394 1181 sed
411 1125 527 1195 quadam
543 1124 650 1193 pietatis
663 1120 846 1186 miseratione,
864 1135 917 1190 qua
965 1121 1045 1191 nugis
1056 1123 1137 1177 vestri
1151 1123 1342 1178 moderaminis
1361 1125 1563 1193 compescuistis
1581 1123 1690 1180 lrantsl
1701 1124 1756 1180 Cur

125 1233 238 1274 suorum
253 1218 445 1281 membrorum,
464 1216 490 1271 id
504 1221 554 1279 est,
567 1213 685 1268 lldelium
699 1213 726 1266 in
741 1221 843 1266 unitate
855 1226 918 1265 san-
964 1226 1021 1265 non
1043 1220 1112 1268 atnt
1128 1212 1312 1268 deliramentis
1326 1219 1421 1268 restrae
1440 1212 1578 1268 industrie
1597 1213 1756 1270 coercuistis

125 1320 177 1365 etse
195 1309 323 1367 Ecclesiae
340 1308 565 1364 commanentium
589 1318 694 1374 semper
711 1304 864 1368 miseretur,
884 1301 917 1357 de
967 1297 1100 1354 habearis?
1117 1300 1548 1370 Stimulantenamqueiactentia
1564 1301 1620 1358 sire
1638 1311 1756 1359 sentos-e

124 1399 225 1469 quibus
241 1404 301 1452 erat
316 1397 360 1451 ille
372 1397 417 1467 qui
435 1396 562 1451 dicebat:
581 1394 689 1450 Gaudeo
708 1394 736 1447 in
753 1391 917 1462 passionibus
966 1387 1054 1444 landis
1066 1390 1193 1458 appetitu,
1206 1398 1234 1444 ει
1247 1389 1397 1444 ministrnm
1408 1403 1495 1454 saram,
1509 1390 1565 1444 orls
1578 1391 1702 1447 uidelicet
1715 1392 1757 1447 in·

126 1491 201 1554 arna,
215 1488 378 1560 qniacapieo
392 1489 596 1559 concederunt
614 1487 765 1558 pandonem
778 1484 875 1539 Christi
889 1483 917 1538 in
967 1481 1172 1545 coritinentiam,
1194 1490 1288 1537 comm
1310 1496 1359 1536 nos
1380 1489 1559 1551 pugnaturam
1583 1481 1754 1551 impellente,

124 1594 205 1632 sarna
215 1595 273 1632 mea
285 1587 390 1649 propter
400 1594 494 1647 corpus
507 1577 564 1648 ejus
581 1575 651 1647 qood
662 1584 699 1629 art
715 1572 833 1627 Ecclesia
848 1571 858 1644 (
867 1568 917 1627 Cn·
966 1587 1026 1642 arrae
1039 1574 1130 1626 omnia
1149 1580 1289 1628 utentem
1300 1571 1433 1627 malorum
1452 1570 1569 1627 lementa
1584 1587 1642 1628 non
1661 1572 1756 1629 incon·

122 1667 190 1723 losa.
205 1669 241 1740 r).
258 1669 333 1725 lianc
344 1669 508 1738 passionem,
522 1685 602 1739 quam
624 1667 747 1723 Christus
765 1666 792 1720 in
815 1664 916 1721 sanctis
964 1674 1033 1733 grae
1052 1671 1151 1716 nostre
1166 1660 1285 1732 legiones
1306 1669 1445 1730 respuunt,
1458 1661 1544 1716 abeis
1564 1662 1754 1729 abscessimus,

122 1759 183 1815 suis
192 1760 315 1825 sustinet,
324 1760 406 1815 liarid
416 1758 604 1830 praefigurabat
615 1775 677 1814 arro
688 1758 809 1813 dicebat:
822 1755 914 1810 ddltuc
928 1744 951 1801 Β
965 1758 992 1807 ct
1001 1753 1072 1822 apud
1082 1768 1128 1809 eos
1139 1754 1247 1809 tandem
1258 1753 1388 1823 hospitari
1399 1754 1577 1823 nmpnirimus,
1585 1769 1652 1823 quos
1662 1755 1755 1812 talium

122 1846 217 1903 iudam
231 1859 255 1903 et
269 1850 344 1904 ailior
355 1850 484 1921 apparebo
503 1848 546 1922 ill
559 1848 624 1920 ilep.
639 1849 692 1918 rii,
712 1849 775 1918 quia
798 1848 863 1903 dnm
886 1862 916 1901 se
966 1857 1087 1897 errorum
1102 1843 1259 1899 tumultibus
1273 1844 1382 1900 invasos
1392 1856 1452 1900 esse
1467 1845 1657 1914 comperimus.
1671 1846 1755 1904 Nulla

125 1940 272 1996 humilians
294 1957 377 2010 usque
399 1943 432 1996 ad
457 1952 571 1996 mortem
594 1939 628 1994 ad
651 1939 740 1994 crucis
763 1937 916 2010 perveniret
966 1936 1037 1990 enim
1056 1944 1098 1990 est
1110 1936 1225 1991 societas
1238 1935 1289 1990 luci
1304 1947 1331 1990 ct
1344 1936 1472 2000 tenebris,
1487 1951 1536 1992 nec
1547 1935 1669 2005 quadam
1681 1952 1755 1993 corta

124 2031 294 2101 crysterinm,
309 2040 336 2085 et
354 2048 369 2086 a
386 2046 531 2102 synagoga,
546 2046 609 2099 ⁴qum
628 2029 729 2084 sterilis
747 2042 781 2083 ex
794 2037 858 2084 tunc
872 2041 916 2081 re-
966 2028 1112 2083 muuicatio
1124 2026 1224 2084 Christi
1236 2037 1263 2083 et
1275 2026 1367 2092 Belial,
1379 2027 1516 2097 qnoniam,
1526 2025 1603 2095 juxta
1616 2026 1755 2097 erdesdcaa

126 2120 235 2185 mansit,
250 2121 443 2190 despiceretur,
460 2118 597 2175 insudare
619 2117 767 2187 sangnineo
782 2117 915 2173 membro
965 2116 1093 2185 sapiemis
1108 2117 1280 2181 sententiam,
1301 2116 1412 2185 spiritus
1432 2115 1489 2180 liei,
1505 2116 1550 2186 qui
1563 2118 1656 2188 utique
1670 2119 1756 2177 nostri

122 2222 186 2263 rrrm
208 2225 318 2265 suorum
334 2212 474 2280 passiones
484 2210 642 2268 ostendebat
664 2223 724 2264 esse
745 2207 859 2276 intimas,
883 2225 915 2264 ae
965 2209 1100 2265 exereitus
1120 2209 1172 2265 dua
1190 2217 1245 2272 εει,
1266 2206 1376 2278 elinpiet
1389 2207 1497 2271 lictum,
1512 2224 1565 2264 non
1578 2208 1710 2266 habitabit
1725 2211 1755 2267 ira

125 2308 221 2357 eontra
251 2300 377 2358 Ecclesiae
401 2302 550 2357 exhibitam
576 2301 807 2356 honorificentiam
838 2316 913 2358 mam
964 2314 1077 2369 cnrpme
1091 2300 1197 2355 subdito
1217 2299 1347 2370 peccatis.
1368 2298 1426 2353 Non
1449 2300 1522 2355 enim
1544 2314 1594 2355 nos
1614 2300 1643 2355 in
1666 2301 1755 2359 inethe

122 2404 185 2446 esse
202 2400 315 2447 testatur
326 2409 388 2449 curn
407 2394 490 2449 elicit:
511 2392 564 2460 Qui
577 2409 621 2449 eoa
637 2395 741 2464 recipit,
764 2411 805 2449 ne
825 2396 915 2466 recipit
964 2386 1033 2458 ejus,
1049 2405 1099 2446 nec
1114 2390 1157 2445 ille
1174 2390 1200 2444 in
1218 2389 1307 2446 medio
1324 2390 1408 2445 nostri
1423 2390 1554 2445 habitarit
1567 2393 1614 2462 qui
1627 2392 1691 2449 lacit
1710 2410 1756 2449 sar·

124 2479 234 2551 (uara.
246 2479 286 2551 xl.
302 2483 344 2548 Et,
360 2482 485 2549 Quandia
501 2484 658 2554 sedatiauni
673 2485 831 2540 densissimis
845 2486 912 2551 istis,
961 2480 1096 2550 corbiam.
1109 2478 1251 2546 Quoniam,
1262 2487 1339 2549 Juxta
1353 2480 1434 2535 rerba
1443 2478 1507 2536 Jesu
1519 2480 1567 2536 lllil
1578 2480 1684 2547 Sicania,
1696 2483 1756 2538 nata

123 2571 190 2625 asilii
199 2571 297 2641 [cristis
309 2573 497 2646 (tarthan).
507 2573 537 2631 Si
547 2589 612 2646 erge
625 2574 661 2632 illi
676 2574 710 2632 de
720 2576 817 2647 quibus
826 2590 914 2632 sermo
964 2571 1024 2627 bilis
1040 2589 1129 2628 corant
1143 2572 1197 2627 lico
1214 2580 1239 2627 et
1258 2572 1405 2627 horninibus
1422 2573 1559 2643 superbit·
1576 2582 1601 2628 el
1616 2589 1755 2646 murm

124 2675 177 2732 est,
189 2669 328 2724 custodem
346 2670 485 2738 virtutum,
498 2672 656 2744 magistram
670 2675 813 2748 honorum,
828 2678 915 2732 humi.
964 2665 1133 2736 superborum
1146 2681 1198 2719 non
1211 2666 1259 2719 crit
1273 2666 1393 2719 sanitas:
1412 2664 1499 2734 [anisa
1517 2665 1586 2719 casira
1598 2667 1696 2736 peceati
1711 2684 1755 2722 ra·⁴

120 2756 228 2814 litatem
239 2761 473 2831 amplecterentur,
490 2775 542 2819 nnn
555 2764 772 2834 anrpuschrisrn
787 2768 859 2836 quod
872 2777 914 2825 ρει
963 2756 1094 2812 dicabitur
1111 2757 1137 2811 in
1152 2757 1206 2811 illis
1227 2755 1335 2828 (Erote,
1351 2754 1423 2827 arra).
1438 2755 1526 2812 Tanto
1537 2757 1609 2811 eninr
1622 2757 1754 2813 incorum

124 2843 253 2910 Ecclesia,
272 2847 502 2916 impudentissime
522 2849 749 2907 anathematizare
767 2857 912 2920 tentarent,
964 2850 1068 2920 synodo
1077 2848 1206 2918 discipula
1217 2847 1358 2918 superma,
1369 2848 1426 2902 oris
1435 2847 1539 2903 seilicet
1549 2848 1753 2915 ineantinentia,

120 2950 175 2990 uec
188 2937 223 2990 ob
235 2952 290 2992 snae
312 2937 366 2993 iarn
381 2953 456 2993 renae
471 2939 557 2994 landis
580 2940 725 3009 appetitum
743 2955 794 3011 pro
811 2957 841 2997 re
859 2954 913 2999 tam
963 2940 1058 3010 riguit,
1072 2950 1173 3008 quanto
1183 2938 1314 2994 modestia
1326 2938 1383 2994 sire
1394 2937 1536 3008 prudentia
1550 2938 1640 3009 rigere
1651 2940 1754 3007 debuit,

121 3023 212 3080 inutili
232 3035 340 3097 nmque
355 3025 500 3084 inolllciosa
512 3029 644 3100 synodum
657 3039 844 3103 aggregarent.
963 3040 992 3086 ct
1003 3030 1079 3101 cuius
1090 3046 1142 3088 nec
1152 3041 1272 3090 extrema
1278 3034 1390 3103 ,quidem
1404 3048 1501 3089 manus
1518 3034 1545 3088 in
1558 3033 1608 3088 tali
1619 3043 1681 3090 actu
1692 3035 1755 3091 duci

423 3158 537 3219 CAPUT
555 3164 603 3220 ΧΠ
923 3108 949 3172 0
962 3119 1064 3200 debuit,
1089 3122 1284 3194 principatum,
1309 3123 1491 3193 prohdolor!
1519 3125 1620 3192 tenuit;
1643 3135 1670 3181 et
1694 3140 1755 3196 qnae

121 3250 204 3319 Quod
216 3268 311 3324 maana
331 3270 364 3307 ee
385 3263 459 3323 porte
480 3255 706 3311 martsuelntiinern
721 3265 746 3312 et
759 3259 912 3329 patientiam
959 3213 1142 3284 prindpawm
1161 3223 1252 3270 ‘emm
1264 3215 1363 3320 ‘Qu’
1376 3222 1562 3320 ¹¹⁸⁰‚⁰¹¹‘em²,
1574 3214 1684 3318 (ΨΜ
1696 3215 1757 3318 Ψ

159 3322 301 3393 objecerint
317 3324 345 3378 in
364 3340 416 3379 nnn
428 3325 583 3378 continendo
596 3341 626 3379 oa
637 3340 715 3381 anatra
727 3335 751 3381 at
764 3328 913 3382 inordinate
963 3320 1059 3361 ”¹⁸⁰⁰ss
1077 3306 1184 3363 mffl'um
1199 3307 1314 3362 ⁰oe¹¹b¹¹⁸
1329 3306 1460 3361 miefsffli·
1483 3305 1541 3361 '5¹¹⁰
1554 3313 1645 3374 “iim
1659 3314 1756 3360 trasim-

158 3392 298 3461 tcpacndo.
963 3404 1018 3463 cto,
1032 3411 1050 3451 o
1063 3397 1256 3453 incontinentia
1276 3397 1341 3461 nris,
1360 3411 1421 3466 qum
1438 3410 1547 3468 gressus
1567 3395 1706 3450 hominum
1725 3394 1754 3449 in

159 3483 309 3554 Aggrcgata
323 3482 634 3557 igitursyuodosiinea
646 3485 913 3543 eclesiastieomors
964 3494 1036 3542 terra
1054 3486 1202 3541 virentium
1224 3487 1303 3556 dirigi
1326 3487 1464 3555 prohibes,
1483 3488 1590 3542 dicente
1609 3485 1753 3556 Propheta,

119 3575 252 3647 egissent,
267 3590 311 3630 res
329 3576 495 3631 necessarias
507 3584 535 3632 et
548 3575 672 3634 lidelibus
683 3574 841 3647 prelaturas
852 3591 913 3647 per·
967 3571 1754 3650 Virlinpuoauanondiripctnrmpertmarn(Prahcaaarx),

120 3672 283 3731 tractantes,
298 3680 391 3720 omncs
405 3680 500 3722 rncum
511 3667 644 3723 novitates
657 3674 684 3723 ει
694 3666 861 3723 inordinatas
874 3667 914 3724 lo-
963 3673 992 3722 et
1006 3664 1082 3736 eidus
1095 3667 1159 3722 anni
1172 3667 1214 3725 sui
1226 3676 1365 3738 peecatum
1378 3683 1431 3723 non
1441 3668 1527 3734 deest,
1535 3668 1613 3738 iuxta
1624 3668 1699 3736 illud,
1711 3668 1757 3725 liat

119 3754 264 3813 cationum
280 3755 383 3811 omnies
403 3755 546 3822 evitarent,
561 3765 590 3812 et
609 3757 804 3814 mediocritatis
818 3756 913 3814 callem
963 3755 1128 3827 notaacnota
1141 3773 1193 3811 non
1207 3758 1315 3829 eliacim
1327 3766 1470 3830 peccatam
1485 3773 1594 3828 peccem
1610 3768 1698 3813 autent
1712 3758 1755 3814 lo-

123 3851 249 3901 tenentcs
265 3859 353 3915 neque
374 3845 411 3899 ab
432 3845 586 3916 apostolicis
605 3845 753 3912 doctrinis,
774 3861 862 3917 nequo
878 3847 913 3904 ab
963 3843 1013 3899 iiis
1024 3845 1127 3915 sapiam
1137 3845 1188 3900 cris
1199 3844 1290 3915 (Pron.
1304 3846 1342 3917 x),
1354 3853 1383 3902 et
1390 3860 1442 3916 per
1449 3862 1529 3918 quam
1541 3848 1630 3902 anima
1638 3847 1752 3914 laeditur,

121 3933 297 4004 antiquarum
314 3934 476 4006 synodorum
492 3935 705 3992 institutionibus
726 3936 912 4006 dissentirent,
962 3932 1036 4005 juxta
1048 3935 1279 4004 sepientisroocm
1291 3936 1414 4002 dicentis,
1434 3937 1487 4004 Qui
1499 3938 1588 3993 maltis
1602 3940 1685 3994 utitur
1695 3957 1752 3996 aar·

123 4024 173 4080 sed
194 4025 330 4095 patientiae
353 4031 380 4080 ει
400 4026 613 4081 mansuetudinis
633 4028 799 4083 ornarneutis
813 4028 912 4094 nmati,
964 4025 1014 4092 iis,
1027 4022 1100 4079 ioedtt
1112 4025 1228 4081 animam
1239 4040 1315 4080 asam
1330 4025 1427 4098 (Ereti.
1440 4025 1498 4100 aa),
1518 4036 1548 4084 et
1565 4044 1625 4099 quar
1639 4044 1693 4085 non
1706 4044 1752 4086 so-

121 4128 295 4184 nequaquam
304 4112 424 4171 diceutes
435 4117 534 4189 bonum
545 4117 645 4171 malum
655 4125 682 4173 ct
692 4118 792 4174 malum
802 4119 912 4186 bonum,
963 4117 1019 4173 lum
1035 4118 1197 4188 respondere
1209 4126 1352 4189 manuam
1369 4120 1474 4189 audias,
1488 4122 1677 4178 verumetiam
1693 4138 1756 4179 sau-

116 4218 255 4281 ,ponentes
266 4223 390 4264 amarum
400 4208 476 4264 dulce
485 4218 514 4263 ει
526 4209 603 4265 dulce
613 4212 745 4275 amarum,
754 4210 913 4280 prophetico
964 4221 1035 4269 etam
1046 4209 1193 4267 Ecclesiam
1204 4211 1441 4278 anathematizare,
1451 4220 1594 4284 anconem
1604 4212 1756 4284 alloquatur

123 4301 243 4357 acrrrrom
254 4301 422 4356 contrairent
433 4317 442 4367 ;
454 4309 482 4357 et
495 4315 527 4356 en
537 4316 596 4371 aum
607 4302 760 4357 necessario
771 4301 914 4358 statuenda
964 4312 1026 4360 tuns
1037 4316 1176 4373 sequaces,
1190 4303 1336 4373 scamellis,
1352 4301 1430 4372 insta
1445 4303 1526 4371 illud,
1552 4302 1604 4372 Oai
1619 4307 1756 4377 respondet

120 4400 202 4448 eraut
210 4391 360 4461 prudenter
375 4397 533 4454 statuerent,
545 4397 572 4445 ct
583 4405 643 4460 quse
651 4391 763 4446 dicenda
774 4390 914 4462 diligenter
964 4394 1069 4449 nminat
1084 4395 1238 4465 priusqmm
1253 4394 1355 4459 audiat,
1370 4393 1482 4448 stultitia
1501 4405 1538 4450 eat
1553 4396 1603 4462 illi,
1623 4403 1648 4450 ct
1662 4412 1755 4468 oppro-

123 4481 256 4544 dicerent,
270 4488 297 4533 ct
310 4489 402 4548 spreto
413 4489 614 4549 snperracuoet
625 4482 837 4537 extraordinario
849 4498 913 4538 ana·
924 4468 951 4536 ῐ)
964 4487 1049 4543 iriam
1060 4485 1152 4559 (Pron.
1169 4487 1258 4558 arrrr),
1276 4497 1303 4543 tc
1321 4496 1433 4559 urgente
1453 4489 1490 4544 ita
1503 4491 1611 4560 penitus
1631 4498 1754 4549 nestrum
1801 4518 1805 4523 ·

125 4571 253 4638 thcnrate,
270 4585 313 4626 res
323 4569 403 4627 utilcs
423 4573 616 4641 perdocerent,
631 4586 676 4627 res
693 4588 757 4627 rere
774 4574 914 4645 ambiguas
964 4579 1083 4635 abnuere
1103 4579 1285 4642 consortium,
1311 4587 1342 4634 ut
1362 4587 1455 4635 nostra
1469 4581 1585 4637 romeus
1607 4581 1638 4636 in
1661 4596 1754 4638 eornm

123 4670 173 4717 sot
186 4671 261 4718 certe
274 4661 381 4716 inutiles
392 4661 498 4717 silentio
515 4662 670 4727 multarent,
682 4671 709 4717 ει
720 4671 819 4720 nostran
829 4665 915 4734 partis
964 4667 1102 4722 mentibus
1119 4680 1170 4723 nec
1182 4667 1243 4722 iere
1261 4667 1370 4737 quidem
1389 4678 1482 4739 posset
1498 4669 1652 4739 imprimere
1673 4672 1755 4727 resti-

121 4755 184 4813 sire
194 4762 353 4809 catersmm
368 4753 460 4808 mundi
475 4753 590 4822 partium
607 4753 734 4809 Ecclesiae
749 4770 842 4809 eorum
859 4763 914 4811 sta-
964 4758 1048 4828 gium.
1063 4757 1118 4816 Nos
1132 4759 1204 4816 enim
1217 4760 1292 4830 sanni
1303 4760 1457 4816 decorritae
1467 4768 1518 4825 est,
1531 4768 1617 4816 etnns
1627 4776 1756 4830 spernere

125 4845 191 4901 totis
198 4852 336 4914 parerent.
348 4842 402 4898 Sed
415 4843 542 4912 qrroniam
553 4843 717 4912 impossibile
726 4852 768 4898 est
778 4854 806 4899 et
820 4859 913 4900 comm
963 4862 1042 4904 error
1055 4848 1176 4913 insanire,
1190 4859 1217 4906 ct
1231 4850 1377 4905 secundum
1390 4849 1526 4920 monstras
1535 4859 1636 4905 nostras
1650 4850 1755 4918 rapien-

125 4933 234 4989 statutis
249 4948 389 4987 assensum
399 4934 521 5002 praebere
538 4942 565 4987 ει
583 4932 701 5002 antiquis
711 4942 821 5002 patrum
835 4934 912 4990 insti·
965 4940 1120 5004 timvoeern,
1131 4938 1225 4994 Enitar
1237 4940 1319 4994 nonai
1329 4940 1414 4994 eritas
1424 4940 1483 4994 rita
1491 4938 1655 5012 sant(Eccli.
1666 4942 1754 5005 xxm).

125 5022 275 5079 tutioribus
286 5037 459 5092 parerc,cum
472 5021 595 5078 videlicet
607 5022 679 5077 inter
689 5035 718 5077 se
729 5022 834 5078 diversa
848 5023 913 5089 sint,
964 5029 1105 5085 Nisienhn
1122 5028 1261 5100 legislator
1284 5037 1438 5084 rmstrormn
1462 5029 1626 5083 monitorum
1651 5043 1754 5097 sequax

126 5124 153 5172 et
165 5124 296 5184 quantum
310 5114 355 5170 lux
373 5114 501 5179 tenebris,
514 5115 569 5168 rita
583 5124 680 5177 rnorte,
696 5114 763 5168 risio
783 5115 913 5180 eastun,
964 5119 1070 5185 luisset,
1079 5126 1108 5175 et
1118 5118 1204 5175 nostri
1214 5118 1407 5175 arnderaruinis
1417 5118 1572 5176 marceniis
1582 5132 1689 5190 gressus
1699 5134 1756 5175 suas

126 5205 248 5278 probitas
273 5204 459 5275 improbitate,
483 5203 588 5274 puritas
615 5203 785 5273 impuritate,
812 5203 915 5259 sanitas
966 5210 1064 5265 mouth
1085 5221 1222 5266 ccrmeans
1242 5209 1389 5275 habuisset,
1411 5211 1518 5266 dicente
1539 5208 1698 5280 Scriptura:
1718 5209 1755 5265 Et

127 5296 294 5370 egritudine,
310 5305 414 5351 uotum
430 5310 525 5351 eorum
543 5295 691 5350 institutae
704 5303 915 5363 sanctommpa-
965 5308 1022 5355 erat
1044 5297 1148 5368 llopses
1168 5307 1319 5354 mansuetas
1337 5312 1393 5371 pre
1405 5299 1524 5354 ommim
1538 5297 1695 5363 bmniniiata,
1709 5298 1755 5368 atti

126 5398 198 5444 traam
217 5389 348 5445 institutis
361 5388 472 5455 distem,
488 5388 599 5453 idcirce,
610 5387 789 5443 deterioribus
801 5388 914 5458 spretis,
965 5397 1027 5444 aunt
1045 5404 1124 5459 saper
1140 5396 1247 5454 terram,
1262 5402 1432 5457 nequaqnam
1445 5391 1571 5444 tantoties
1584 5387 1681 5443 dirinis
1691 5387 1755 5443 allo·

125 5480 276 5552 potioribus
291 5482 410 5535 corrtenti
427 5494 529 5544 sumus,
546 5485 574 5532 ει
594 5477 756 5548 crntcuptis
775 5477 915 5533 labacitus
967 5477 1037 5546 auiis
1048 5476 1531 5547 imereturmcquetotmysterinrnm
1542 5475 1759 5543 areanis,lloml·

125 5569 293 5628 diverticulis
306 5581 409 5626 certnm
426 5585 459 5624 ac
477 5569 579 5640 regium
593 5568 728 5625 tramitem
744 5577 835 5623 tencre
846 5568 916 5624 desi·
967 5583 1003 5623 nc
1012 5567 1175 5640 insinuante,
1187 5566 1362 5630 imbueretur,
1372 5565 1463 5623 necde
1472 5581 1505 5622 eo
1515 5565 1550 5621 ab
1560 5566 1655 5623 enchra
1664 5580 1756 5623 renuo

122 5664 262 5719 deranrus.
282 5661 343 5727 Uli,
364 5676 470 5732 quaeso,
494 5660 718 5731 prestantissima
738 5659 824 5715 virtus
840 5675 916 5714 nrmv
967 5658 1088 5715 omnnium
1104 5657 1217 5714 Domino
1228 5656 1381 5713 diceretur:
1396 5656 1429 5711 tr
1442 5674 1494 5714 nnn
1504 5659 1570 5713 alsat
1583 5672 1671 5713 serres
1682 5671 1757 5711 meas
