3780 6120
136 335 202 390 lidi

488 329 575 386 btbttt
595 331 765 388 cattobtat.
785 364 804 374 -
838 336 985 392 abesan.
1005 368 1039 376 --
1059 335 1266 391 eustratus
1287 335 1395 390 cauis,

1689 340 1760 396 1550

133 454 244 500 orantur
255 454 410 497 sanctorum
423 443 523 512 essigics
533 453 560 497 ct
576 445 718 515 imagines,
737 452 765 499 et
783 447 869 516 signa.
888 449 917 503 Si
931 455 956 514 Α
970 451 1026 505 sire
1041 450 1184 520 imaginem
1196 458 1223 503 et
1237 466 1292 503 rem
1306 450 1404 518 ipsam:
1415 445 1503 515 figora
1516 453 1662 520 praestabat
1676 452 1758 509 vitain

132 517 202 571 enim
217 522 246 568 ut
260 513 343 567 heum
365 513 618 582 adoranttigoornm
637 516 766 584 imagines
786 517 919 572 debebant

130 587 241 640 ourrrino
253 592 279 636 et
292 591 390 637 eoetera
401 583 471 652 ligna
480 583 605 648 adorare,
624 586 647 638 si
658 600 721 639 reru
734 584 856 640 uilicum
870 589 919 642 ad-

131 663 242 710 orarent
257 653 368 722 lignum,
384 669 436 706 nou
449 655 559 709 omnino
570 654 656 709 deleta
669 655 755 723 effigie
775 654 918 726 imaginem

131 725 315 780 incenderem.
330 743 339 774 ι
359 754 394 762 -
406 724 439 776 Et
454 723 565 776 itemm:
582 742 591 774 ι
608 724 707 778 Damus
725 739 784 792 quae
798 734 860 778 sunt
874 741 920 780 an·

130 811 200 850 nexa
224 794 276 848 duo
302 794 373 863 ligna
385 794 482 854 crucis,
502 794 585 847 adoro
596 795 701 863 signum
711 802 830 916 propter
842 794 920 849 Chri·

130 875 200 919 stum
223 864 268 932 qui
283 864 352 917 ioca
371 862 515 916 crucifixus
528 870 580 926 est,
599 871 627 915 at
646 863 691 917 ubi
730 864 795 918 irisa
818 862 919 920 inerint

130 937 164 990 ab
175 935 345 996 alterutrum,
362 931 474 1001 projicio
492 941 563 986 caet
585 934 707 987 incendo.
738 933 772 986 Et
787 934 856 988 sicut
871 936 918 1004 qui

129 1005 274 1072 jussionem
300 1002 470 1070 imperatoris
498 1002 656 1071 suscipiens,
678 1011 704 1056 et
725 1003 861 1057 osculatus
876 1012 917 1059 est

129 1075 245 1145 signum,
260 1089 313 1126 non
326 1072 410 1125 lutum
422 1073 536 1127 honorat
553 1081 598 1126 ant
616 1073 747 1135 chartam,
773 1080 818 1126 ant
828 1074 916 1142 plum-

128 1146 202 1207 bum,
222 1144 268 1198 scd
284 1142 439 1210 imperatori
451 1141 602 1197 salutemet
615 1143 814 1197 remorationem
827 1142 917 1198 reddi-

128 1215 177 1277 dit,
194 1215 233 1266 sie
245 1211 495 1267 etChristianorum
501 1213 576 1282 pueri
588 1213 693 1282 signum
708 1212 916 1267 crucisadoran-

129 1293 170 1338 tes
183 1300 235 1337 non
248 1291 372 1336 naturam
384 1283 446 1350 ligni
460 1296 630 1346 veneramur,
646 1283 693 1336 sed
704 1282 917 1353 signumetirgn-

128 1370 186 1407 rarnr
199 1352 308 1413 Christi,
320 1352 406 1421 ipsum
418 1352 547 1415 ridentes,
561 1353 712 1422 peripsum,
722 1352 767 1420 qui
778 1353 805 1405 in
815 1369 847 1406 ca
857 1368 917 1408 cru·

128 1423 224 1478 citixns
235 1430 285 1486 est,
300 1421 455 1476 osculamur
468 1429 496 1475 et
507 1422 658 1485 adoramus,
678 1430 747 1477 etc.»
765 1452 800 1461 —
812 1421 846 1476 Et
855 1430 917 1491 post

127 1508 227 1562 pauca:
251 1510 260 1541 ι
277 1491 353 1547 Sicut
366 1492 437 1544 erum
451 1493 553 1561 rirgam
565 1491 666 1547 Christi
690 1506 799 1546 crucem
820 1494 916 1547 adora-

127 1580 196 1628 nms,
215 1563 284 1616 sicut
305 1561 377 1616 enim
391 1561 479 1616 sedem
497 1568 524 1615 et
537 1561 633 1617 lectum
661 1560 719 1629 ejus
734 1569 855 1615 sanctum
871 1577 915 1618 sc·

127 1632 261 1702 pulcrum,
273 1632 418 1685 sicutenim
427 1632 545 1695 donnum,
553 1633 720 1702 praesepium,
731 1639 758 1685 et
766 1631 913 1698 Bethleem,

971 521 1155 588 temporalem,
1170 535 1213 573 res
1227 521 1291 588 ipsa,
1310 521 1385 588 enjus
1395 522 1451 590 ipsa
1462 521 1546 590 tigora
1565 531 1634 588 erat,
1650 532 1759 593 praesta·

969 590 1015 643 bat
1030 591 1110 644 ritam
1122 598 1260 652 aeternam,
1278 600 1332 644 etc.
1355 611 1363 642 ι

1004 660 1069 713 ltem
1083 659 1168 713 sancti
1182 658 1323 728 Augustini
1336 660 1368 714 de
1380 659 1449 714 libro
1463 659 1543 715 tertio
1556 670 1656 715 saoctae
1667 661 1759 715 Trini-

968 728 1042 794 tatis,
1057 729 1126 782 inter
1139 736 1252 783 cetera:
1270 747 1279 778 ι
1294 729 1359 782 Nam
1376 730 1446 784 sicut
1460 730 1552 785 unctio
1562 730 1668 800 lapidis,
1681 730 1759 785 Chr:-

969 807 1040 853 stum
1053 816 1078 852 m
1088 813 1169 852 earne
1183 799 1209 851 in
1220 813 1272 867 qua
1280 807 1377 853 unctus
1387 808 1429 853 est
1440 799 1500 854 oleo
1507 799 1695 854 exsultationis
1704 813 1759 870 prae

967 868 1145 938 participibus
1159 868 1223 929 suis,
1237 869 1273 921 ita
1286 869 1360 938 rirga
1372 869 1456 939 hioysi
1468 885 1597 925 coorcrsa
1611 870 1638 923 iu
1648 884 1758 938 serpen·

968 946 1023 991 tem
1042 938 1129 1007 ipsum
1143 937 1280 992 Christum
1302 937 1402 993 iactum
1426 940 1593 994 obedientem
1615 953 1700 1008 usque
1723 939 1758 993 ad

967 1017 1082 1062 mortem
1097 1006 1163 1075 ejus,
1179 1008 1249 1062 trude
1267 1008 1315 1072 ait,
1333 1010 1399 1062 sicut
1411 1007 1533 1062 exaltarit
1544 1007 1645 1078 Mogses
1657 1024 1759 1078 serpen·

967 1087 1017 1130 tem
1036 1079 1063 1131 in
1077 1093 1162 1131 cremo
1183 1077 1268 1148 (Paul.
1292 1077 1388 1149 crxrr).
1409 1098 1418 1129 ι
1434 1078 1466 1131 bt
1489 1086 1549 1147 post
1566 1087 1684 1133 caetera:
1701 1095 1710 1128 ι
1727 1075 1758 1132 Si

967 1146 1102 1201 intuentes
1114 1147 1189 1200 illum
1203 1157 1353 1215 serpentem
1372 1147 1518 1202 exaltatum
1537 1148 1563 1201 iu
1579 1161 1681 1212 eremo,
1700 1161 1757 1202 ser·

966 1225 1077 1285 pentum
1091 1216 1225 1271 morsibus
1237 1231 1288 1270 oon
1312 1218 1445 1287 peribunt,
1471 1226 1548 1272 retus
1572 1217 1653 1271 homo
1664 1227 1761 1271 noster

966 1286 1111 1341 crncitixus
1127 1294 1168 1340 est
1183 1284 1255 1340 eruci
1270 1302 1331 1341 cum
1344 1287 1404 1340 illo:
1430 1300 1478 1356 per
1488 1294 1640 1356 serpentem
1665 1294 1756 1340 autem

966 1371 1040 1411 nrors
1062 1355 1145 1410 intelli
1155 1356 1229 1419 ritur,
1250 1371 1309 1424 quae
1330 1355 1400 1411 lacta
1427 1365 1469 1410 est
1488 1372 1503 1408 a
1521 1356 1683 1424 serpentem
1704 1370 1755 1424 pa·

966 1426 1075 1492 radiso,
1097 1373 1178 1480 molo
1203 1425 1346 1480 locutionis
1376 1440 1425 1494 per
1446 1424 1605 1480 efficientem
1633 1426 1658 1478 id
1683 1424 1755 1493 qnod

965 1496 1089 1550 edicitur.
1132 1495 1338 1549 Demonstrante
1358 1509 1423 1564 ergo
1450 1495 1526 1564 rirga
1556 1495 1582 1548 in
1617 1501 1753 1563 serpente,

965 1563 1088 1620 Christus
1103 1565 1130 1619 in
1144 1572 1238 1626 morte,
1264 1573 1291 1618 et
1303 1579 1414 1634 serpens
1430 1579 1524 1618 rursus
1535 1564 1561 1617 in
1574 1563 1658 1633 virga,
1678 1562 1757 1618 Chri·

966 1643 1024 1690 stus
1047 1635 1073 1689 in
1088 1633 1294 1698 resurrectione,
1312 1642 1384 1690 totus
1397 1635 1424 1688 in
1443 1648 1556 1704 corpore
1570 1647 1620 1687 suo
1634 1633 1704 1702 qnod
1714 1639 1756 1688 est

126 1712 153 1755 et
166 1711 262 1756 caetera
274 1710 365 1756 sancta
379 1700 438 1769 ejus
449 1702 632 1765 tabernacola,
652 1701 800 1756 sicutenim
813 1702 915 1757 amicos
965 1703 1096 1769 Ecclesia,
1112 1713 1165 1759 etc.
1186 1724 1194 1755 ι

126 1771 195 1841 ejus,
209 1772 343 1842 apostotos
356 1772 422 1839 ejus,
437 1779 465 1826 et
479 1781 586 1827 sanctos
601 1782 741 1842 martyres,
756 1778 783 1824 et
797 1772 953 1867 reliquos,B
1001 1775 1065 1829 ltem
1087 1773 1159 1829 beati
1170 1773 1314 1844 Augustini
1327 1774 1354 1828 in
1374 1773 1444 1828 libro
1461 1771 1546 1826 Exodi
1560 1772 1753 1826 intercutem:

126 1852 244 1906 sanctos,
261 1841 359 1896 Christi
374 1857 436 1896 vero
450 1842 602 1912 passionem
618 1842 644 1894 in
654 1841 775 1897 ccelesiis
789 1849 816 1895 et
826 1841 852 1894 in
868 1843 915 1898 do·
1004 1844 1257 1909 ‹Factacredimus,
1274 1844 1498 1913 quemadmodum
1514 1840 1712 1911 lactalcgimus,
1728 1848 1756 1894 et

126 1914 249 1966 mitmsct
264 1913 290 1966 in
301 1911 406 1981 plateis,
419 1921 446 1966 ct
459 1912 486 1966 in
501 1912 670 1982 imaginibus,
685 1917 713 1964 et
723 1913 750 1966 in
762 1910 837 1976 reliS,
852 1911 913 1966 etin
965 1920 1055 1968 tamen
1066 1914 1123 1983 ipsa
1137 1912 1208 1968 sacta
1222 1915 1345 1968 umbram
1366 1912 1447 1968 luisse
1461 1912 1622 1976 interorum,
1649 1917 1756 1979 aposto·

127 1982 269 2046 cubiculis,
284 1983 344 2034 etin
358 1983 485 2044 restibus,
499 1990 525 2035 ct
538 1983 564 2035 in
577 1983 648 2035 orrrni
663 1982 721 2036 loco
732 1982 911 2050 designamus,
965 1983 1015 2038 lica
1028 1985 1150 2039 doctrina
1164 1984 1361 2053 cognoscimus.
1387 1983 1586 2051 Putamnscrgo
1598 1980 1756 2049 spiritaliter

126 2062 155 2105 nt
174 2051 356 2106 indesinenter
369 2053 529 2120 aspicientes
542 2052 599 2106 hace
622 2053 803 2114 recordemur,
819 2061 845 2104 et
860 2068 912 2107 non
964 2067 1024 2108 esse
1032 2053 1215 2124 investiganda
1226 2069 1285 2123 quac
1294 2051 1365 2107 laeta
1377 2061 1449 2118 sunt,
1464 2051 1534 2107 iacta
1543 2060 1756 2106 mnrenessene·

124 2122 325 2186 obliviscamur,
344 2123 413 2175 sicut
436 2129 464 2176 tu
479 2123 576 2177 oblitus
589 2136 619 2175 cs
637 2122 742 2176 Domini
757 2121 804 2175 lici
817 2121 866 2186 tui,
887 2128 913 2176 ct
964 2138 1089 2192 garenou
1100 2139 1262 2194 possumus,
1279 2130 1331 2177 ete.
1350 2142 1359 2173 ι

125 2193 195 2246 sicut
206 2200 233 2245 tu
244 2192 359 2246 adorans
370 2191 466 2245 libmm
481 2192 547 2263 legis
560 2207 613 2246 non
623 2200 748 2246 naturam
762 2190 870 2260 pellium
886 2198 913 2246 et
999 2193 1064 2248 ltent
1077 2195 1133 2264 ipse
1146 2194 1172 2248 in
1190 2193 1293 2263 psabno
1316 2207 1394 2248 narr:
1428 2210 1438 2244 ι
1456 2189 1512 2245 lmo
1524 2188 1579 2259 jam
1597 2189 1624 2243 in
1646 2187 1755 2243 nemine

124 2261 268 2317 atramenti
290 2263 396 2326 adoraS,
420 2262 466 2317 sed
490 2263 569 2317 rerba
587 2261 635 2315 liei
657 2277 717 2330 quse
734 2261 760 2314 in
779 2276 812 2314 eo
826 2261 913 2315 conti·
963 2261 1063 2334 Christi
1084 2265 1177 2318 reoire
1198 2263 1376 2331 gamiearnus,
1397 2261 1453 2328 jam
1472 2269 1595 2315 tenentes
1618 2267 1754 2328 sceptrum

125 2339 232 2386 nentur.
263 2331 308 2386 Sic
320 2341 347 2387 et
364 2347 413 2401 ego
431 2333 573 2402 imaginem
591 2330 690 2386 Christi
706 2333 831 2393 adorans,
859 2347 913 2385 non
963 2333 1114 2388 subduntur
1126 2333 1199 2403 ligno
1213 2332 1312 2396 crucis,
1329 2331 1385 2399 jam
1408 2331 1438 2386 ιιι
1452 2332 1522 2400 quod
1536 2329 1754 2401 praedictumest,

125 2410 248 2455 naturam
259 2403 276 2454 li
296 2418 391 2456 norum
405 2413 451 2457 aut
465 2403 583 2456 colorum
597 2399 689 2465 adoro,
702 2401 782 2462 absit,
795 2401 841 2454 scd
852 2400 912 2453 iua⁴
963 2402 1115 2457 odorabunt
1128 2420 1186 2457 eum
1200 2419 1287 2457 enarres
1302 2419 1328 2454 rc
1346 2418 1372 2455 es
1391 2411 1477 2465 terru‘,
1496 2415 1584 2453 onrnes
1602 2408 1689 2470 gentes
1699 2413 1754 2451 scr·

127 2472 225 2524 uibrata
243 2472 268 2526 in
279 2419 394 2542 liguram
412 2472 512 2527 Christi
527 2480 630 2534 tenens,
652 2487 700 2540 per
710 2485 767 2524 cam
776 2470 912 2524 Christum
963 2472 1029 2525 cisat
1045 2472 1084 2525 illi
1104 2472 1190 2543 (Prot.
1211 2472 1298 2543 arxi).
1333 2467 1753 2538 antenirnios1·ontibusrcgum

125 2557 206 2610 spero
225 2549 315 2596 tencre
326 2553 353 2595 et
371 2540 492 2598 adorare.
509 2562 518 2594 ι
538 2542 570 2595 Et
583 2540 651 2595 inira
666 2541 802 2610 seqnitur:
819 2559 828 2590 ι
844 2539 912 2593 llam
961 2538 1751 2665 pretiosiusestsignumerneisquarrrgcmmadiadematis.r

124 2623 152 2666 et
165 2610 237 2680 ipsos
256 2611 325 2666 hlios
337 2621 454 2676 nostros,
467 2623 493 2666 et
506 2619 596 2682 patres
610 2610 695 2665 laetos
712 2610 870 2674 existentes,
885 2618 912 2664 ct
997 2610 1061 2666 ltem
1068 2612 1208 2683 Augustini
1219 2613 1251 2666 de
1265 2611 1440 2666 tilioAhrahae
1467 2609 1568 2664 uctoad
1579 2607 1755 2671 sacrificium,

124 2690 279 2750 peccatores
291 2682 388 2750 saepius
400 2683 561 2742 (iaculamur,
574 2689 601 2735 ct
614 2697 666 2735 non
683 2682 710 2735 in
724 2681 775 2735 boc
786 2680 912 2735 condem·
962 2679 1151 2736 intercaatera:
1168 2700 1177 2732 ι
1193 2680 1251 2735 Non
1264 2683 1336 2736 enirn
1349 2681 1450 2736 lrustra
1461 2680 1525 2734 moti
1537 2679 1611 2739 estis,
1627 2692 1688 2731 curn
1702 2676 1754 2730 lroc

124 2752 258 2817 nabiinur,
277 2768 329 2805 non
351 2760 380 2804 ut
394 2752 458 2806 deos
473 2767 519 2807 ens
533 2753 695 2816 osculamur,
723 2751 770 2805 sed
792 2765 911 2805 amorem
962 2750 1089 2818 dicerem,
1104 2768 1169 2806 crux
1181 2768 1280 2806 cornua
1297 2751 1387 2806 liniet:
1404 2750 1520 2806 sicrnim
1535 2750 1587 2802 cluo
1599 2747 1752 2818 liguacorn-

124 2829 224 2875 uostrae
237 2831 350 2886 ruiturae,
378 2838 457 2891 qrrem
477 2836 598 2892 argaeos
623 2821 751 2875 babemus
764 2836 812 2891 per
830 2836 910 2875 oscu—
960 2820 1107 2889 pinguntur
1119 2823 1145 2877 in
1160 2837 1198 2886 se,
1216 2829 1247 2874 ot
1266 2822 1381 2891 speciem
1405 2820 1493 2876 erucis
1520 2819 1642 2873 reddant.
1676 2817 1754 2870 Sicut

124 2890 179 2944 tum
190 2893 366 2946 ostendimus.
403 2891 479 2947 Sicut
500 2895 572 2947 enim
588 2892 725 2945 multoties
738 2891 792 2945 dixi
812 2905 819 2943 ε
836 2889 911 2945 hiens
961 2904 1026 2960 ergo
1044 2892 1163 2963 imagine
1183 2891 1272 2947 crucis
1296 2891 1388 2947 irruitis
1410 2890 1476 2946 locis
1488 2890 1620 2950 ridemus,
1642 2894 1672 2940 ut
1687 2885 1753 2940 dant

123 2968 260 3015 scrutatur
272 2963 298 3016 iu
311 2962 383 3015 omni
397 2964 499 3027 osculo,
509 2971 536 3016 et
548 2963 575 3015 in
589 2962 661 3015 omni
670 2962 836 3025 adoratione,
845 2968 909 3026 etc,
960 2960 1014 3015 duo
1026 2976 1134 3024 cornua,
1156 2963 1252 3032 mribus
1267 2961 1412 3032 inligantur
1428 2976 1533 3023 manus,
1554 2957 1683 3013 cornibus
1693 2956 1751 3010 hae⁴

123 3031 172 3094 sic,
201 3032 329 3095 choma,
358 3032 573 3087 Christianorum
627 3031 682 3101 puli
708 3031 910 3100 quaurticunque
961 3039 1065 3084 rentem
1078 3031 1190 3087 arietem
1204 3032 1361 3085 erucitirum
1373 3031 1515 3086 lionrinuur
1529 3027 1617 3089 rideo,
1635 3034 1719 3081 etc.»

123 3100 198 3168 signa
215 3102 303 3156 crucis
316 3110 344 3156 et
355 3102 499 3172 imaginum
526 3117 589 3157 osen
602 3111 689 3165 antor,
716 3117 769 3155 non
791 3100 910 3169 ipsisre-
996 3101 1299 3157 ltemsauctiSercriani
1312 3100 1641 3156 Gabalcnsisdesernrone
1652 3103 1752 3151 sancta

123 3169 288 3224 necationem
303 3172 382 3241 lignis
395 3180 441 3226 aut
454 3172 586 3240 lapidibus
596 3171 745 3240 proleruut,
773 3179 819 3224 aut
832 3186 908 3236 auro,
923 3151 946 3213 C
962 3171 1061 3236 erucis,
1078 3173 1277 3227 intercutem:
1302 3190 1310 3222 ι
1329 3171 1412 3226 l'utas
1435 3187 1487 3226 non
1500 3179 1559 3225 erat
1571 3166 1674 3237 justum
1687 3166 1750 3230 dici,

123 3247 169 3293 aut
181 3249 315 3311 corruptae
329 3243 448 3312 imagini,
463 3251 508 3296 aut
526 3242 646 3311 lipsanis,
667 3240 713 3295 scd
731 3255 780 3309 per
798 3240 842 3294 illa
855 3240 910 3296 beo
961 3240 983 3295 si
1002 3243 1062 3309 quis
1079 3252 1197 3297 restrum
1220 3257 1325 3297 morsus
1347 3240 1437 3306 inerit,
1457 3240 1583 3309 respiciat
1608 3238 1635 3292 in
1651 3235 1752 3291 coelom

123 3312 249 3374 creatori,
270 3313 315 3380 qui
328 3319 355 3365 et
367 3327 459 3368 eorum
471 3323 498 3367 ct
516 3312 636 3367 onmium
657 3318 763 3366 creator
783 3317 833 3372 est,
855 3309 911 3379 glo
960 3325 1067 3365 sursum
1087 3313 1119 3366 ad
1133 3313 1226 3376 litium,
1241 3321 1268 3366 ct
1280 3312 1443 3366 salvabitur?
1473 3311 1509 3366 Ut
1521 3311 1592 3364 enim
1610 3317 1637 3361 ct
1649 3306 1752 3361 attendi

123 3380 191 3434 riam
206 3390 233 3434 et
243 3383 375 3446 osculum,
391 3391 418 3436 et
429 3382 628 3437 rencrationcm
646 3380 772 3434 otlcrnot.
790 3400 799 3431 ι
824 3380 857 3434 Et
870 3380 911 3434 in·
961 3380 1029 3435 coelo
1058 3382 1199 3451 relinquat,
1222 3399 1273 3436 non
1299 3382 1385 3452 potuit
1406 3383 1505 3445 dicere,
1521 3380 1542 3434 si
1566 3378 1626 3446 quis
1644 3391 1750 3430 morsus

123 3448 179 3502 lra:
200 3469 209 3499 ι
224 3449 274 3515 Qui
291 3452 364 3505 enirn
378 3453 591 3522 diligitamicum
606 3466 694 3514 suum,
710 3459 755 3503 aut
766 3464 868 3520 regem,
883 3457 911 3504 et
960 3449 1051 3513 luerit,
1066 3453 1177 3520 aspiciat
1190 3453 1326 3506 lucernam
1341 3451 1459 3516 lunriuis,
1470 3461 1497 3503 ct
1513 3447 1678 3503 salvabitur?
1701 3444 1753 3501 Aut

122 3520 207 3589 magis
232 3520 300 3575 tune
313 3532 461 3578 merentem
476 3522 532 3576 sire
555 3520 638 3575 hlium
652 3520 710 3587 ejus
730 3520 833 3583 ridens,
854 3519 911 3573 sire
960 3520 1072 3587 aspiciat
1084 3523 1118 3574 ad
1135 3536 1254 3576 inensam
1268 3521 1457 3590 propositionis
1469 3528 1623 3574 sauctorum
1638 3531 1749 3586 panum,

124 3588 236 3657 virgam,
249 3591 304 3645 sire
315 3592 415 3656 sedem,
429 3593 485 3645 sire
497 3607 636 3654 coronam,
651 3592 706 3644 sire
721 3590 839 3652 domum,
854 3589 911 3643 sire
960 3598 987 3643 et
998 3589 1161 3645 salvabitur?
1190 3591 1244 3644 Aut
1258 3591 1292 3645 ad
1307 3591 1400 3654 altare,
1422 3599 1467 3643 aut
1483 3590 1516 3644 ad
1537 3588 1636 3650 relum,
1658 3595 1704 3640 aut
1723 3585 1751 3639 in

122 3672 229 3713 serrum
242 3668 335 3715 tenens
351 3663 488 3717 osculatur
499 3674 526 3716 et
539 3663 652 3716 honorat
672 3675 720 3730 per
732 3661 781 3714 hos
801 3659 911 3712 beneia-
960 3674 1062 3724 arcam,
1080 3670 1127 3715 ant
1138 3661 1164 3714 in
1184 3660 1330 3746 imaginem
1342 3660 1482 3723 cherubin,
1511 3667 1558 3713 aut
1575 3659 1602 3712 in
1617 3655 1750 3726 propitia-

122 3736 234 3793 ctorem,
248 3732 465 3802 etmagishcnm.
486 3731 598 3799 Quarrdo
610 3731 681 3785 enim
693 3730 768 3784 rides
779 3728 911 3783 Christia—
950 3725 1069 3795 'torium,
1084 3730 1205 3785 sednibil
1221 3730 1315 3783 borum
1327 3730 1359 3782 ad
1380 3728 1496 3783 medium
1510 3728 1621 3782 adduxit
1643 3725 1750 3794 legisla-

122 3813 172 3852 nus
182 3800 326 3855 adorantes
341 3818 459 3867 caroeem,
480 3816 622 3872 cognosce,
639 3801 766 3868 quomam
780 3797 910 3854 crucillro
960 3806 1003 3852 tor
1014 3814 1136 3868 magnos,
1155 3800 1293 3854 scdsolam
1308 3801 1365 3853 ιιι-ιι
1376 3799 1464 3854 crucis
1474 3798 1630 3868 imaginem,
1643 3804 1670 3851 et
1680 3796 1751 3849 hanc

121 3867 231 3922 Christo
241 3870 424 3926 adorationem
440 3872 579 3942 proterunt
589 3880 616 3924 et
630 3887 682 3924 nou
694 3870 775 3939 ligno.
804 3868 871 3921 h'am
887 3869 910 3923 si
959 3882 1007 3990 per
1022 3869 1192 3924 nralmlietum
1207 3878 1369 3939 serpentem.
1392 3869 1440 3923 llic
1453 3870 1518 3923 urihi
1530 3877 1559 3922 ut
1570 3864 1749 3921 hrlelisiamu·

122 3947 246 3991 naturam
260 3938 323 4008 ligni
340 3944 458 3996 venerati
471 3949 571 4004 esseut,
585 3941 695 3994 omuino
707 3948 735 3993 et
752 3940 871 4002 arborea,
883 3947 910 3993 ct
972 3954 1012 4002 us,
1032 3941 1103 4008 quod
1119 3940 1257 3994 interdicis
1270 3938 1345 4003 iacis,
1371 3939 1442 4006 orrod
1457 3937 1642 3999 alneunntias,
1661 3934 1747 3989 aedili-

121 4021 233 4061 nemora
249 4010 401 4075 adorarent,
422 4013 491 4066 sicut
506 4020 533 4063 et
546 4019 574 4063 tu
588 4009 732 4077 aliquando
749 4007 831 4062 lsrael
849 4009 911 4063 ado
960 4024 1016 4073 cas,
1031 4009 1077 4089 qui
1088 4009 1165 4069 dicis.
1174 4009 1200 4062 ll'
1203 4027 1235 4062 on
1244 4010 1324 4079 socier
1333 4007 1450 4079 sculptile
1461 4018 1484 4061 ct
1493 4005 1677 4078 [risiletllrod.
1690 4003 1748 4074 rx),

122 4077 201 4131 rabas
218 4077 309 4133 dicens
330 4083 420 4134 arbori
440 4082 550 4148 etligoo
568 4094 575 4132 ε
593 4077 631 4131 l'n
655 4081 754 4132 mihies
784 4078 862 4143 Drica,
885 4087 910 4131 et
960 4078 1240 4148 sculprsserpentcm?
1278 4077 1331 4135 Sed
1352 4078 1397 4131 illa
1415 4079 1521 4146 quidem
1542 4078 1599 4145 lege
1611 4075 1697 4145 posui,
1719 4081 1750 4127 ut

122 4156 151 4198 tn
174 4162 214 4198 me
237 4150 348 4215 genuisti
366 4151 474 4218 (icrcru.
492 4158 532 4221 u).
565 4150 635 4218 Ergo
656 4166 707 4203 non
733 4150 772 4202 sic
796 4148 910 4203 dicinurs
961 4149 1087 4203 materias
1111 4149 1265 4204 abscindam
1291 4147 1445 4218 trnptctatts,
1477 4155 1504 4202 ct
1523 4147 1650 4216 populum
1678 4146 1750 4198 htrne

122 4215 596 4288 cruci,nequetigorissauctorum,
620 4219 748 4272 diinostri
771 4219 910 4283 ratisbon
960 4233 1053 4271 eruant
1081 4219 1154 4273 omni
1179 4218 1309 4274 idolorum
1329 4218 1444 4274 cultura.
1491 4216 1566 4270 Nunc
1594 4226 1681 4268 arurnr
1710 4211 1750 4268 el·

121 4285 193 4340 enirn
205 4297 267 4340 sunt
279 4286 315 4341 dii
332 4291 427 4356 nostri,
456 4291 503 4344 scd
525 4288 715 4343 similitudines
729 4297 755 4342 et
779 4289 910 4357 imagines

121 4352 232 4419 Christi,
244 4365 269 4411 et
278 4367 431 4414 sanctorum
451 4358 517 4428 ejus,
530 4357 600 4412 etad
614 4358 772 4412 meumriam
789 4366 817 4411 et
826 4358 910 4412 tronu-

122 4439 188 4488 rem,
205 4435 232 4480 et
248 4427 372 4482 decorem
383 4429 556 4484 ecclesiarum
567 4426 746 4497 adjacentium
756 4436 784 4483 et
796 4429 910 4483 adorau-

961 4285 1043 4368 luodo
1058 4298 1220 4359 serpentem,
1241 4297 1269 4343 ut
1281 4288 1449 4358 praefigurem
1464 4287 1609 4357 imaginem
1624 4285 1748 4340 Salvato-

961 4367 1160 4483 nsl⁹tclll⁰salrrcti
1176 4425 1315 4493 Augustini
1334 4427 1367 4481 ad
1384 4427 1544 4487 Dulichium,
1559 4426 1587 4479 in
1601 4422 1764 4494 quaestione·

123 4494 200 4548 tium.
238 4496 369 4562 Quietum
392 4501 506 4554 horrorat
517 4506 672 4568 martyrem,
689 4498 772 4552 Deum
784 4499 906 4559 honorat,
925 4493 987 4561 htt,
1006 4499 1039 4553 de
1051 4497 1183 4552 Samuelis
1197 4497 1329 4567 imagine:
1347 4515 1356 4547 ι
1376 4498 1470 4552 Solent
1482 4498 1552 4551 enim
1567 4498 1593 4551 io
1606 4492 1750 4562 scriptoris

120 4565 207 4633 etqui
223 4574 337 4620 matrem
351 4567 408 4635 ejus
419 4571 543 4634 borrerat,
558 4568 608 4637 ipsi
619 4567 811 4623 licolronorem
819 4567 905 4627 ollert,

121 4641 148 4685 ct
166 4634 211 4703 qai
237 4637 382 4704 apostolum
405 4639 527 4706 honorat,
555 4639 600 4708 qui
628 4638 696 4692 irrisit
715 4655 773 4693 eunt
798 4638 908 4692 honoret

122 4699 229 4769 (llnttb.
244 4705 283 4776 x),
294 4715 346 4762 elc-
363 4728 372 4759 ι

156 4771 222 4826 ltem
233 4775 305 4829 beati
334 4776 488 4849 Augustini,
516 4778 550 4832 de
564 4792 596 4831 eo
610 4779 681 4846 qtrod
699 4777 821 4847 apparuit
837 4777 909 4832 heus

121 4839 217 4922 lloysi,
242 4847 312 4900 etde
325 4847 398 4916 virga
411 4857 438 4902 et
455 4864 535 4902 nnana
551 4846 669 4903 colorata
691 4856 718 4900 et
730 4863 799 4917 aqua
811 4848 837 4900 in
846 4863 909 4901 san·

120 4926 238 4981 guinem,
254 4923 280 4969 et
294 4917 482 4985 postqumdam
498 4918 654 4985 interposita
667 4915 818 4983 subjunxit:
838 4916 909 4970 ‹Sic-

120 4989 150 5033 ιιι
175 4979 279 5052 Mogses
301 4986 424 5040 exaltarit
440 5001 581 5056 serpentem
596 4988 624 5039 in
635 5002 731 5051 eremo,
747 4987 784 5039 ltu
797 4986 908 5040 eaoltnra'

121 5059 220 5119 oportet
232 5051 333 5108 Filium
345 5056 468 5120 horninis,
486 5065 513 5108 nt
536 5057 619 5110 orrtnir
632 5057 675 5126 otti
699 5055 780 5109 credit
801 5057 828 5109 in
850 5072 909 5109 cum

121 5134 173 5173 non
184 5131 279 5190 pereat,
292 5125 337 5178 scd
346 5125 438 5179 haheat
452 5128 670 5188 climactericas,
684 5126 734 5179 hoc
744 5133 786 5178 est
796 5126 909 5194 qtrieun-

120 5202 174 5256 que
185 5205 330 5272 percussus
340 5195 421 5248 tuerit
431 5210 445 5249 a
456 5195 625 5264 serpentibus
636 5203 817 5262 peecatorum,
831 5193 909 5248 Chri-

120 5267 192 5312 stum
205 5270 351 5330 mtueatur,
365 5272 393 5319 et
403 5265 513 5320 habebit
522 5265 665 5319 sanitatem
677 5264 704 5318 iu
720 5265 908 5320 remissionem

120 5339 331 5398 peccatorum.»

155 5398 220 5481 itero
229 5401 347 5470 ejusdem
355 5406 439 5459 saneti
447 5404 588 5475 Augustini
600 5402 816 5474 superloaonem
825 5420 908 5459 eran-

119 5469 253 5536 gehstam,
280 5471 313 5527 de
328 5474 421 5528 eodem
441 5490 565 5530 sermono
577 5475 685 5528 bomilia
708 5475 779 5529 inter
792 5474 906 5529 catera:

123 5536 254 5593 ‹lnterim
263 5543 352 5609 modo,
368 5542 476 5610 iratres,
489 5554 518 5599 ut
531 5561 545 5599 a
560 5552 669 5613 peccato
679 5560 815 5610 sanemur,
826 5544 908 5599 Chri-

121 5615 192 5661 stum
203 5612 360 5666 erueisrxnm
382 5613 543 5679 intueamur,
559 5615 621 5685 quia
639 5616 705 5668 sicut
722 5615 824 5685 Mogses
836 5615 909 5669 caal-

121 5678 184 5731 tarit
203 5693 346 5749 serpentem
360 5684 386 5736 in
399 5699 493 5748 errato,
508 5685 545 5738 ito
567 5682 678 5739 exultari
693 5694 790 5754 oportet
808 5683 908 5740 Filium

121 5746 232 5805 tremitur
248 5750 338 5814 (toan.
352 5751 404 5824 nr).
435 5753 491 5810 lloc
501 5754 573 5810 euim
588 5754 700 5809 interest
712 5756 784 5810 inter
795 5754 907 5827 hgroam

960 4566 1090 4637 imagines
1101 4583 1193 4622 carum
1206 4583 1295 4620 rerum
1313 4567 1466 4621 nourinibus
1475 4566 1613 4636 appellari,
1635 4577 1748 4633 quarrrm

958 4636 1088 4706 imagines
1098 4645 1170 4703 sunt,
1191 4637 1262 4690 sicut
1274 4639 1362 4692 ornnia
1377 4652 1437 4705 qum
1447 4639 1593 4706 pinguntur
1603 4644 1630 4690 at
1650 4649 1683 4688 ue
1697 4631 1749 4686 lin-

958 4716 1057 4775 guntur
1071 4724 1105 4764 ex
1115 4707 1204 4775 aliqua
1216 4708 1327 4761 materie
1340 4707 1451 4773 mctalli,
1467 4706 1599 4777 aut'ligni,
1612 4650 1749 4783 rsscujns·

958 4793 1064 4846 cunque
1079 4779 1118 4833 rei
1132 4786 1201 4847 aptae
1212 4775 1245 4830 ad
1261 4792 1341 4846 opera
1356 4776 1518 4845 lmjusrnodi,
1543 4790 1601 4844 truce
1614 4776 1695 4829 etiam
1708 4788 1749 4829 rt-

958 4847 1056 4901 dentur
1068 4848 1093 4902 in
1105 4847 1216 4910 somnis,
1237 4856 1265 4900 et
1278 4861 1372 4900 ornrres
1386 4845 1442 4900 tere
1455 4845 1585 4914 imagines
1598 4858 1690 4897 carum
1706 4855 1749 4898 re,-

958 4931 1017 4970 rum
1028 4933 1141 4985 (guarum
1152 4917 1348 4985 imagiocssrmt
1356 4915 1482 4983 appellari
1489 4910 1752 4968 nominihussdlcnt..

958 4985 1102 5051 Quisenim
1117 4994 1168 5048 cst,
1190 4985 1235 5053 qui
1254 4985 1389 5038 hominem
1402 4984 1502 5065 pictum
1520 4983 1624 5037 dubitet
1649 4993 1747 5039 rocam

959 5056 1112 5110 hominem?
1125 5053 1340 5123 qnandoquidem
1352 5060 1377 5106 ct
1388 5053 1553 5120 singulorum
1577 5061 1746 5128 quorumque

958 5126 1088 5192 picturam
1103 5139 1164 5178 cnm
1177 5122 1332 5191 aspicimus,
1347 5123 1454 5191 propria
1467 5135 1573 5204 quoque
1584 5119 1691 5174 nornina
1704 5132 1746 5170 ut·

958 5201 1114 5248 cunctanter
1132 5192 1298 5255 adhibemus,
1324 5192 1395 5246 relut
1407 5207 1468 5246 eum
1479 5197 1614 5246 mtuentes
1627 5186 1746 5243 tabulam

958 5273 1004 5317 aut
1017 5264 1143 5332 parictem
1156 5263 1279 5327 dicimus,
1300 5261 1343 5315 ille
1357 5262 1451 5316 Cicero
1470 5268 1521 5325 est,
1540 5258 1586 5313 ille
1600 5256 1744 5321 Salustius,

958 5335 1003 5388 ille
1015 5333 1140 5395 Achilles,
1168 5332 1214 5386 ille
1227 5332 1334 5395 llcctor,
1354 5332 1406 5385 boc
1431 5331 1529 5384 tlonren
1550 5328 1676 5400 Symois,
1699 5325 1745 5380 illa

958 5404 1054 5458 ltoma.
1084 5403 1150 5457 Cum
1166 5401 1238 5456 aliud
1250 5401 1315 5456 nibil
1332 5401 1400 5461 sint,
1417 5416 1495 5469 quam
1510 5401 1588 5470 pictae
1602 5398 1745 5469 imagines,

958 5475 1028 5529 unde
1048 5473 1187 5529 cherubim
1203 5477 1265 5527 c'um
1283 5472 1337 5526 sint
1355 5471 1460 5543 coetitus
1483 5478 1639 5540 potestates,
1666 5467 1745 5523 iactae

959 5553 1047 5598 tamen
1063 5560 1096 5599 ex
1111 5543 1229 5608 metallo,
1257 5542 1328 5610 quod
1345 5541 1485 5610 imperarit
1501 5541 1581 5606 Deus,
1603 5554 1684 5622 super
1698 5550 1744 5590 ar-

958 5631 1016 5670 cam
1029 5614 1181 5670 testamenti
1198 5627 1301 5692 magnac
1319 5612 1357 5665 rei
1372 5609 1553 5681 significandae
1573 5620 1669 5682 graba,
1689 5619 1743 5660 non

958 5684 1029 5738 aliud
1044 5698 1123 5752 quam
1141 5682 1280 5737 eberubrm
1293 5680 1338 5735 itta
1357 5696 1464 5752 quoque
1483 5680 1610 5752 figmenta
1624 5678 1738 5738 roeitan:

958 5766 1011 5810 tur.
1048 5754 1112 5809 ttcm
1130 5751 1251 5824 quisquis
1264 5750 1334 5807 ridet
1356 5749 1500 5818 somnium,
1519 5765 1572 5807 non
1591 5750 1665 5811 dicit.
1689 5739 1749 5809 rtctt
