3780 6120
88 5876 103 5906 'b

121 272 175 331 Stb
568 273 598 329 B.
618 272 744 330 cattott
763 269 965 328 tractuum.
985 270 1074 326 PARS
1093 271 1123 326 ll.
1146 270 1300 329 stertet.
1695 275 1760 336 ,eto

120 395 210 459 potcst
222 384 302 452 scire,
316 383 362 455 qul
375 383 443 440 nibil
455 385 525 440 ralct
536 385 700 456 intelligere?
713 383 772 440 ism
786 385 872 454 pietas
882 390 910 437 et
924 384 947 444 d
961 384 1051 439 roticis
1064 385 1175 452 scilicet,
1195 386 1257 442 ildei
1273 395 1351 444 scum
1368 404 1400 445 ac
1414 390 1488 447 verbi
1503 391 1550 447 bct
1564 391 1656 458 eladio
1668 409 1761 451 arma—

121 479 203 534 tlmor
220 477 268 533 liei
288 491 341 546 qna
359 484 418 530 arte
434 477 485 532 sibi
502 476 625 546 copulata
643 479 711 541 sint,
731 477 776 546 qui
793 477 911 545 seipsum
963 479 1007 527 tus
1022 473 1150 529 resistere
1162 474 1261 540 studet,
1282 485 1309 532 et
1322 488 1417 534 contra
1430 481 1495 536 vitia
1517 482 1618 550 quibus
1632 495 1760 553 suggestu

120 569 243 639 explorat
260 567 340 623 lacilo
359 567 518 638 cognoscit:
539 568 602 637 quia
619 581 699 622 nemo
714 568 775 638 pius
789 575 841 631 cst,
859 567 912 622 nisi
960 561 1061 619 diaboli
1077 564 1135 620 baec
1154 567 1276 623 mortalis
1293 568 1346 622 rita
1360 569 1480 639 quotidie
1498 572 1662 639 maculatur,
1683 577 1761 644 quasi

119 662 167 731 qul
185 658 317 731 judicium
336 659 385 714 liei
405 657 537 724 timendo,
562 659 589 713 iu
608 673 638 713 se
659 659 780 728 pecmmi
800 657 913 715 dimittit
962 662 1056 711 contra
1075 654 1460 726 inimicijacolaiortitudinls
1477 661 1693 719 annotandum
1707 666 1763 736 spi·

120 754 256 824 proximo.
963 744 1046 802 ritum
1067 745 1186 801 scientim
1210 744 1346 816 possidet,
1365 750 1489 818 quisquis
1509 751 1638 808 dominici
1659 767 1763 808 memor

157 843 220 898 llcc
237 850 339 911 septem
357 842 442 896 sancti
461 840 576 909 Spiritus
592 838 663 895 dona
680 839 749 894 sicut
766 838 793 893 in
811 837 914 894 sanctis
962 835 1088 903 precepti
1106 834 1306 904 simplicitatem
1324 836 1455 895 cobumbe
1468 848 1495 894 et
1513 842 1687 910 prudentiam
1705 857 1764 898 ser·

119 932 247 988 Patribus
260 932 343 987 luisse
356 932 469 1002 singula,
483 930 563 985 sicin
573 928 684 985 Christo
692 928 808 984 adunata
822 927 913 984 omnia
963 925 1053 997 pontis
1063 926 1157 981 babet:
1172 927 1271 996 quique
1284 928 1355 982 inter
1366 930 1517 985 consimilia
1531 930 1693 1000 dijudicans,
1711 935 1764 989 scit

120 1039 175 1080 non
195 1031 237 1078 est
253 1023 361 1078 mirum.
384 1020 453 1089 Quid
477 1021 549 1081 enim
573 1021 611 1075 illi
636 1036 668 1076 ex
691 1021 815 1075 omuibus
836 1020 915 1078 bouis
964 1015 1108 1084 reprobare
1119 1015 1229 1080 malum,
1240 1025 1268 1071 ct
1278 1018 1375 1088 eligere
1385 1018 1496 1074 δοιιιιιιι.
1510 1019 1587 1090 Smpe
1598 1024 1670 1099 enim
1682 1024 1762 1079 mista

120 1115 214 1170 deesse
225 1114 322 1183 potuit,
339 1113 384 1182 qui
397 1112 488 1168 omniu
501 1113 570 1168 bona
583 1112 663 1166 simul
672 1127 733 1167 cunt
748 1112 828 1166 Patre
837 1125 915 1167 orca·
964 1105 1043 1162 bonis
1057 1106 1126 1164 mala
1146 1107 1330 1175 inveniuntur,
1343 1123 1402 1177 qutc
1420 1108 1472 1164 nisi
1491 1110 1604 1165 scientia
1618 1110 1764 1167 dilitculter

120 1204 180 1257 uit?
202 1201 326 1273 Numquid
347 1218 474 1274 magnum
492 1210 534 1257 est
551 1203 573 1259 si
589 1203 647 1258 bmc
665 1203 692 1257 in
712 1202 821 1258 Christo
839 1217 916 1256 marn-
965 1196 1164 1256 discernuntur.
1186 1197 1316 1269 Spiritum
1328 1214 1391 1254 vcro
1403 1199 1513 1268 pietatis
1537 1199 1574 1254 illi
1590 1200 1679 1256 inesse
1696 1201 1762 1257 dici·

120 1292 328 1355 sisscdicantur,
341 1293 367 1346 in
377 1308 429 1361 quo
440 1293 529 1351 omnis
540 1293 676 1363 plenitudo
688 1293 916 1348 diuinitatisinba·
967 1301 1036 1352 mus,
1056 1287 1102 1356 qui
1113 1286 1247 1344 dominica
1261 1297 1394 1358 precepta
1407 1304 1462 1345 non
1472 1290 1582 1355 oblitus,
1597 1290 1624 1344 in
1637 1305 1667 1346 sc
1678 1291 1764 1346 deliu-

118 1379 208 1435 bitarc
219 1380 409 1450 cognoscitur?
421 1380 546 1449 Numquid
558 1397 684 1452 magnum
699 1390 750 1448 est,
765 1380 916 1452 sieaquasi
966 1379 1059 1450 quenti
1084 1377 1196 1434 dimittit
1216 1380 1339 1449 proximo
1361 1394 1369 1433 t
1392 1387 1419 1433 et
1439 1394 1493 1436 nott
1512 1387 1617 1435 tontum
1638 1380 1666 1435 in
1684 1381 1762 1449 alios,

120 1485 171 1542 pro
187 1484 298 1523 intruere
312 1469 432 1527 ascribas
447 1469 574 1535 Domino,
588 1486 648 1540 que
666 1471 810 1542 diligenter
824 1478 916 1531 consi·
966 1470 1116 1526 sedetiam
1138 1468 1165 1523 in
1185 1469 1358 1539 semetipsum
1374 1468 1476 1538 iustam
1495 1479 1604 1526 exercet
1619 1470 1763 1539 pietatem,

120 1560 220 1616 derans
238 1558 358 1617 inuenies
370 1559 399 1622 in¹
413 1574 492 1619 seruo
502 1559 514 1614 ?
525 1560 649 1631 Nunquitl
662 1562 704 1618 his
718 1571 823 1621 tautum
839 1566 917 1622 donis
967 1562 1028 1631 quia
1042 1560 1143 1630 probus
1159 1559 1273 1629 quisquc
1283 1575 1379 1615 carere
1392 1559 1483 1627 debet,
1496 1576 1531 1614 ne
1541 1560 1604 1615 dum
1621 1576 1671 1616 suo
1688 1561 1763 1618 delti-

120 1659 212 1722 potcst
226 1650 366 1707 sublimari
380 1651 521 1718 Dominus,
533 1653 630 1723 quibus
641 1670 738 1712 carens
750 1673 804 1714 non
816 1667 858 1715 est
869 1659 918 1715 bo
968 1653 1020 1707 tori
1032 1651 1190 1708 dimittendo
1200 1651 1300 1707 malurn
1311 1652 1403 1706 existit
1413 1653 1484 1722 pius,
1500 1667 1549 1711 sua
1557 1670 1611 1708 non
1623 1653 1764 1711 tribuendo

121 1759 174 1800 uus
193 1744 307 1799 servus?
318 1744 397 1801 dbstt
411 1753 440 1800 ut
454 1746 497 1805 lu‘s
509 1754 613 1806 motum
632 1748 746 1820 gloriam
767 1746 824 1819 ejus
841 1749 917 1806 dica-
933 1744 996 1809 Bia
1017 1743 1161 1812 semetipso
1180 1742 1280 1797 existat
1296 1742 1405 1811 impius.
1425 1741 1529 1813 Spiritu
1547 1751 1638 1798 antem
1660 1744 1765 1799 timoris

33 1867 45 1898 ¹-
122 1849 182 1888 mus
191 1842 415 1902 consummatam,
427 1835 504 1911 cujus
513 1839 739 1908 magnificentiam
750 1854 830 1911 supra
842 1855 922 1896 omne
973 1832 1079 1890 Domini
1098 1832 1172 1888 illum
1188 1832 1503 1903 dicintusadimplctum,
1519 1832 1765 1904 quijudiciumitei

121 1925 194 1995 quod
214 1926 314 1985 dicitur
329 1936 374 1982 ant
387 1928 557 1994 tuorniuatur,
584 1930 640 1985 sire
661 1930 688 1988 in
710 1930 793 1997 ccli),
816 1930 873 1989 siro
893 1931 922 1986 iu
973 1928 1083 1991 timens,
1091 1942 1146 1982 non
1157 1934 1213 1982 tam
1224 1924 1403 1981 delectatione
1420 1927 1496 1997 regni
1515 1926 1635 1982 coelestis
1646 1928 1716 1985 bona
1728 1927 1765 1982 ia·

123 2023 197 2071 terra
208 2016 344 2080 credimus
358 2018 524 2073 sublevatam
534 2018 546 2072 i
558 2017 649 2089 Neque
658 2019 730 2078 cuitu
744 2033 840 2077 seusus
852 2035 923 2078 com-
972 2034 1035 2079 cere
1047 2019 1153 2085 studet,
1168 2034 1249 2088 quam
1264 2018 1360 2073 timore
1379 2019 1507 2089 gehennoe
1522 2018 1591 2072 mala
1609 2028 1766 2088 perpetrare

122 2108 302 2183 prehendere,
312 2117 359 2164 aut
372 2124 464 2166 sermo
472 2110 571 2180 poterit
584 2109 729 2181 explicare,
745 2126 805 2180 qum
815 2119 841 2166 ct
853 2127 921 2181 qua-
972 2130 1027 2172 non
1044 2111 1145 2169 audet:
1161 2122 1188 2166 et
1206 2110 1245 2169 sic
1264 2109 1362 2180 gaudet
1380 2111 1413 2165 dc
1432 2111 1610 2180 promissione
1630 2119 1766 2180 perpetum

123 2200 171 2265 lia,
186 2200 227 2255 rcl
241 2209 343 2270 quanta
356 2201 411 2257 siut
422 2217 483 2272 quae
498 2200 557 2270 ejus
568 2201 684 2260 dclteaut
701 2203 799 2258 ascribi
817 2203 920 2274 gloriae,
972 2206 1046 2271 vitm,
1064 2212 1094 2258 ut
1108 2202 1162 2258 non
1175 2202 1266 2260 miuus
1279 2202 1373 2256 timeat
1385 2201 1416 2256 de
1431 2201 1561 2271 supplicio
1576 2202 1766 2270 pereuoispos·

123 2290 244 2358 quicum
259 2290 339 2350 Patre
355 2298 384 2352 et
397 2288 498 2364 Spiritu
513 2297 609 2344 sancto
622 2289 687 2349 tivit
700 2298 728 2345 ct
741 2300 835 2362 regnat
852 2292 922 2347 Deus
972 2311 1025 2363 nm,
1042 2303 1124 2364 atque
1139 2295 1191 2349 boc
1205 2293 1304 2364 spiritu
1330 2300 1506 2364 compunctus
1520 2292 1642 2347 devertat
1656 2307 1671 2346 a
1685 2291 1765 2358 mab,

123 2381 183 2438 sine
197 2379 259 2438 llue.
273 2379 326 2436 Sed
341 2379 401 2436 ideo
415 2381 472 2436 bmc
484 2389 512 2437 et
526 2381 553 2438 itt
572 2380 698 2438 Patribus
717 2382 832 2454 singula,
854 2391 882 2438 ct
894 2383 922 2438 in
972 2396 1000 2444 et
1012 2386 1094 2443 iaciat
1106 2387 1216 2442 bonum.

123 2471 233 2530 Christo
245 2471 329 2532 simul
340 2471 430 2527 omnia
444 2488 496 2527 nou
509 2472 648 2538 miramur,
668 2473 730 2543 quia
746 2472 921 2545 indiscipulis
1008 2478 1085 2534 llunc
1107 2484 1230 2532 sanctum
1248 2474 1413 2544 septiformis
1428 2473 1522 2544 gratio
1539 2472 1675 2543 Spiritum
1693 2481 1721 2529 et
1740 2473 1766 2529 itt

123 2565 184 2636 ejus
197 2580 245 2639 per
265 2565 386 2638 singulos
403 2566 508 2639 singula
526 2570 688 2641 computari,
702 2577 730 2624 et
744 2569 771 2624 in
789 2570 870 2626 Petro
883 2570 921 2626 si·
972 2572 1098 2628 Patribus
1108 2578 1136 2626 et
1151 2570 1178 2625 in
1191 2568 1322 2638 apostolis.
1331 2567 1427 2629 luisse,
1438 2574 1465 2620 et
1478 2581 1549 2620 nunc
1562 2565 1588 2620 in
1601 2574 1702 2622 sancto
1715 2581 1767 2621 ma·

116 2659 182 2743 'mot
202 2658 296 2720 omna
316 2666 431 2730 possum
449 2659 574 2719 inueniri..
600 2659 758 2737 Quanquam
778 2660 872 2716 eadem
893 2660 922 2716 iu
972 2663 1024 2719 tris
1044 2661 1172 2717 Ecdestae
1191 2660 1276 2724 lilios,
1290 2659 1340 2730 qui
1355 2658 1383 2713 ἰιι
1403 2656 1512 2714 Cbristo
1524 2657 1645 2725 quotidie
1660 2658 1687 2711 in
1702 2673 1766 2728 auq-

124 2749 235 2808 Cbristo
254 2749 333 2822 longe
351 2750 432 2812 aliter
447 2767 529 2822 quam
546 2751 577 2807 in
593 2753 700 2809 ceteris
719 2752 822 2809 sanctis
839 2752 923 2808 luisse
972 2760 1093 2810 mentum
1114 2750 1203 2822 populi
1219 2751 1261 2806 sui
1276 2749 1571 2815 renascuntur,dit·ino
1586 2762 1699 2803 munere
1712 2763 1768 2803 cre·

125 2839 261 2901 credenda
274 2839 339 2904 sint.
359 2839 427 2895 Nam
441 2850 596 2897 sanctorum
615 2843 711 2912 cuique
729 2859 779 2914 pro
793 2843 923 2899 varietate
971 2845 1061 2900 dimus
1074 2842 1209 2913 inspirai.
1224 2839 1254 2896 lu
1267 2840 1375 2896 Cbristo
1388 2857 1464 2906 vero,
1476 2850 1504 2897 ut
1515 2842 1701 2912 prediximus,
1712 2842 1768 2897 bec

126 2928 295 2989 voluntatum
307 2929 404 2997 quilius
418 2929 549 3001 fragilitas
561 2928 677 2990 harnaoa
691 2941 923 2999 monterotundo
972 2933 1036 2994 taba
1055 2948 1108 2988 uon
1124 2931 1268 3005 mirantur,
1295 2929 1370 2999 cujus
1385 2931 1592 2989 immensitatem
1613 2932 1707 3004 proris
1722 2931 1768 2986 bu·

127 3015 188 3082 boc,
202 3032 274 3072 nurtc
287 3017 466 3078 illuddonum
476 3018 630 3081 accedendo
646 3020 689 3077 tel
707 3021 858 3077 recedendo
875 3031 923 3077 aut
972 3041 1053 3084 mana
1067 3038 1143 3080 mens
1159 3038 1213 3077 uon
1232 3022 1304 3077 valet
1321 3037 1464 3078 enarrare.
1481 3022 1545 3091 Qme
1566 3025 1638 3081 dona
1655 3023 1768 3094 qualiter

127 3108 236 3173 siesse.
249 3109 399 3169 autabcsse
414 3111 604 3179 cognoscitur:
618 3109 727 3168 Christo
739 3127 813 3178 vcro,
827 3113 874 3182 qui
884 3109 961 3172 ostC
976 3119 1005 3175 in
1020 3117 1065 3174 illo
1078 3116 1142 3180 sint,
1156 3129 1210 3185 quo
1220 3113 1292 3169 nullo
1306 3114 1386 3169 modo
1398 3115 1531 3185 explicare
1544 3117 1675 3183 ualemus,
1688 3119 1767 3171 restat

127 3198 178 3256 1)θί
189 3199 275 3261 virttis
296 3208 324 3258 et
347 3198 395 3255 bct
418 3202 562 3277 sapientia,
582 3211 679 3259 cuncta
699 3203 785 3261 sancti
807 3202 924 3275 Spiritus
974 3218 1006 3268 ttt
1020 3207 1098 3264 nobis
1111 3204 1263 3260 cadonanti
1274 3205 1366 3259 laudes
1377 3203 1516 3260 dicamus:

128 3290 293 3349 charismata
304 3291 387 3349 serrtel
401 3291 725 3361 veniendoaecosssrunt,
735 3301 763 3351 et
777 3293 805 3350 in
815 3307 848 3350 eo
859 3309 926 3354 ntur·
1037 3318 1143 3373 cbristo,
1155 3311 1224 3366 satus
1236 3313 1330 3374 munli,
1342 3282 1481 3364 mortuum
1494 3315 1571 3378 gloria
1583 3329 1685 3378 perna,

128 3398 210 3453 quam
224 3384 373 3440 recedenda
389 3394 607 3455 perinansppqpt,
1068 3380 1105 3433 Slt
1117 3380 1161 3428 tibi
1174 3378 1227 3426 laus
1238 3386 1264 3427 et
1275 3379 1352 3426 lrortor
1363 3391 1463 3440 seittper
1475 3380 1500 3428 ln
1513 3390 1572 3427 arce
1587 3377 1647 3442 poli.

166 3474 220 3531 Sed
234 3476 297 3552 quial
312 3476 371 3538 lucc
381 3477 415 3532 de
430 3478 591 3547 patriarchis
608 3487 636 3535 et
650 3459 780 3549 apostolis
793 3480 927 3540 dicimus?
1108 3483 1175 3539 lters
1188 3482 1319 3554 depretia
1332 3482 1491 3552 septiformis
1510 3479 1637 3551 Spiritus.

129 3581 192 3627 curu
211 3583 298 3636 noque
313 3584 385 3631 manc
402 3568 575 3632 diffidendum
591 3571 629 3631 sit
643 3572 734 3642 plures
752 3573 873 3643 quotidie
885 3573 927 3632 io·
1012 3575 1129 3646 Spiritus
1146 3573 1284 3644 sapientiae
1301 3570 1352 3627 luit
1374 3573 1401 3626 in
1422 3572 1517 3636 Petro,
1544 3571 1654 3640 quando
1671 3569 1768 3629 relictis

129 3671 173 3719 trit
187 3670 288 3725 storto
299 3663 533 3727 tnurisEoctosia
544 3664 633 3724 siuum
651 3680 730 3736 posse
745 3666 867 3736 reperiri,
879 3664 926 3736 qul
977 3671 1080 3726 retibus
1100 3675 1128 3721 et
1147 3664 1209 3724 nari
1225 3672 1333 3719 secutus
1350 3671 1391 3718 cst
1406 3662 1559 3716 bominum.
1580 3660 1712 3731 Spiritum
1729 3661 1768 3716 in·

128 3753 174 3809 uel
192 3754 373 3824 situqurlisrcl
385 3756 508 3831 pluribus
523 3757 611 3817 sancti
630 3757 747 3829 Spiritus
773 3758 852 3815 donis
871 3759 926 3815 sint
978 3762 1100 3818 tellectns
1114 3757 1209 3816 imbuit
1222 3755 1343 3826 quando,
1358 3755 1472 3812 llomino
1486 3755 1672 3824 interrogante
1693 3769 1768 3824 mem

129 3845 219 3907 ditati.
233 3847 324 3908 terat
334 3849 407 3904 cuim
420 3857 463 3908 ost
477 3850 524 3919 qui
547 3850 576 3905 in
588 3865 617 3906 sc
637 3850 833 3907 confidentibus
856 3865 927 3921 prc-
977 3850 1100 3908 bomincs
1111 3860 1171 3903 esse
1182 3845 1302 3901 dicerent
1320 3843 1416 3898 Filium
1430 3843 1563 3908 lamminis,
1578 3841 1718 3897 Christum
1729 3841 1770 3897 rt-

128 3937 245 4000 sentimu
259 3953 336 4000 sumu
350 3954 434 4008 usquc
447 3937 480 3993 ad
493 3941 753 4002 consummationem
766 3939 928 4009 scedipro-
978 3943 1043 4001 Sum
1058 3941 1105 3997 liei
1122 3940 1176 3996 tiri
1189 3952 1249 3994 csse
1263 3944 1290 3990 et
1304 3936 1436 3991 intellexit
1447 3944 1475 3988 et
1490 3935 1639 4005 rospondit.
1657 3935 1770 4005 Spiritus

130 4030 205 4090 ttt'tsit
226 4046 280 4092 nott
296 4029 463 4096 debilitatus
479 4047 532 4101 quo
549 4038 577 4088 et
594 4032 733 4091 nobiscum
756 4038 783 4085 et
801 4030 828 4086 in
848 4030 927 4085 nobis
978 4033 1084 4090 consilii
1103 4039 1162 4086 crat
1181 4031 1208 4083 ln
1224 4029 1279 4093 illo,
1300 4027 1407 4097 quando
1427 4026 1530 4080 Simoni
1544 4026 1688 4097 pecuniam
1710 4024 1771 4081 olle·

129 4134 238 4191 terttpcr
252 4129 388 4185 monento,
404 4129 679 4190 naquaquamsancto
693 4120 857 4191 septiformis
868 4135 929 4190 gro·
979 4122 1064 4185 ronti,
1082 4121 1166 4177 sancti
1181 4118 1297 4190 Spiritus
1309 4118 1422 4188 qratiam
1437 4117 1552 4170 tendere
1567 4116 1672 4180 nolens,
1689 4116 1771 4185 ipsum

130 4211 175 4268 tioe
188 4210 292 4283 Spiritu
303 4213 466 4276 carebimus,
480 4212 525 4281 «ptri
538 4220 698 4273 cunctorum
712 4212 867 4282 largitorem
882 4213 929 4267 bc-
979 4212 1118 4269 Simonem
1130 4225 1190 4266 cuut
1204 4210 1316 4281 pecunia
1337 4223 1385 4263 sua
1400 4207 1426 4265 in
1440 4205 1619 4278 perditionem
1634 4207 1674 4261 ire
1683 4205 1770 4275 jussit.

130 4319 228 4361 norum
243 4303 378 4362 credendo
395 4313 423 4359 ct
436 4304 505 4366 bone
526 4303 648 4363 iaciettdc
662 4303 841 4372 possidemus.
863 4301 927 4373 Spi-
980 4306 1111 4378 Spiritum
1124 4305 1288 4361 fortitudinis
1301 4304 1406 4368 babuit,
1420 4303 1527 4372 quando
1546 4313 1674 4372 exempto
1686 4303 1771 4375 q'adic

24 4386 27 4390 ’
129 4394 185 4454 rito
202 4394 307 4456 etenim
321 4394 459 4467 sapientiae
481 4394 597 4465 regitur,
617 4394 662 4463 qni
682 4393 760 4448 idom
779 4400 879 4450 sanos
900 4400 928 4446 et
980 4399 1127 4456 aurionlam
1146 4397 1231 4452 blatea
1251 4395 1371 4452 abstulit.
1392 4394 1522 4465 Spiritum
1543 4395 1666 4450 scientia
1685 4409 1772 4465 parm

129 4483 276 4547 individuas
291 4483 431 4540 Trinitatis
446 4491 501 4543 tarn
516 4483 549 4538 ad
571 4485 612 4540 sui
629 4499 710 4555 quam
732 4483 847 4546 aliorum
868 4498 931 4553 itte
943 4472 969 4536 Β
981 4492 1031 4557 dit,
1045 4505 1106 4545 cum
1124 4487 1230 4544 caeteris
1242 4485 1380 4556 discipulis
1396 4486 1423 4540 in
1437 4484 1498 4540 nari
1519 4483 1710 4540 dubitantibus
1725 4485 1773 4539 lic

131 4574 236 4637 lectum.
247 4573 368 4635 ediscere
382 4575 477 4637 nititur
490 4583 520 4634 ut
533 4589 581 4644 per
601 4576 671 4636 ltarrc
689 4582 717 4630 et
731 4575 865 4635 haereticis
887 4588 929 4629 tt>-
979 4584 1082 4638 utilium
1094 4576 1300 4646 essecognotit.
1314 4574 1432 4644 Spiritus
1446 4573 1555 4644 pictatis
1568 4573 1687 4630 cumillo
1707 4577 1771 4633 crat,

129 4668 344 4732 sistcrc,etsttos
354 4667 619 4730 raicatcoulirnrare.
633 4670 762 4740 Spiritum
776 4670 929 4729 intellectus
979 4668 1087 4741 quando
1110 4667 1251 4721 Dominum
1266 4677 1407 4734 quousque
1420 4661 1494 4717 tratri
1510 4662 1538 4717 in
1552 4678 1581 4717 sc
1591 4664 1718 4734 peccanti
1736 4661 1774 4717 di·

132 4760 276 4830 timet,qui
289 4760 380 4822 disto
394 4761 661 4836 preceptaaudions,
679 4778 759 4833 qtraru
776 4762 928 4822 neccssaria
979 4763 1087 4819 mittete
1115 4757 1250 4814 debuisset
1273 4754 1456 4825 interrogavit.
1471 4752 1575 4823 Spiritu
1600 4752 1707 4809 timoris
1727 4751 1774 4805 llo

132 4853 168 4911 tit
188 4867 280 4908 eorum
303 4853 422 4924 cognitio
445 4866 526 4908 seusu
546 4854 635 4909 cordis
658 4854 785 4924 percipit,
804 4860 832 4907 ct
849 4851 927 4920 jutta
979 4854 1045 4911 utini
1057 4851 1152 4921 plenus
1164 4857 1233 4913 erat,
1246 4847 1353 4918 quando
1367 4847 1424 4902 riso
1444 4844 1557 4914 piscium
1574 4842 1706 4898 miraculo
1717 4857 1775 4896 roa·

133 4947 240 5006 ltcatum
262 4943 402 5012 iacobum,
419 4962 471 5007 ooo
485 4947 631 5004 ciliciorum
644 4947 750 5007 oreditor-
771 4948 867 5024 sortita,
882 4943 928 5001 scd
982 4947 1128 5005 sternutus,
1143 4937 1177 4993 ad
1192 4938 1333 4994 Dominum
1344 4935 1471 4992 dicebat:
1486 4935 1536 4992 Exi
1550 4950 1566 4990 a
1581 4948 1635 5001 mc,
1654 4935 1774 4996 botulus,

133 5046 260 5108 operator
272 5047 455 5103 strennuum
469 5052 529 5106 qun
543 5037 675 5097 butellexit
689 5036 827 5101 trrarrduta,
842 5034 930 5091 studet
982 5036 1046 5106 quio
1061 5035 1143 5098 honio
1157 5039 1282 5100 peccator
1296 5046 1355 5084 sum
1376 5042 1436 5100 epo.

134 5135 162 5184 ut
177 5145 191 5180 a
207 5142 236 5181 se
248 5125 313 5182 liatrt
324 5141 404 5195 uquam
416 5125 588 5196 integerrime
599 5127 742 5187 ctustodita.
757 5126 859 5196 Spiritu
869 5140 932 5182 cott-
1295 5120 1361 5183 ltem
1376 5121 1463 5176 aliter.

133 5217 187 5278 silii
201 5217 280 5289 riget,
297 5218 342 5286 qui
359 5215 386 5270 iu
402 5218 507 5278 cunctis
519 5232 579 5293 qus·
592 5231 671 5287 agere
683 5215 811 5293 disponit,
828 5233 862 5270 an
873 5215 931 5277 bico
1018 5215 1135 5287 Spiritus
1155 5212 1293 5283 sapientire
1311 5211 1360 5266 luit
1375 5213 1401 5268 in
1414 5209 1535 5273 Andrea,
1556 5206 1609 5265 tuit
1621 5216 1650 5263 et
1669 5207 1697 5264 in
1718 5205 1777 5263 liliis

135 5307 191 5369 lieo
219 5309 273 5363 sint
292 5308 424 5379 placitura
445 5309 603 5386 praecipitat
620 5327 627 5364 ι
649 5310 745 5365 tnclius
771 5310 931 5365 existimans
982 5306 1114 5371 zebedei,
1129 5303 1235 5376 quando
1256 5304 1380 5359 similiter
1393 5311 1423 5361 ut
1445 5302 1541 5357 Petnts
1554 5300 1659 5355 relictis
1678 5298 1778 5352 retibus

135 5409 195 5466 quac
208 5405 235 5452 et
247 5397 363 5467 qualiter
374 5396 477 5469 agenda
491 5406 554 5457 suut
570 5397 652 5469 prius.
661 5399 748 5460 tacite-
759 5398 931 5463 considerare
981 5397 1176 5462 sipunculi
1189 5403 1255 5456 sunt
1269 5393 1421 5453 bominum.
1436 5391 1551 5462 Spiritus
1566 5389 1720 5445 intellectus
1729 5385 1778 5440 luit

137 5499 217 5553 quant
238 5487 340 5557 aliquid
354 5489 504 5547 inconsulte
523 5490 664 5555 inchoare,
680 5489 752 5545 uude
770 5504 831 5549 eum
847 5491 934 5559 pmnl-
983 5491 1137 5554 inTbonro,
1152 5487 1260 5559 quando
1274 5485 1389 5556 palpatis
1401 5484 1557 5539 uulneribus
1570 5480 1724 5542 dominicis.
1738 5479 1778 5547 ip-

139 5578 221 5638 tentia
236 5590 316 5652 cogat
329 5585 363 5637 ab
375 5584 492 5654 incoepto
505 5584 645 5640 desistere.
660 5582 836 5638 Fortitudinis
851 5582 933 5654 spiri·
983 5599 1042 5640 sum
1062 5583 1144 5637 ὓοιιιιι
1167 5589 1195 5636 et
1210 5580 1352 5636 Dominmn
1373 5591 1451 5633 suum
1463 5583 1491 5630 et
1508 5573 1659 5639 intellexit,
1678 5580 1776 5640 etpru·

141 5681 198 5738 tun
215 5675 305 5742 lttbct,
322 5678 474 5752 quicunque
488 5679 595 5736 diabolo
610 5686 637 5735 ct
650 5677 779 5736 membris
792 5676 867 5744 eius.
880 5676 935 5738 bac
984 5675 1072 5737 tessus
1085 5679 1137 5729 cst.
1154 5672 1271 5748 Spiritus
1285 5668 1389 5728 consilii
1405 5666 1502 5730 cratin
1513 5665 1621 5729 condis
1641 5658 1780 5736 &stillim
