3780 6120
213 315 265 377 ΥΠ

657 323 687 378 Β.
707 323 832 381 cauom
852 320 960 378 rtatim
979 317 1055 379 OPl'.
1076 320 1167 377 PARS
1186 321 1206 377 l.
1228 316 1349 378 stello
1368 315 1407 375 tlt.

1794 318 1852 382 271

211 432 312 487 tientes
338 431 432 487 eatlem
457 429 586 486 ailretsus
606 440 728 486 sanctam
751 431 842 487 sedem
865 429 1005 486 tractanda
1018 439 1043 496 Α
1057 430 1104 495 ttl,
1120 430 1274 486 inconcilio
1288 429 1463 509 lateranensi
1477 445 1522 486 aa.
1538 429 1599 495 toa,
1614 429 1649 486 de
1697 434 1852 494 osatiaett

211 517 281 564 csse,
297 516 358 584 quar
372 502 399 555 in
420 500 570 570 reprobatis
587 500 874 571 constantinopolitani
893 501 1006 556 canoni-

211 573 272 636 hns,
291 572 491 627 discessenmtt
517 586 601 694 aptare
624 568 680 625 Leo
703 572 829 642 blagnus,
856 587 916 639 quae
942 579 1004 626 aeta

211 652 290 697 erant
300 650 363 696 ante
375 642 507 696 actionem
538 641 555 695 5
568 642 695 711 probans,
710 641 801 710 rejecit
815 652 922 695 caetera.
937 640 1003 695 Cum

212 728 304 768 veroa
317 711 439 781 Gregorii
455 712 486 767 lll
511 719 631 781 tempore
643 711 780 767 cresconii
802 711 923 765 collectio
944 710 1003 765 usui

210 798 271 837 esse
283 783 404 853 caeperit,
423 797 509 851 caque
521 781 666 836 Zacharias
679 792 706 836 ct
719 782 871 850 Stephanus
885 780 907 835 ll
921 780 1005 835 Fratr-

210 868 304 907 rorum
327 852 494 920 disciplinam
567 852 717 906 sumdatam
750 851 893 906 restituere
913 849 1003 905 conati

210 924 274 987 sint,
287 936 319 977 ac
332 922 484 991 Stephanus
526 922 536 975 l
557 922 750 992 quinquaginta
764 921 945 991 apostolorum
958 936 1003 976 ea-

209 1008 294 1047 nones
312 992 496 1061 suscipiendos
511 1007 571 1046 osse
584 991 742 1054 decreverit,
766 990 868 1046 lactum
880 991 942 1046 inde
961 999 1003 1045 est

209 1072 238 1116 nt
250 1062 393 1125 Adrianus,
414 1062 567 1131 apostolice
580 1062 652 1116 sedis
665 1060 805 1131 antiquum
821 1076 924 1116 morem
949 1076 1002 1115 neu

207 1133 436 1202 pretermittens,
461 1131 690 1203 praedecessorum
710 1132 830 1200 vestigiis
854 1131 1000 1185 insisteret.

207 1203 481 1258 Animadvertendum
497 1210 587 1256 tamen
598 1204 669 1271 quod
683 1209 729 1254 aut
742 1202 808 1272 ipsc,
830 1211 875 1256 aut
890 1216 923 1254 et
936 1215 1002 1270 prte-

207 1274 395 1329 decessorihus
416 1272 515 1339 aliquis
535 1287 655 1326 canones
677 1271 804 1325 Chalccd.
818 1271 933 1325 concilio
954 1272 1002 1325 ad-

207 1342 309 1398 dendos
321 1341 453 1405 voluerit3
475 1356 536 1396 cunt
552 1356 599 1395 ses
611 1341 744 1411 generalia
767 1341 891 1406 coucilia,
908 1340 1001 1394 simul-

207 1428 260 1482 qne
275 1412 463 1480 rumpendum
484 1409 639 1465 Gtmcorum
659 1426 792 1464 canonum
815 1411 889 1465 dedit
904 1409 1000 1465 carolo

207 1485 241 1537 ad
256 1481 456 1537 instaurandam
478 1480 601 1535 Francia
622 1480 796 1535 ecclesiarum
821 1479 998 1549 disciplinam,

206 1551 343 1621 generalia
362 1551 484 1604 exhihuit
497 1550 599 1620 integra
611 1566 672 1605 cunt
694 1550 750 1604 suis
767 1551 935 1604 canonibus:
960 1549 1001 1605 id·

206 1624 282 1678 circo
301 1635 351 1676 uec
376 1620 486 1684 Niceni,
510 1635 561 1674 nee
575 1619 884 1688 Constantinopolitani,
912 1633 1000 1688 neque

206 1691 432 1748 Chalcedonensis
449 1691 614 1761 generalium
629 1691 805 1745 conciliorum
825 1705 910 1744 canon
929 1690 999 1744 ullus

1056 501 1157 555 dictum
1169 501 1196 554 in
1209 500 1402 572 sttpcriuribus.
1419 499 1507 567 Quare
1524 500 1557 556 iis
1572 501 1649 557 Actis
1689 503 1803 563 driantts
1817 506 1853 563 ll·

1055 571 1119 626 bere
1131 581 1283 627 ususestet
1295 572 1353 625 inc
1373 571 1452 624 istola
1468 570 1524 642 (59,
1542 571 1579 625 al.
1596 571 1643 696 stip
1666 572 1701 627 ad
1723 572 1852 632 Carolun

1056 639 1188 710 Magnum,
1200 650 1228 695 et
1239 586 1613 697 inaliaaSConstantinumct
1636 658 1728 699 renem
1737 642 1849 769 stabi),

1055 709 1155 764 Concil.
1177 719 1243 765 tom.
1259 711 1313 774 tlt,
1333 727 1360 781 p.
1378 710 1440 780 toa)
1468 720 1499 766 ut
1522 726 1583 766 mor
1602 713 1716 781 patebit
1769 716 1850 772 terina

1053 794 1087 833 ex
1102 781 1247 850 suppositis
1261 781 1336 836 hisce
1348 780 1435 844 Actis,
1451 782 1619 852 suppositum
1641 782 1715 838 alind
1735 799 1850 855 opuscn·

1054 849 1109 903 lum
1118 850 1255 931 produxit,
1270 864 1366 930 nempe
1376 849 1557 905 constitutum
1571 850 1694 906 Silvestrl
1711 854 1740 908 in
1758 856 1848 926 capita

1053 920 1088 973 20
1100 920 1282 982 tltstrihntum,
1296 935 1372 988 cutus
1383 928 1539 989 excerptum
1550 920 1576 975 in
1589 920 1665 976 libris
1675 921 1850 981 Ptenitentia-

1054 989 1125 1044 libus
1139 990 1271 1047 Tltcodori
1284 990 1487 1045 Cantuariensis
1498 998 1525 1045 et
1543 990 1650 1045 Echerti
1668 992 1849 1051 Eboraornsis

1053 1060 1172 1114 omnium
1186 1061 1310 1115 utauihus
1320 1060 1490 1125 versabatur,
1502 1061 1703 1132 quihusntique
1714 1066 1849 1133 poeuitcn-

1054 1129 1163 1184 tialihus
1174 1131 1251 1185 libris
1264 1147 1329 1185 usus
1347 1139 1406 1184 erat
1427 1128 1571 1202 Gregorius
1591 1130 1624 1186 lll
1641 1136 1667 1186 in
1687 1148 1738 1189 stto
1758 1134 1849 1190 libello

1053 1198 1217 1255 deludiciis.
1229 1200 1288 1254 Alia
1303 1208 1434 1270 praterea
1452 1200 1600 1270 suppositio
1617 1202 1729 1259 incertae
1747 1205 1848 1269 aetatis.

1052 1283 1133 1338 quam
1147 1271 1321 1325 nihilominus
1336 1271 1397 1325 Nat.
1409 1269 1562 1325 Alexander
1574 1281 1602 1326 ct
1615 1272 1744 1329 meliores
1758 1275 1846 1331 critici

1052 1338 1154 1393 lsidoro
1171 1341 1313 1396 llercatori
1325 1342 1454 1403 tribuunt,
1470 1356 1520 1396 nec
1529 1339 1623 1396 Roma
1635 1344 1772 1413 cognitam
1784 1356 1849 1401 ante

1053 1409 1191 1464 dimidium
1213 1411 1301 1477 sacculi
1320 1411 1384 1465 noui
1401 1412 1574 1471 contendunt,
1598 1425 1632 1465 ex
1651 1412 1729 1468 Actis
1751 1415 1846 1471 iisdem

1051 1477 1148 1533 educta
1162 1489 1213 1543 est,
1225 1481 1333 1535 donatio
1344 1481 1468 1535 videlicet
1476 1496 1523 1535 scu
1535 1481 1652 1536 edictum
1664 1482 1846 1551 Constantini,

1051 1550 1122 1616 quod
1137 1550 1283 1620 genuinum
1302 1549 1352 1605 luit
1367 1551 1488 1604 habitum
1507 1565 1522 1604 a
1543 1561 1638 1606 sancto
1656 1552 1747 1609 Leone
1762 1554 1799 1611 lx
1816 1564 1845 1611 et

1050 1619 1153 1687 aliquot
1166 1621 1369 1675 successoribus
1378 1635 1427 1690 per
1438 1619 1608 1675 undecimum
1625 1622 1706 1694 305
1718 1623 1846 1682 Ecclesia

1051 1689 1188 1743 sarculum.
1203 1690 1323 1760 Cumque
1340 1691 1397 1745 hac
1419 1689 1471 1744 dun
1486 1704 1502 1743 0
1522 1691 1612 1745 uscnla
1624 1694 1761 1749 excedent
1773 1692 1847 1752 lente

205 1764 234 1818 in
251 1778 283 1817 eo
306 1761 465 1832 compendio
487 1760 589 1815 existit.
616 1760 735 1814 Tametsi
753 1768 781 1814 ct
795 1760 821 1813 in
836 1760 998 1829 Dionysiana
1016 1772 1037 1830 g
1052 1759 1225 1824 dimanarint,
1233 1758 1485 1815 necessarioeadcm
1510 1761 1666 1830 chaptisnto
1675 1762 1845 1821 Constantini

205 1833 271 1887 etin
283 1830 463 1886 Cresconiaua
482 1830 649 1893 collectione,
671 1838 699 1886 et
720 1830 747 1884 in
759 1845 862 1884 canone
876 1843 923 1884 scu
945 1829 1000 1885 col·
1051 1838 1078 1882 et
1092 1830 1413 1898 reliquaiexpresserunt.
1436 1829 1504 1884 Hinc
1520 1829 1621 1885 lactum
1638 1832 1766 1904 estquod
1779 1836 1846 1890 scri·

204 1903 320 1958 lectione
336 1900 491 1971 apostolice
504 1900 585 1961 sedis,
602 1916 662 1968 qme
674 1915 745 1954 nouo
766 1900 864 1954 sacculo
876 1899 998 1964 emersit,

203 1971 369 2043 generalium
391 1970 685 2040 qnoqueeouciliornm
703 1984 821 2025 canones
840 1983 1000 2025 recensean-

204 2053 259 2096 tur.

239 2108 310 2165 ltttt.
331 2109 405 2163 Duas
416 2123 480 2162 uero
491 2122 588 2163 causas
599 2115 681 2162 tantas
692 2107 832 2162 varietatis
842 2124 902 2164 esse
919 2124 999 2167 nemo

204 2197 257 2236 tion
280 2179 363 2233 ridet.
388 2177 506 2231 Primam
531 2179 593 2246 quia
611 2178 730 2232 nondum
751 2178 803 2231 ulla
820 2189 879 2233 etat
899 2189 999 2236 sanctae

202 2251 260 2303 aeth
275 2248 399 2303 collectio
411 2247 529 2369 propria,
546 2248 658 2301 alteram
671 2248 735 2315 quia
750 2263 783 2301 ex
803 2263 879 2303 sacra
900 2251 998 2305 biblio·

204 2321 294 2381 theea,
306 2332 367 2384 quar
382 2317 457 2372 nurci
471 2318 495 2370 ia
513 2325 541 2370 et
557 2317 677 2438 priuatas
693 2317 864 2373 collectiones
879 2321 1000 2375 continc-

203 2390 259 2452 hat,
272 2387 394 2455 adeoque
404 2401 508 2455 maguae
518 2386 560 2439 col
571 2387 685 2441 cetionis
694 2387 780 2440 instar
789 2398 857 2453 erat,
869 2390 998 2459 quidquid

202 2474 253 2527 pro
278 2470 307 2510 re
324 2465 386 2510 nata
408 2471 476 2524 opus
497 2466 568 2510 esset
588 2456 696 2511 decerni
721 2461 888 2525 suppetebat.
912 2459 998 2527 Quam

1050 1908 1140 1967 ptores
1157 1900 1247 1954 minus
1264 1902 1346 1967 cauti,
1362 1898 1476 1955 tortasse
1491 1903 1573 1954 ctiam
1595 1901 1655 1970 plus
1674 1902 1703 1956 itt
1722 1914 1846 1963 sanctam

1050 1968 1140 2023 sedem
1165 1970 1292 2035 animosi,
1317 1984 1386 2040 quos
1411 1970 1481 2025 inter
1499 1970 1640 2026 annalista
1657 1972 1769 2029 ltalletts
1787 1974 1845 2045 (ιιι.

1050 2037 1112 2108 llll)
1132 2039 1306 2095 conclamatae
1325 2040 1403 2110 ltuJus
1416 2038 1567 2095 donationis
1578 2042 1735 2099 meminisse
1748 2042 1847 2101 Adria-

1049 2124 1113 2161 ιιιιιιι
1125 2118 1219 2177 putant
1230 2111 1258 2164 in
1270 2110 1377 2165 laudata
1385 2108 1498 2180 epistola
1508 2112 1541 2164 ad
1551 2110 1688 2179 carolum,
1698 2120 1845 2184 autequam

1048 2178 1159 2232 donatio
1174 2180 1224 2234 ista
1243 2190 1404 2250 emergeret.

1084 2247 1155 2303 xxt.
1173 2249 1206 2303 At
1222 2250 1359 2305 enimtem
1375 2253 1398 2305 si
1412 2251 1551 2307 adrianus
1567 2250 1684 2307 babebat
1702 2253 1736 2308 ad
1751 2250 1847 2310 oculus

1049 2317 1222 2374 donationem
1233 2320 1306 2374 illam
1318 2321 1523 2391 ineptissimam,
1536 2333 1610 2377 certe
1620 2322 1716 2391 putida
1728 2324 1789 2377 haec
1803 2322 1843 2379 le-

1048 2389 1135 2455 gerit:
1150 2389 1241 2444 «Ecce
1261 2398 1314 2444 tam
1333 2392 1464 2459 palatium
1485 2402 1619 2456 nostrum,
1636 2400 1666 2446 ut
1683 2394 1845 2462 praedit-turn

1048 2465 1099 2520 cst,
1114 2474 1248 2528 quamque
1260 2461 1354 2514 urhcrn
1372 2461 1496 2525 llontam,
1511 2472 1538 2516 et
1551 2477 1644 2516 onmes
1659 2464 1745 2518 totius
1762 2462 1845 2519 ltaliae

204 2544 260 2582 rctn
278 2525 470 2596 (nequidquam
486 2540 516 2580 se
530 2535 656 2595 torquent
675 2527 793 2596 antiquae
811 2527 923 2597 alicttjus
943 2530 998 2585 col·
1047 2537 1074 2581 ct
1088 2529 1299 2584 Occidentalium
1326 2532 1466 2601 regionum
1493 2531 1655 2601 prouincias,
1677 2541 1705 2589 et
1720 2532 1846 2589 civitates

202 2596 325 2653 lectionis
343 2597 471 2652 lloutanae
482 2596 640 2668 assertores)
653 2597 794 2666 perspicue
804 2601 900 2667 prohat
912 2601 997 2655 altera
1046 2598 1158 2666 praelato
1170 2600 1325 2654 lnsatissinto
1336 2602 1456 2669 pontifici
1469 2614 1561 2657 nostro
1574 2599 1706 2658 silvestro
1718 2602 1844 2659 ottncedi·

202 2684 235 2722 ex
247 2667 290 2722 his
304 2666 409 2722 duabus
427 2667 526 2721 causis.
549 2667 583 2721 Et
605 2683 669 2721 tere
694 2668 715 2721 si
739 2678 839 2722 sanctae
862 2671 917 2724 sedi
938 2678 998 2725 erat
1047 2684 1137 2722 must
1155 2668 1244 2734 Quare
1263 2671 1353 2739 igitur,
1376 2681 1436 2742 post
1457 2672 1556 2726 lactant
1576 2670 1665 2727 Caroli
1685 2689 1749 2728 etun
1771 2672 1844 2728 Con·

202 2737 325 2794 colltmtio
347 2737 466 2808 propria,
491 2738 583 2805 quidni
609 2753 726 2791 canones
750 2745 805 2791 tutu
831 2740 997 2808 generalium
1047 2740 1166 2792 stantino
1177 2741 1417 2810 comparationem,
1428 2757 1513 2812 pauca
1526 2743 1549 2798 is
1562 2758 1577 2795 a
1595 2740 1751 2813 sultjungit?
1769 2742 1846 2799 «Sed

201 2820 259 2863 tunt
282 2808 407 2862 localium
424 2807 598 2862 conciliorum
617 2807 697 2861 sinud
714 2808 840 2863 collectos
857 2810 998 2866 exhiheret
1046 2816 1073 2862 cl
1086 2818 1182 2863 cuncta
1199 2809 1260 2875 alia,
1277 2826 1337 2879 quae
1353 2825 1402 2880 per
1417 2813 1537 2869 ott-ersus
1552 2813 1738 2880 instauratores,
1757 2813 1845 2884 patri·

201 2878 333 2949 pontilex,
348 2886 377 2931 nt
389 2877 547 2946 expeditiori
560 2892 640 2945 quam
655 2876 713 2930 lteri
734 2889 826 2945 posset
843 2881 884 2933 tia
904 2880 998 2936 Ecclc·
1046 2878 1103 2933 cios
1116 2880 1197 2933 etiam
1213 2888 1239 2934 et
1251 2880 1317 2934 alios
1337 2882 1421 2936 bcum
1435 2883 1560 2938 timentes
1571 2898 1620 2951 pro
1630 2897 1725 2938 corum
1745 2885 1844 2939 attintar

201 2951 241 3003 sia
255 2949 299 3001 illa
309 2945 524 3002 instauraretur?
535 2947 633 3013 Quidni
645 2947 769 3001 localium
787 2964 914 3014 canones,
928 2966 996 3019 qnos
1046 2951 1169 3003 mercede
1192 2958 1220 3003 ct
1239 2951 1315 3005 ronta
1337 2952 1496 3007 delictorum
1518 2954 1544 3007 in
1570 2953 1692 3021 partibus
1705 2953 1845 3017 Tltuscire,

201 3022 236 3074 ab
249 3019 308 3073 aliis
319 3018 444 3072 omnihus
456 3017 620 3087 generalium
632 3017 756 3081 secreuit,
770 3018 889 3087 integros
899 3022 995 3076 saltem
1047 3017 1165 3098 Spuloto,
1177 3034 1224 3074 scu
1235 3021 1396 3087 Benevento,
1411 3030 1491 3092 atque
1504 3022 1623 3088 Corsica,
1647 3023 1730 3078 simul
1747 3034 1776 3079 et
1793 3022 1844 3079 Sa-

201 3090 338 3146 tradcret?
351 3088 420 3154 Quia
438 3102 534 3155 nempe
550 3086 661 3140 Adriani
680 3095 800 3156 terttpme
815 3088 897 3144 codex
917 3106 995 3146 caup
1009 3122 1031 3184 C
1047 3088 1151 3142 btncnsi
1163 3089 1330 3145 Patrituouio
1342 3093 1422 3147 heato
1440 3092 1519 3148 l'etto
1537 3094 1671 3162 apostolo,
1688 3104 1845 3165 sanctaque

201 3176 277 3225 uutu,
292 3176 339 3218 seu
353 3159 486 3221 collectio,
501 3172 547 3211 scu
563 3172 649 3211 canon
666 3158 821 3227 apostolica
838 3154 911 3215 sedis
927 3177 995 3216 ιιοιι·
1048 3158 1095 3212 Del
1106 3167 1133 3213 t‘l
1144 3160 1297 3228 aposlolit'ae
1310 3161 1438 3218 R0¹tltt¹oe
1450 3163 1578 3219 Eccleslffl
1588 3177 1718 3218 0⁰¹¹cl⁸S²
1731 3174 1805 3228 sunl·
1815 3173 1843 3219 0¹

202 3232 264 3285 ditm
278 3236 436 3287 errici-serat.
453 3228 555 3282 ldcit·co
573 3227 691 3295 integros
710 3229 792 3282 tradit
812 3245 930 3285 canones
950 3248 996 3303 gc·
1047 3229 1248 3297 pernelaudatn
1261 3239 1367 3300 gentem
1384 3232 1621 3303 Longobardotum
1639 3248 1688 3303 per
1708 3250 1841 3289 autturttut

200 3301 333 3356 neralinm
358 3298 545 3358 conciliorum,
573 3298 616 3351 cni
638 3298 676 3351 tei
698 3297 995 3371 Cotistantinopolitmta
1047 3299 1133 3368 spatia
1154 3299 1388 3381 abstractumque
1409 3304 1498 3358 ablata
1519 3311 1591 3365 suut,
1618 3304 1718 3359 restris
1740 3312 1841 3375 trumo-

199 3377 251 3425 atu'
264 3371 312 3427 itio
324 3370 390 3425 nihil
406 3376 435 3421 ut
447 3369 510 3422 olim
522 3368 663 3431 ohstahat;
678 3376 706 3420 at
721 3368 855 3433 localium,
879 3387 995 3440 querunt
1047 3371 1121 3423 ribus
1133 3369 1318 3425 restituantur¹
1333 3373 1408 3427 [nde
1418 3382 1446 3428 et
1454 3374 1544 3443 plures
1554 3374 1714 3429 donationes
1725 3376 1753 3428 iu
1765 3388 1844 3431 sactu

200 3441 276 3496 multi
287 3449 388 3498 saneta
398 3439 468 3493 sedis
477 3438 625 3506 discipttme
642 3439 861 3504 adrcrsulautuu
876 3442 994 3507 mutilos,
1047 3449 1139 3493 nostro
1154 3440 1254 3495 scrinio
1267 3440 1442 3497 Laterauensi
1455 3443 1607 3498 reconditas
1619 3444 1785 3500 hahemus.»
1800 3442 1843 3499 lu·

199 3513 366 3574 emendatos,
390 3511 416 3563 in
433 3507 621 3578 cttnrpendinnt
639 3506 721 3630 3οᾅ
738 3508 870 3574 redactos,
893 3511 995 3581 aliquot
1047 3508 1079 3561 dc
1094 3510 1197 3564 scilicet
1217 3512 1281 3565 tomi
1300 3512 1337 3565 illi
1356 3512 1478 3578 Cartlcii,
1496 3514 1543 3583 qui
1563 3513 1691 3583 leguntur
1707 3514 1843 3585 principie

199 3582 281 3636 etiam
317 3579 507 3653 pretermissis
543 3577 662 3631 caltiltct.
724 3587 835 3633 ttclcrca
863 3581 996 3652 principio
1046 3576 1107 3632 litut
1125 3579 1259 3635 Censuum
1273 3581 1399 3637 Ecetrae
1421 3583 1500 3637 Rom.
1522 3585 1680 3653 prodierunt
1700 3586 1730 3640 in
1754 3584 1841 3640 lucent

201 3652 401 3707 sardicensium
419 3657 446 3703 et
465 3647 653 3703 lllricauorum
668 3663 801 3702 canouunt
814 3652 931 3719 genemli
949 3654 995 3706 ad·
1046 3648 1143 3703 scruto
1158 3666 1195 3715 ιιι,
1215 3667 1277 3704 cunt
1298 3652 1435 3708 donationi
1449 3653 1677 3709 Cottstautiuiattte
1690 3655 1843 3711 habebatur

198 3723 349 3778 monitione
370 3734 480 3784 omnes,
504 3719 657 3788 quicunqne
679 3719 905 3789 compendiariam
934 3739 995 3776 cant
1046 3719 1121 3772 lidus.
1143 3722 1178 3774 at
1194 3721 1227 3774 de
1247 3721 1298 3775 ista
1320 3722 1347 3776 in
1371 3723 1464 3777 iisdem
1485 3724 1565 3779 tomis
1587 3722 1659 3778 nulla
1679 3725 1793 3780 outninn
1812 3724 1843 3779 lit

200 3794 298 3847 scriem
312 3790 438 3853 uiderint,
451 3790 490 3843 sic
508 3804 558 3859 pro
575 3804 700 3858 suprema
717 3792 877 3851 anctoritate
896 3807 995 3861 praete·
1045 3790 1157 3844 munio
1175 3790 1233 3845 Nou
1246 3806 1313 3861 nego
1331 3791 1480 3848 Adriauuut
1494 3793 1705 3849 habuissehctis
1717 3794 1842 3850 Silsestti

198 3863 258 3917 nit:
275 3864 348 3918 ‹Sed
363 3863 389 3915 iu
403 3861 446 3914 his
460 3861 585 3913 onttrihus
605 3859 649 3912 illa
668 3860 744 3929 sequi
762 3861 897 3919 dehemus.
921 3879 995 3933 quse·
1045 3859 1155 3913 nitniam
1170 3860 1259 3923 lidcut,
1276 3863 1320 3915 uhi
1332 3862 1411 3918 aitde
1423 3865 1617 3919 Constantino:
1632 3862 1705 3919 «Per
1716 3863 1776 3920 e'us
1788 3865 1842 3921 lan

198 3930 859 4004 cuntpteaNicmtmcoucilioetasantetuatquca
898 3934 994 3988 stolica
1043 3930 1154 4054 {itatem
1175 3941 1268 3986 sancta
1287 3932 1333 3986 Dei
1354 3934 1486 3990 catholica
1506 3944 1534 3991 et
1552 3935 1700 4004 apostolica
1718 3934 1841 3990 lomana

197 4005 318 4059 Ecclesia
336 4003 456 4056 lluntaua
467 4016 520 4054 non
531 4000 684 4068 discrepare
694 4000 825 4055 ridemus.
837 4022 847 4053 ι
860 3948 993 4068 &uiduam
1058 4000 1166 4055 'ccltssia
1179 4005 1280 4056 clevata
1295 4011 1377 4073 atque
1392 4005 1510 4058 exaltata
1524 4014 1576 4068 est,
1593 4013 1621 4058 et
1636 4013 1798 4073 potestatem
1812 4005 1841 4060 ἰιι

198 4075 344 4130 desiderari
364 4080 452 4142 potest
469 4070 600 4124 illustrius
616 4068 649 4121 atl
664 4069 810 4148 eludendos
825 4080 864 4124 tot
876 4075 994 4127 crudito-
1045 4071 1086 4124 his
1101 4070 1235 4141 llcsperite
1244 4074 1367 4143 partibus
1378 4075 1470 4142 largiri
1480 4075 1603 4144 diguatus
1618 4082 1670 4129 est.
1689 4094 1698 4127 ι
1721 4074 1838 4130 Verbum

197 4161 258 4199 runt
279 4151 402 4205 cmtatus,
422 4141 467 4209 qui
492 4139 591 4192 veteris
613 4139 728 4207 novique
747 4140 817 4206 juris
840 4142 993 4197 stabiliendi
1043 4140 1115 4194 cuim
1131 4141 1195 4196 illud
1208 4152 1360 4211 potestatem
1376 4145 1590 4215 exaggerationis
1604 4144 1696 4201 neseio
1714 4144 1783 4214 qttitl
1799 4160 1841 4201 re·

196 4231 262 4281 crgo
279 4216 312 4269 ad
330 4212 427 4266 tuenda
445 4225 504 4271 sua,
528 4208 755 4278 disputationibus
775 4209 831 4265 lere
854 4211 993 4267 immensis
1044 4209 1125 4265 dolet.
1138 4211 1205 4266 lllud
1220 4227 1297 4281 nege,
1312 4216 1384 4296 quod
1398 4215 1534 4269 Adrianus
1546 4215 1718 4271 donationem
1729 4214 1838 4279 viderit,

197 4284 309 4340 falsitati
341 4278 566 4353 patrocinantur?
601 4279 649 4332 list
684 4286 773 4332 tautcn
803 4281 993 4337 doctmtentum
1044 4297 1129 4350 caque
1140 4281 1225 4336 fretus
1236 4284 1424 4353 itascrqtserit.
1438 4284 1605 4355 limumque,
1618 4291 1649 4340 ut
1659 4299 1731 4351 reor,
1743 4300 1843 4341 ornnes

198 4355 271 4408 aliud
285 4351 457 4413 luculentius,
474 4363 529 4417 quo
541 4364 636 4417 parum
657 4357 736 4402 caute
753 4350 898 4405 attrerserti
915 4362 995 4407 utun·
1044 4352 1171 4417 sentient,
1189 4353 1233 4421 qui
1255 4369 1307 4407 uon
1333 4354 1455 4408 Silvestre
1475 4365 1498 4409 rt
1517 4354 1719 4421 successoribus,
1738 4363 1772 4408 ttt
1791 4356 1839 4413 do

198 4434 242 4479 tur
258 4424 285 4477 in
301 4437 358 4477 rem
372 4436 459 4483 suam,
482 4420 549 4474 lihcr
566 4418 690 4474 uidelicet
708 4420 837 4476 hetorum
859 4421 991 4490 siluestri,
1045 4423 1118 4476 natio
1128 4423 1338 4487 ltahct,sedclit·o
1350 4424 1427 4478 Petro
1439 4434 1462 4477 et
1476 4424 1601 4479 dornone·
1611 4424 1738 4480 arctam
1753 4424 1844 4481 lactas

198 4494 311 4563 tittsquc
326 4492 396 4546 letus
410 4490 518 4561 duplex.
1008 4472 1203 4546 Ddonationes
1222 4493 1371 4547 Adrianum
1393 4495 1485 4549 testari
1506 4496 1612 4560 audiet,
1633 4493 1706 4550 nulla
1729 4495 1839 4559 Rotnae,

235 4565 294 4620 xx,
315 4562 438 4616 siluestri
462 4562 530 4615 Acta
555 4575 725 4631 propugnare
756 4571 876 4633 tneptum
908 4575 990 4631 esset,
1044 4562 1116 4615 nulla
1126 4562 1218 4626 ltaliae,
1231 4564 1302 4616 nulla
1317 4563 1470 4619 Occidentis
1487 4565 1686 4636 prot-tectarum
1702 4566 1841 4621 secutione

198 4651 260 4690 nam
283 4633 381 4688 cruditi
398 4646 501 4693 omncs,
521 4646 630 4701 praeque
650 4632 682 4685 iis
703 4631 834 4688 baronius
854 4636 992 4704 supposita
1043 4632 1145 4687 ltabita.
1158 4631 1210 4687 Sed
1221 4634 1335 4688 clariora
1346 4635 1398 4689 ista
1411 4635 1580 4690 ltetttexalia
1591 4636 1706 4704 epistola
1717 4633 1841 4704 ejusdem

198 4712 365 4776 agnorcrunt
378 4703 495 4774 (tametsi
511 4703 555 4755 hic
568 4702 637 4755 loede
651 4702 809 4770 interpolata
829 4706 919 4773 potius
934 4720 992 4760 cre·
1042 4702 1178 4773 pontilicis
1194 4704 1227 4758 ad
1240 4702 1446 4759 Constantinum
1458 4714 1486 4760 ct
1499 4705 1614 4760 lrenent.

198 4778 318 4841 ttut.·r;t).
343 4775 409 4828 Cusn
435 4773 530 4827 iisdem
549 4780 576 4824 et
593 4787 643 4841 ego
662 4774 765 4835 sentio;
788 4781 815 4826 at
829 4775 893 4844 quid
910 4776 942 4830 de
959 4776 992 4831 lis
1079 4773 1160 4827 llxlt.
1180 4773 1276 4828 Totam
1294 4775 1436 4830 historiam
1453 4775 1489 4830 ihi
1508 4776 1598 4830 rideas
1613 4782 1771 4829 enarratam
1789 4772 1841 4831 slt-

199 4847 281 4902 lncrit
291 4844 402 4900 Adriani
414 4858 471 4898 aeto
482 4859 531 4896 cut
540 4843 646 4897 silentio
666 4854 823 4912 praeteream
835 4861 887 4899 mm
902 4846 990 4900 tideo.
1042 4844 1124 4898 uestri
1140 4844 1270 4899 latitantis
1282 4844 1308 4898 in
1325 4855 1416 4900 tuente
1435 4845 1556 4910 Soracte,
1574 4845 1687 4900 visionis
1703 4844 1841 4901 Constan-

199 4918 298 4972 llclasii
313 4917 451 4971 decretum
466 4915 574 4968 celebre
588 4928 602 4966 a
616 4913 780 4968 doctissimis
792 4914 859 4969 ritis
870 4913 925 4983 jam
941 4932 992 4972 ιιι·-
1043 4916 1089 4967 tini
1101 4929 1149 4983 per
1160 4930 1294 4979 somnum,
1308 4916 1498 4970 admonitionis
1509 4915 1691 4986 apostolorum
1704 4915 1738 4970 de
1752 4916 1843 4987 hapa·

198 5005 231 5060 pe
249 4987 396 5055 vulgatum,
409 4985 544 5055 praecipue
556 4999 571 5037 a
585 4981 747 5036 Fontaninio
759 4984 785 5036 ln
799 4986 946 5054 appendice
958 4987 991 5042 ad
1042 4994 1137 5047 stnate,
1153 5002 1206 5040 uno
1221 4986 1303 5039 rerho
1316 4986 1444 5049 oninium,
1463 5002 1523 5057 quae
1537 4986 1588 5041 hac
1607 4984 1640 5040 de
1658 5001 1689 5041 re
1709 4983 1841 5059 leguntur

197 5056 482 5128 Antiquitatcsllottae
494 5062 532 5123 tp.
544 5053 606 5117 5ll,
617 5052 726 5107 esdod.
747 5051 805 5108 Vnt.
823 5072 851 5108 u.
865 5056 927 5118 aas,
943 5056 989 5109 sol.
1043 5055 1069 5108 iu
1086 5057 1222 5123 supposita
1245 5057 1396 5118 donatione,
1420 5058 1488 5110 mira
1512 5064 1602 5110 tamen
1624 5071 1686 5111 cum
1704 5057 1840 5113 varietate

199 5131 261 5200 lttt'p
281 5130 351 5182 inter
372 5126 453 5180 lihrus
465 5123 632 5194 recipiendos
648 5139 695 5180 cos
711 5123 793 5178 Actus
813 5135 934 5180 recenset
950 5128 992 5183 his
1043 5125 1142 5188 rideas,
1159 5127 1295 5194 actusque
1311 5126 1383 5195 ipsos
1398 5127 1479 5199 306
1495 5126 1680 5195 deprehendes
1692 5124 1728 5179 ab
1741 5125 1840 5183 aaa*

198 5203 287 5258 rcrhis
300 5214 307 5252 ι
322 5199 406 5252 ilem
426 5197 509 5250 ¹lctus
525 5194 597 5248 beati
613 5194 736 5248 siluestri
754 5197 991 5265 apostolicaesedis
1043 5209 1077 5249 ιιο
1102 5196 1251 5266 descriptos
1276 5212 1360 5265 nsque
1386 5204 1420 5251 ad
1446 5197 1527 5252 terha
1555 5196 1600 5250 illa
1613 5209 1621 5249 :
1636 5194 1714 5250 «Nec
1739 5197 1842 5261 &here

198 5271 331 5342 persidis,
347 5265 534 5339 licctcjnsqui
547 5265 708 5337 conscripsit
723 5280 820 5320 nomen
835 5267 989 5335 ignoretur;
1037 5263 1093 5332 jam
1110 5266 1217 5320 dill'erre
1234 5281 1282 5337 per
1296 5266 1427 5336 Spiritum
1451 5274 1572 5322 sarnetum
1590 5264 1690 5320 lucam
1705 5266 1840 5323 atenac-

198 5341 318 5396 amultis
331 5349 419 5393 tamen
432 5337 535 5390 inurbe
548 5334 631 5389 Rotna
646 5334 786 5393 catholicis
800 5337 850 5405 legi
861 5338 991 5407 cognori-
1042 5351 1103 5389 nem
1120 5336 1238 5404 piscium,
1258 5352 1338 5406 qnam
1354 5337 1420 5391 istos
1432 5334 1589 5406 promisisse
1607 5350 1664 5391 sttae
1681 5335 1764 5393 saluti
1780 5352 1842 5392 rne-

199 5427 268 5474 mns,
284 5421 311 5465 ct
324 5426 374 5480 pre
386 5407 498 5476 antiquo
511 5421 561 5459 usu
576 5405 666 5462 mulne
681 5409 738 5462 haec
751 5407 890 5462 imitantur
902 5407 992 5462 Eeclc
1042 5408 1174 5461 ntorahat.
1188 5426 1197 5457 t
1215 5405 1280 5473 Quae
1298 5421 1359 5461 cum
1374 5406 1436 5462 aliis
1451 5406 1544 5461 multis
1557 5421 1572 5458 a
1590 5405 1738 5463 donatione
1758 5422 1841 5463 cxsu-

199 5481 278 5534 sire.t
296 5479 355 5535 tam
373 5494 438 5534 uero
450 5477 569 5533 Adriano
583 5479 717 5546 pontillce,
737 5477 784 5548 qui
804 5478 890 5533 tribus
905 5476 991 5533 ferme
1042 5474 1107 5529 lant.
1122 5477 1188 5531 Acta
1211 5477 1292 5576 igitur
1312 5477 1445 5542 Siluas-ut,
1468 5476 1613 5546 dequibus
1635 5476 1841 5535 eruititeltaro·

200 5550 305 5604 seculis
317 5566 333 5604 a
346 5549 455 5605 Gelasio
470 5548 562 5611 distat,
579 5562 631 5601 non
646 5550 726 5604 modo
743 5548 810 5603 nihil
821 5549 992 5603 immutatum
1042 5548 1103 5601 nius
1116 5546 1171 5618 (an.
1186 5547 1246 5610 sta,
1261 5564 1287 5601 n.
1303 5548 1336 5601 lll
1347 5561 1434 5617 seqq,
1450 5545 1512 5610 abl,
1527 5562 1555 5600 n.
1575 5545 1608 5603 bl
1626 5546 1718 5619 seqq.)
1738 5557 1766 5603 et
1776 5563 1841 5619 qua

201 5631 275 5684 eram
291 5621 338 5674 scd
354 5621 421 5675 liher
435 5620 481 5690 qni
499 5616 649 5688 appellatur
663 5620 787 5674 (lenones
808 5617 991 5688 apestolorum
1042 5618 1112 5684 apud
1132 5626 1251 5672 sanctam
1276 5619 1367 5673 selem
1391 5627 1418 5673 et
1442 5616 1506 5671 alibi
1524 5624 1634 5688 recepta
1655 5625 1747 5682 erant,
1768 5632 1840 5689 pura

203 5689 274 5743 iuter
284 5691 449 5758 apocryphos
464 5688 579 5756 reiectum
593 5690 621 5744 in
640 5691 733 5745 eodem
753 5690 862 5744 decreto
878 5687 990 5755 Gelasil,
1041 5695 1106 5755 puta
1118 5688 1144 5741 in
1159 5687 1271 5743 Adriani
1282 5688 1405 5758 epistolis
1426 5688 1599 5755 referentum
1615 5687 1649 5743 ab
1665 5696 1778 5745 auctore
1790 5703 1841 5744 att·

202 5756 394 5829 ahapostoltca
412 5759 475 5814 sede
493 5758 673 5828 recipiebatur
689 5775 723 5815 ex
739 5759 847 5817 decreto
860 5758 990 5830 Stcpltani
1042 5766 1097 5814 tent
1112 5756 1264 5816 donatiottis
1277 5756 1347 5816 lodo
1362 5756 1521 5829 interpolata
1536 5772 1669 5830 suarnque
1680 5758 1715 5814 ad
1727 5766 1840 5816 mutec-
