3780 6120
162 267 217 325 ιιι

613 266 643 322 Ιι.
664 266 788 323 titulun
807 267 913 323 llACNl
932 264 1006 323 uti.
1028 265 1117 325 bins
1136 270 1155 323 l.
1176 269 1300 326 sumtu
1317 267 1360 326 tlt.

1751 271 1808 334 ιιι

163 385 273 439 llurnine
286 379 418 446 transito,
433 379 516 435 vitam
551 386 693 433 raesentem
708 377 810 443 dirixit,
824 377 957 448 sepultus·
970 385 996 443 Λ
1008 379 1157 448 discipulus
1170 394 1342 435 successores
1354 385 1460 433 vestros
1479 391 1565 447 usque
1584 378 1619 433 ad
1630 375 1807 451 mgnum

161 470 216 525 que
230 461 272 510 est
291 452 319 507 in
335 451 500 507 monasterio
543 447 696 503 ouantulas.
716 466 725 500 r
744 447 821 518 hpud
839 448 955 504 ⁴lnasta-

162 526 234 581 sium
257 523 333 578 locus
354 522 411 592 ipse
440 519 592 575 indicatur:
609 536 618 568 ι
634 519 722 599 Super
745 515 856 573 tiuviurn
880 518 957 575 Soul-

163 597 238 650 tinna
274 591 425 661 Portarum)
448 591 475 644 in
488 589 559 652 villa,
573 603 633 658 que
653 588 829 642 viulzachara
852 604 957 644 truncu-

163 673 242 736 patur
272 673 338 719 scet-
353 661 431 733 ott).
452 659 563 727 »Quam
587 657 677 713 uillam
699 657 861 713 Muratorius
875 659 954 730 291

163 729 464 806 rlcprcberrdit(dnaol.
495 729 564 798 885)
592 728 680 783 vocari
710 728 790 784 hodie
811 728 956 784 Sanctum-

162 805 319 868 Caesarium
339 817 488 873 parmaque
506 800 567 855 inde
585 799 710 854 dissitum
728 798 859 854 territorii
879 799 958 854 bluti-

163 870 600 1000 ιιι.ιιιιιὲιίιιιιιι
615 869 669 1007 ,ui
683 866 958 1007 ariarathiae

163 960 249 1001 oltss
307 961 331 997 te
401 958 432 994 :r
588 979 595 1002 ,

1009 464 1097 504 meam
1111 449 1244 518 prolatam
1258 450 1286 504 in
1300 457 1346 503 tua
1364 455 1457 503 sancta
1474 445 1595 502 Ecclesia
1615 451 1720 520 reperi,
1742 455 1809 512 tntis

1009 519 1150 574 conatibus
1163 532 1248 588 nsque
1260 520 1294 574 ad
1306 518 1463 588 sanguinem
1476 517 1622 574 custodire.
1642 538 1651 572 r
1667 519 1727 576 Alia
1743 538 1810 592 pro-

1009 587 1080 644 lecto
1102 589 1274 645 inveniuntur
1307 588 1378 643 inter
1398 585 1544 641 indicatione
1569 595 1598 642 et
1618 590 1810 658 professionem

1009 659 1164 714 discrimina
1185 674 1192 712 :
1212 659 1276 714 illud
1296 672 1360 712 vero
1400 673 1436 713 rte
1456 657 1563 712 ceteris
1582 666 1676 713 notatu
1696 661 1810 732 dignum

1009 730 1124 794 ridetur,
1139 730 1210 799 quod
1231 728 1276 783 ulri
1298 729 1325 783 in
1340 729 1367 784 in
1388 727 1458 783 iculo
1476 743 1522 782 sex
1546 735 1650 782 tanturn
1672 734 1810 800 generalia

1009 800 1123 854 eoncilia
1143 800 1301 869 probantur,
1323 799 1350 852 in
1371 796 1537 867 professione
1556 808 1681 852 octavum
1701 817 1811 872 quoqne

1010 869 1151 939 accipitur,
1165 869 1236 938 quod
1248 867 1369 923 Adriano
1384 868 1404 923 ll
1418 867 1584 922 celebratum
1596 876 1638 923 est
1650 868 1810 928 Constanti-

1010 941 1099 1009 nopoli
1120 954 1191 994 anno
1211 937 1273 995 869.
1296 938 1361 1006 Quae
1382 954 1427 993 res
1448 953 1500 991 non
1521 937 1609 993 minus
1630 945 1810 1008 posteriorem

163 1024 291 1078 vocatur,
314 1013 398 1066 eitam
420 1011 506 1065 linivit
527 1025 576 1063 rur
587 1008 626 1062 ld.
641 1007 695 1063 lul.
716 1017 744 1063 et
765 1009 799 1063 ad
816 1009 958 1064 ecclesiam
980 1055 986 1065 .
1009 1018 1118 1063 aetatem
1131 1008 1295 1092 professioni
1309 1025 1391 1079 quarn
1408 1007 1556 1063 indiculum
1572 1009 1599 1062 in
1617 1011 1729 1078 prolata
1742 1029 1811 1068 eon·

163 1083 410 1151 monasteriumque
423 1081 494 1135 beari
515 1078 647 1138 Silvestri,
664 1079 735 1148 quod
747 1079 899 1133 Nonantula
918 1079 958 1134 di·
1010 1079 1191 1134 sarcinatrone
1205 1078 1366 1133 existentem
1380 1077 1499 1131 Adriano
1515 1077 1603 1147 primo
1617 1079 1752 1148 uindicat,
1772 1084 1815 1138 ιιι

159 1155 243 1219 ιιιιι,
258 1152 402 1224 perductus
416 1150 564 1206 honorilice
577 1148 697 1218 sepultus
714 1156 765 1203 est.
782 1169 791 1201 r
816 1149 880 1204 Post
898 1164 959 1218 que
1010 1157 1040 1204 ut
1053 1148 1191 1204 auferatur
1201 1163 1281 1203 omne
1292 1147 1418 1211 dubium,
1433 1147 1498 1217 quin
1511 1162 1582 1202 anno
1596 1147 1649 1203 tta
1659 1165 1723 1205 enm
1738 1153 1809 1209 idern

164 1226 197 1280 de
213 1223 323 1279 Adriani
347 1222 427 1293 primi
447 1223 528 1275 rebus
540 1221 623 1289 gestis
637 1219 726 1288 pergit
750 1219 848 1283 dicere,
866 1228 894 1273 et
907 1220 960 1274 Ca·
1010 1220 1221 1274 consecrabatur
1239 1218 1376 1273 Romanus
1389 1219 1520 1287 pontilex,
1537 1219 1666 1275 continuo
1684 1231 1747 1292 post
1762 1225 1810 1279 de-

164 1295 252 1350 rolum
265 1293 387 1363 llagnum
404 1307 464 1345 eum
480 1289 577 1345 Carolo
590 1287 671 1344 Calvo
683 1288 858 1354 conlundens,
875 1289 960 1344 histo-
1010 1299 1113 1344 cretum
1129 1288 1212 1345 libere
1227 1289 1366 1344 ordinatus
1378 1288 1468 1343 luerit

163 1365 335 1419 riam·rernm
356 1362 471 1416 duorum
486 1373 593 1429 regum,
613 1358 779 1429 totidemque
799 1359 957 1430 pontilicum
1041 1358 1090 1415 ut.
1110 1359 1179 1413 lline
1197 1357 1326 1428 estquod
1345 1372 1433 1427 neque
1451 1358 1485 1413 ad
1502 1358 1649 1415 exarchum
1668 1360 1810 1421 electionis

163 1433 288 1494 absoluit.
1010 1429 1097 1484 saneti
1119 1429 1257 1483 Zachariae
1277 1429 1413 1483 decretum
1436 1435 1477 1482 est
1492 1428 1621 1494 missnm;
1637 1445 1725 1500 neque
1744 1448 1809 1490 exs-

199 1503 242 1558 tv.
263 1499 422 1569 Huiusmodi
440 1496 575 1554 scribendi
594 1513 679 1568 genus
697 1507 773 1554 tauto
789 1515 850 1554 cum
869 1507 960 1569 poste-
1009 1502 1095 1554 tincto
1114 1498 1267 1553 Exorehatu
1284 1498 1318 1552 ad
1336 1498 1500 1568 principem,
1520 1497 1649 1567 Stephani
1663 1501 1700 1565 ΙΙ,
1721 1518 1810 1573 neque

163 1588 255 1629 rorum
270 1570 449 1633 incommodo,
465 1569 645 1623 daurnandum
661 1583 726 1622 sane
738 1584 770 1623 ae
785 1568 959 1637 rejiciendum
1011 1569 1086 1624 Pauli
1102 1568 1194 1623 iratris
1207 1567 1275 1636 clus,
1296 1569 1342 1637 qul
1363 1578 1426 1622 ante
1444 1568 1642 1624 ordinationem
1662 1573 1811 1631 schismate

162 1643 273 1698 omnino
285 1651 338 1696 est.
355 1640 382 1695 Si
397 1655 448 1709 qua
461 1648 551 1693 autern
564 1647 737 1692 monumenta
751 1639 957 1704 intersemntur,
1011 1640 1138 1703 dilatam,
1153 1638 1293 1694 societatis
1307 1646 1335 1692 et
1347 1638 1473 1693 amicitiae
1486 1637 1651 1697 Francorum
1671 1650 1808 1714 satagens,

163 1728 279 1783 quorum
293 1712 359 1767 lrdes
371 1710 478 1764 aliunde
490 1708 595 1778 integra
610 1709 664 1777 pati
678 1709 773 1777 possit,
788 1709 913 1778 amplecti
927 1724 959 1765 ea
974 1731 999 1793 B
1012 1710 1109 1765 missos
1122 1724 1155 1764 ac
1170 1708 1274 1765 litteras
1288 1708 1321 1763 de
1336 1707 1455 1763 fraterna
1469 1715 1556 1762 morte
1569 1710 1664 1779 suique
1677 1711 1810 1770 electione

162 1791 278 1853 oportet,
291 1780 363 1851 quod
375 1796 425 1851 ego
439 1794 510 1833 nune
523 1777 593 1833 lucio
606 1779 639 1831 ad
652 1781 864 1834 consecrationis
879 1781 959 1834 liber·
984 1822 987 1827 ,
1011 1783 1046 1836 ad
1068 1779 1209 1849 Pippinum
1231 1778 1343 1844 direxit;
1366 1793 1454 1849 neque
1476 1779 1607 1834 invasoris
1626 1779 1808 1851 Constantini,

163 1861 246 1909 tatem
258 1869 307 1922 per
318 1866 350 1906 ea
362 1862 484 1920 tempora
499 1847 745 1903 demonstrandam.
762 1850 895 1905 Continuo
909 1850 960 1919 igi·
1029 1851 1066 1912 ui,
1079 1847 1209 1918 sacrilega
1219 1849 1423 1903 consecratione
1439 1857 1557 1917 peraeta,
1580 1850 1688 1920 scripsit
1705 1853 1810 1923 pariter

162 1932 208 1978 tur
217 1934 277 1993 post
289 1925 425 1977 decretum
438 1918 588 1982 electionis,
604 1919 818 1984 ordinationem,
833 1936 880 1975 scu
895 1936 961 1975 con·
1010 1867 1041 1975 ιι
1059 1921 1140 1991 pino;
1169 1934 1220 1973 nec
1246 1918 1362 1989 denique
1389 1918 1518 1988 Stephani
1544 1918 1578 1974 lll
1605 1921 1647 1976 cui
1676 1926 1810 1980 successit

162 1995 341 2048 secretionem
351 1991 409 2045 lieri
418 1987 758 2059 consuerisscarguruento
766 1991 959 2056 estindienlus,
1010 1937 1153 2053 Αιιιιιιιιε,
1171 1987 1304 2058 hujusque
1320 1989 1485 2043 successoris
1498 1987 1597 2045 Leonis
1610 1990 1642 2045 ιιι
1659 2007 1708 2061 per
1721 2001 1810 2054 toturn

162 2079 243 2133 guent
257 2063 335 2118 initio
348 2059 525 2116 ordinationis
539 2058 625 2112 euritti
642 2067 748 2112 constat
765 2073 799 2114 ex
816 2060 961 2116 Anastasio
1010 2069 1136 2115 octavum
1148 2059 1285 2123 saeculum,
1298 2059 1377 2113 annis
1387 2058 1537 2128 sexaginta,
1551 2068 1598 2114 ant
1610 2059 1747 2129 llarenna,
1760 2072 1810 2122 ιιι

163 2138 242 2205 (sect.
269 2131 332 2201 583)
353 2141 448 2185 contra
471 2127 602 2183 loannem
625 2127 759 2184 llarennae
779 2131 961 2200 archiopisco-
1010 2129 1243 2198 Constantinopoli
1256 2127 1426 2183 continuatio
1437 2130 1535 2183 decreti
1548 2130 1632 2211 petita
1645 2140 1696 2187 est.
1711 2133 1811 2191 Decre-

163 2219 228 2274 pum
243 2218 250 2257 :
270 2222 279 2254 ι
296 2201 351 2256 Nee
365 2201 479 2262 mimm,
494 2199 595 2267 inquit,
612 2213 661 2252 eur
674 2207 767 2266 postea
782 2201 833 2255 ista
850 2198 959 2266 iecerit,
1011 2208 1068 2254 tum
1078 2215 1142 2255 vcro
1155 2200 1242 2268 ipsum
1253 2199 1406 2254 nullatenus
1417 2198 1555 2253 immutari
1566 2201 1663 2256 debere
1673 2205 1808 2262 sancitum

163 2275 208 2343 qui
227 2273 366 2327 cautiones
382 2279 410 2325 et
427 2268 567 2330 indiculos,
587 2269 632 2335 qui
651 2268 722 2322 soliti
741 2278 803 2324 sunt
821 2270 855 2324 ab
870 2270 960 2325 arehi-
1011 2270 1061 2324 luit
1074 2271 1109 2325 ab
1122 2269 1169 2324 Ste
1189 2269 1260 2323 hano
1273 2269 1367 2323 eodem
1381 2269 1408 2323 in
1422 2268 1546 2333 concilio,
1565 2269 1599 2325 de
1612 2286 1665 2340 quo
1685 2274 1752 2330 satis
1764 2284 1809 2331 est

163 2343 297 2413 episcopis
310 2339 512 2394 Ravennatibus
526 2339 552 2391 in
571 2337 672 2391 scrinio
688 2337 747 2393 tleri
763 2341 790 2393 in
805 2341 882 2394 initio
894 2357 960 2395 con-
1011 2340 1113 2395 dictum
1125 2340 1153 2394 in
1165 2284 1354 2394 Kdmonitionc
1364 2339 1397 2394 ad
1408 2337 1466 2406 ejus
1477 2337 1592 2394 litteras.
1607 2341 1712 2398 Decreti
1725 2347 1809 2401 rerba

145 2411 324 2468 secretionis
334 2425 399 2472 suar,
413 2424 487 2463 more
499 2407 596 2462 Felicis
607 2407 755 2464 decessoris
766 2411 806 2464 sui
821 2409 958 2464 falsavit.»
1011 2409 1089 2464 valde
1104 2423 1168 2479 pers
1187 2409 1247 2463 ieua
1266 2409 1324 2464 haec
1338 2418 1421 2463 suntr
1440 2425 1449 2459 r
1466 2408 1500 2463 Et
1519 2410 1556 2463 ita
1574 2426 1650 2467 more
1669 2413 1748 2470 solito
1761 2415 1810 2470 de-

1228 2477 1373 2545 iaeientes,
1391 2486 1418 2535 et
1432 2478 1459 2532 in
1474 2494 1507 2534 eo
1520 2482 1610 2535 cuncti
1624 2484 1727 2563 pariter
1741 2500 1809 2540 con-

163 2482 278 2539 Perlnde
293 2480 365 2536 enim
380 2487 436 2533 tum
450 2477 509 2532 lreri
522 2489 576 2530 tam
592 2478 618 2531 in
631 2477 761 2532 electione
774 2480 961 2550 episcoporum
1011 2488 1116 2535 cretum

127 2555 128 2560 ’
164 2567 246 2622 quam
265 2549 480 2606 inordinatione
499 2546 671 2670 pontificum,
691 2547 814 2604 formulas
833 2551 897 2672 ipsae
915 2552 963 2607 do-
1011 2550 1155 2604 oordantes
1177 2548 1348 2604 subscribere
1365 2549 1473 2604 debent.
1493 2569 1503 2600 ι
1526 2549 1559 2603 Et
1579 2553 1716 2624 solpungit
1736 2555 1810 2623 guod

165 2629 241 2686 cent,
260 2636 320 2704 quae
333 2627 442 2676 exstant
459 2618 486 2672 in
511 2617 570 2672 ibro
584 2618 700 2683 Diumo;
720 2619 772 2674 hoe
788 2619 843 2674 nibi
855 2623 962 2677 ominus
1012 2619 1130 2673 maxime
1149 2618 1253 2674 attendi
1270 2618 1371 2674 debet:
1390 2636 1400 2670 r
1417 2618 1473 2674 lloc
1491 2619 1582 2690 itaque
1600 2629 1627 2677 et
1644 2622 1671 2677 in
1686 2623 1747 2680 aliis
1761 2640 1808 2680 ec·

163 2709 225 2749 cum
250 2691 418 2754 discrimine,
462 2687 514 2742 uod
538 2688 677 2756 pontilicia
700 2691 868 2746 consecratio
892 2690 963 2748 inter
1011 2689 1101 2745 clesiis
1115 2690 1166 2745 sub
1178 2688 1260 2743 (ιιιιιι
1271 2687 1366 2757 judicii
1379 2689 1559 2745 obtestatione
1573 2691 1744 2750 decernimus
1756 2697 1809 2751 ob·

165 2760 247 2833 Kurie
269 2761 366 2817 eleison
392 2768 419 2814 et
473 2758 540 2811 lorio
570 2758 598 2811 irr
622 2758 729 2812 excelso
752 2761 959 2830 expediebatur;
1012 2760 1184 2816 servandum.
1202 2757 1316 2825 »Quare
1329 2759 1464 2814 Adrianus
1476 2759 1573 2815 Camlo
1590 2762 1647 2834 regi
1662 2766 1810 2821 ostendens

163 2848 179 2888 c
199 2832 324 2901 iscopalis
352 2846 406 2885 non
432 2829 480 2882 ita.
509 2826 612 2881 idcirco
637 2835 679 2882 est
705 2831 775 2899 apud
802 2829 961 2886 Gratianum
1013 2831 1066 2903 (cp.
1080 2831 1125 2895 93,
1138 2827 1173 2885 al.
1187 2826 1231 2900 ιι)
1247 2829 1376 2884 aduersus
1391 2829 1496 2884 turbida
1508 2832 1686 2900 quorumdam
1700 2833 1809 2906 ingenia

164 2850 241 2975 (gap.
259 2901 335 2966 Quod
349 2901 426 2963 sicot,
443 2899 482 2953 lle
495 2896 757 3023 electionegsofer
770 2898 833 2971 eol:
853 2900 962 2968 «Quum
1013 2900 1100 2956 nullas
1124 2900 1150 2955 ei
1173 2909 1266 2970 partes
1288 2914 1349 2955 esse
1371 2899 1397 2954 in
1423 2898 1587 2957 Ravennatis
1612 2903 1810 2975 archicpisoopi

164 2971 238 3027 solus
257 2971 395 3027 Romanus
412 2968 546 3038 pontifex,
568 2967 613 3035 qui
633 2977 695 3021 aute
731 2984 843 3039 ymnum
860 2972 962 3042 angeli·
1012 2970 1167 3027 electione:
1187 2988 1197 3020 ι
1214 2969 1280 3037 Qui,
1295 2970 1346 3034 ait,
1367 2985 1429 3025 cunr
1444 2968 1613 3038 jucunditate
1629 2973 1733 3030 decreti
1750 2991 1810 3031 om·

165 3058 227 3097 curn
244 3048 429 3101 consecratur,
447 3045 474 3092 et
491 3036 662 3118 postmodum
680 3037 738 3107 ipse
754 3040 898 3095 missarum
917 3057 997 3138 ει(ἰ
1013 3041 1087 3095 nium
1112 3055 1240 3095 manuum
1264 3040 1461 3110 subscriptione
1485 3042 1605 3096 roborati
1629 3044 1663 3099 ad
1686 3055 1810 3101 nostram

164 3111 263 3167 lemnia
277 3110 385 3180 incipit,
403 3118 430 3164 et
445 3108 549 3175 perliert
564 3116 746 3170 consecratus,
765 3108 791 3164 in
808 3110 851 3166 die
866 3125 961 3168 couse-
1012 3111 1188 3181 apostolicam
1201 3110 1292 3165 sedern
1305 3111 1499 3176 occurrebant,
1514 3113 1653 3183 proprium
1671 3115 1724 3169 sihi
1741 3117 1811 3170 anti·

164 3181 295 3238 erationis
317 3196 373 3236 suar
393 3179 482 3233 valeat
503 3177 612 3232 ordines
633 3177 780 3233 celebrare.
799 3198 808 3231 ι
827 3180 961 3236 Caetemrn
1013 3181 1104 3236 stitem
1118 3182 1345 3246 consecrandum,
1361 3180 1431 3235 sicut
1443 3188 1470 3235 et
1482 3196 1554 3236 nnnc
1566 3184 1695 3240 canonice
1707 3184 1810 3241 lactum

167 3261 222 3307 tam
235 3251 392 3316 indiculum,
405 3264 485 3332 quam
496 3246 564 3302 duas
576 3255 719 3317 sequentes
729 3248 921 3319 professiones,
935 3253 963 3307 in
1012 3259 1064 3305 est.
1092 3270 1101 3301 ι
1130 3251 1266 3305 llactcnus
1290 3249 1322 3304 de
1345 3252 1546 3307 corrseeratione
1569 3267 1604 3306 ex
1627 3256 1811 3312 monumentis

165 3322 366 3377 desuetudinem
383 3321 463 3375 insse
479 3326 583 3374 certum
598 3325 655 3384 est,
676 3333 822 3388 eammque
843 3321 903 3376 loco
915 3323 963 3377 ad·
1013 3321 1096 3376 certis
1113 3320 1139 3374 in
1160 3320 1393 3376 consarcinatione
1412 3320 1598 3377 Nonantnlana
1618 3325 1809 3381 existentibus.

166 3392 252 3448 biberi
272 3399 388 3461 ereptam
408 3386 566 3450 lormulam,
589 3403 669 3457 quam
687 3388 836 3446 Carnarius
854 3391 960 3464 (illurn.
1051 3390 1104 3446 llll.
1128 3390 1169 3444 Ex
1192 3389 1273 3445 dictis
1298 3389 1331 3444 de
1355 3404 1459 3445 summa
1483 3391 1608 3448 libertate
1628 3394 1811 3452 ordinationis

163 3476 192 3533 p.
220 3463 270 3534 ιιι)
293 3459 398 3517 ιιιιιιι
418 3475 480 3515 eum
502 3456 628 3522 indiculo,
651 3458 684 3514 de
705 3474 758 3528 quo
778 3476 873 3531 nuper.
898 3462 963 3530 Eius
1013 3459 1126 3514 Romani
1138 3460 1273 3530 pontilicis
1288 3475 1394 3514 summa
1413 3461 1478 3515 item
1494 3460 1606 3517 libertas
1616 3463 1811 3523 dominationis

165 3532 337 3602 principium,
355 3530 411 3601 h'go
427 3529 463 3583 N.
478 3527 508 3583 S.
524 3526 755 3593 intaurentur,
771 3530 809 3584 rel
819 3532 962 3602 presbyter,
1013 3537 1114 3586 sanetae
1126 3530 1198 3586 sedis
1226 3530 1253 3585 in
1272 3530 1345 3586 Urbe
1367 3537 1395 3584 ιι
1420 3529 1479 3599 ejus
1489 3531 1588 3586 ducatu
1604 3532 1752 3590 evincitur.
1780 3535 1811 3592 st

165 3600 205 3656 rel
219 3608 354 3672 epncopus
369 3599 443 3654 cord.
459 3598 569 3664 elector,
589 3613 693 3654 necnon
712 3599 853 3670 collegium
869 3618 964 3672 corpo·
1013 3600 1087 3655 enim
1102 3600 1262 3670 obsequium
1276 3614 1427 3672 omneerga
1440 3601 1587 3656 exarchum
1618 3605 1718 3660 nandiu
1733 3606 1811 3662 stetit

164 3670 226 3726 stoli
252 3670 332 3725 Pauli
357 3671 426 3726 citra
449 3666 578 3725 saeculum
601 3684 702 3724 nonum
725 3669 800 3725 illam
824 3670 961 3730 dilicrunt.
1013 3679 1041 3726 et
1053 3672 1196 3741 postmodo
1212 3686 1276 3741 erga
1290 3669 1440 3741 principem
1462 3671 1552 3737 desiit,
1564 3619 1637 3729 ιιιι
1650 3673 1733 3743 igitur
1756 3675 1812 3731 llo·

166 3739 233 3796 Nam
250 3741 337 3811 prima
352 3741 447 3796 electio
459 3739 538 3794 Rom.
556 3740 691 3809 pontilicis
707 3741 877 3813 exepiscopo
892 3742 963 3799 laeta
1013 3741 1102 3796 munis
1130 3757 1192 3797 curn
1220 3740 1332 3810 imperio
1358 3741 1530 3797 necessitudo
1543 3742 1601 3808 luit,
1626 3741 1812 3815 llornanaeque

164 3819 221 3876 est,
235 3820 329 3867 eontra
347 3811 500 3881 apostolice
518 3810 589 3864 sedis
606 3810 790 3880 disciplinam,
811 3827 881 3868 antro
899 3814 961 3878 891,
1014 3812 1124 3867 ditionis
1138 3810 1338 3866 administratio
1356 3825 1438 3880 penes
1458 3812 1651 3882 pontificemet
1672 3813 1811 3873 llomanos

165 3897 227 3937 curn
243 3881 401 3939 Portucnsis
416 3882 559 3951 episeopus
576 3879 722 3936 Formosus
739 3882 774 3937 ab
786 3882 899 3938 ecclesia
914 3899 963 3939 sua
1014 3889 1084 3937 crat.
1102 3881 1283 3937 Nihilominus
1302 3880 1401 3935 littere
1416 3881 1529 3936 Adriani
1552 3882 1704 3953 hujusmodi
1721 3885 1812 3941 domi-

165 3952 297 4008 rlolentcr
309 3953 475 4015 abstractus,
492 3961 520 4005 et
538 3951 571 4004 ad
584 3950 654 4006 Petri
668 3952 825 4007 cathedr-arn
843 3962 962 4022 erectus,
1014 3953 1151 4007 nationem
1175 3951 1324 4007 luculenter
1335 3951 1403 4006 adeo
1421 3959 1569 4017 testantur,
1595 3961 1625 4007 nt
1642 3953 1812 4013 illationibus

165 4020 275 4077 barrida
293 4024 333 4078 sui
352 4021 493 4077 cadaueris
511 4022 677 4089 depositione
693 4030 823 4076 terrorem
841 4024 965 4093 aliquan·
1014 4022 1195 4093 nonsitopus
1214 4021 1248 4075 ad
1271 4036 1328 4075 rem
1351 4022 1502 4076 tenendam.
1530 4021 1591 4079 lant
1613 4025 1730 4082 vidimus
1759 4029 1812 4083 sub

165 4091 210 4147 diu
232 4093 345 4149 incussit
367 4092 487 4156 cereris,
508 4105 546 4171 ne
567 4106 599 4145 ex
620 4092 764 4160 episcopali
786 4092 879 4146 ordine
901 4094 964 4150 illuc
1015 4093 1160 4219 {psalnitia
1173 4091 1332 4164 patriciatus
1349 4091 1454 4216 Ριρίιιι
1467 4095 1538 4164 regis
1560 4095 1706 4164 datumque
1723 4097 1759 4151 ab
1776 4112 1811 4153 eo

185 4163 388 4219 reveherentur.
415 4162 563 4231 Collegium
589 4175 654 4214 tero
677 4159 752 4214 Pauli
781 4162 964 4219 introductum
1034 4163 1131 4233 iploma
1146 4161 1300 4217 donationis
1313 4160 1401 4217 Errare
1421 4170 1482 4217 atus
1506 4174 1534 4217 et
1552 4163 1715 4234 Pentapolis,
1736 4176 1812 4223 ante·

177 4233 216 4287 uit
250 4249 281 4288 er
295 4234 366 4289 idem
380 4241 497 4302 tempus,
514 4229 620 4284 tametsi
634 4231 763 4286 doctrine
796 4232 868 4286 otius
902 4249 964 4289 uam
1015 4249 1096 4303 quam
1127 4231 1280 4315 Stephanus
1298 4230 1321 4285 ll
1341 4231 1422 4286 iniret
1434 4232 1575 4288 civitatum
1598 4239 1810 4318 possessionem,

166 4248 248 4373 29ss
267 4303 437 4359 auctoritatis
453 4305 522 4355 ratio
540 4298 630 4353 babila
646 4299 729 4356 inisse
747 4247 878 4357 ιιιιιιιι.
917 4320 965 4359 au·
1015 4303 1261 4374 qucripontrllcem
1279 4301 1351 4370 quod
1376 4301 1545 4371 Langobardi
1567 4304 1594 4357 ol
1622 4321 1670 4359 sor
1692 4306 1812 4364 rinitores

167 4374 222 4427 lum
244 4374 377 4442 siquidem
396 4388 443 4426 ras
461 4369 602 4425 electionis
621 4369 736 4426 electum
757 4387 772 4425 a
789 4371 898 4429 Christo
912 4374 964 4429 [ιο-
1016 4373 1300 4444 nostrosinprorincia
1315 4370 1435 4426 ιιιιιιιι
1447 4322 1661 4446 ιιιιειιιιιιιιιρ.
1674 4376 1701 4439 8,
1717 4377 1753 4431 al.
1769 4376 1810 4450 ι).

165 4442 254 4505 mino.
281 4450 309 4496 et
331 4442 450 4496 doctoris
470 4440 590 4511 gentium
614 4441 792 4510 appellatione
813 4442 960 4515 insignem,
977 4451 1002 4514 1)
1016 4444 1052 4498 lta
1066 4442 1150 4499 etiam
1162 4456 1342 4506 successores,
1355 4441 1401 4495 uhi
1414 4442 1446 4495 dc
1459 4443 1548 4513 aliqua
1560 4459 1591 4500 er
1607 4445 1642 4499 iis
1652 4446 1811 4504 civitatibus

165 4525 278 4566 summae
297 4512 465 4567 auctoritatis
483 4509 614 4581 collegam
632 4527 692 4567 csse
706 4513 798 4566 datum
817 4512 899 4569 Petro
913 4531 963 4572 nee
1015 4516 1171 4584 loquuntur,
1186 4522 1289 4568 nostros
1302 4527 1349 4566 eas
1361 4511 1464 4567 dieunt.
1479 4513 1519 4568 Ex
1534 4514 1745 4572 Adrianiautem
1757 4520 1813 4588 epi·

165 4582 319 4647 traditione,
342 4596 393 4638 uec
415 4581 571 4651 Scriptura,
596 4595 646 4636 nce
668 4581 779 4637 Parrum
800 4585 964 4642 testimoniis
1013 4586 1090 4640 stolis
1099 4584 1214 4654 plurima
1225 4582 1355 4652 ejusmodi
1368 4591 1512 4652 suppetunt
1520 4585 1652 4657 exempla.
1670 4584 1749 4641 lione
1767 4604 1811 4640 ιι-

165 4655 367 4723 comprobatur.
1013 4666 1096 4711 strom
1116 4653 1263 4707 llornonom
1278 4653 1408 4706 eiritotenr
1431 4653 1485 4723 (ep.
1504 4654 1558 4719 57,
1577 4657 1612 4709 al.
1626 4654 1672 4728 59)
1692 4656 1812 4728 appellat

202 4723 234 4778 V.
254 4722 434 4779 Proiessionis
451 4722 521 4793 apud
540 4723 663 4787 lronem,
682 4722 856 4792 Gratianum,
875 4725 962 4782 Anto·
1014 4727 1105 4782 sedern
1118 4723 1215 4795 regalis
1226 4722 1382 4785 sacerdotii,
1400 4725 1566 4779 rrtciritotem
1577 4736 1695 4779 nostram
1707 4726 1811 4781 castelli

165 4794 238 4849 uimn
258 4794 455 4864 Augustinum,
478 4803 505 4848 ιι
526 4794 672 4849 llaronium
692 4793 808 4850 celebris
828 4797 961 4852 modicam
1013 4794 1237 4923 {elicitotisrncat
1250 4807 1331 4847 unam
1347 4806 1380 4846 ex
1397 4791 1502 4849 Tusciae
1519 4795 1715 4864 Langobardiae
1734 4797 1810 4851 urbi-

163 4881 224 4920 earn
238 4873 358 4935 partem,
376 4880 429 4935 qua
444 4864 543 4920 Paulus
557 4865 746 4930 introducitur,
762 4864 886 4922 conlerrc
899 4883 961 4923 cum
1032 4882 1073 4930 us,
1088 4880 1156 4935 quas
1166 4864 1280 4919 donarat
1292 4861 1504 4934 Caroluslepist.
1517 4864 1561 4930 55,
1573 4867 1609 4920 al.
1624 4865 1680 4991 ιιι).
1695 4866 1810 4922 Nostros

164 4935 291 5000 indiculo,
311 4936 356 5006 qni
377 4951 425 5006 per
445 4951 545 4990 nonum
567 4934 695 4991 sacillum
717 4935 840 5005 rigebat,
862 4937 911 4993 abs
932 4953 962 4994 re
1015 4936 1149 4991 llomonor
1173 4933 1340 4988 acalumnia
1357 4934 1527 5001 vindicaret
1550 4953 1627 4990 nores
1670 4936 1810 4990 'rarorum

164 5022 217 5061 non
231 5007 292 5061 erit.
306 5006 441 5063 indiculus
457 5006 540 5078 igitur
553 5005 592 5060 sic
603 5004 661 5060 ιιιιι
675 5020 682 5059 :
700 5023 709 5057 ι
727 5005 803 5060 ιιιιι
815 5021 886 5062 rere
899 5007 962 5064 lidei
1031 5008 1099 5061 eatis
1110 5005 1137 5058 ιι
1150 5014 1226 5075 porta
1239 5003 1350 5058 clritotir
1369 5016 1465 5058 nostre
1484 5005 1715 5061 Centumcellerrris
1737 5021 1809 5060 corrr-

163 5077 353 5133 rectltudincm
375 5092 473 5147 quam,
497 5077 605 5132 Christo
629 5084 739 5132 anctore
758 5076 893 5144 tradente,
913 5094 963 5160 per
1014 5023 1074 5131 ιιιι
1090 5090 1119 5132 ει
1135 5074 1231 5129 ιιιιεει
1243 5073 1281 5127 ιιι
1294 5071 1429 5128 littoribus
1447 5074 1559 5132 infestas
1573 5078 1627 5149 lep.
1640 5075 1685 5142 65,
1701 5076 1738 5130 al.
1750 5076 1807 5146 85).

164 5163 337 5203 successores
357 5156 418 5203 tuus
431 5157 512 5218 atque
526 5147 671 5217 discipulos
683 5161 768 5232 usgue
782 5149 816 5202 ad
831 5149 963 5220 exiguita-
1015 5147 1171 5215 Eademque
1180 5159 1291 5214 prorsus
1304 5143 1484 5225 appellatione
1503 5162 1547 5201 res
1560 5148 1587 5201 ιι
1601 5148 1742 5201 territoriis
1762 5164 1810 5201 no·

164 5228 219 5274 tem
235 5234 323 5275 meam
335 5217 482 5289 perlatam,
497 5218 524 5272 in
539 5226 584 5272 tua
603 5226 696 5273 sancta
715 5217 836 5272 beelesia
856 5220 960 5290 reperi,
1015 5219 1077 5274 stris
1091 5217 1168 5281 sitas,
1182 5223 1209 5269 et
1223 5215 1356 5269 territorio
1370 5225 1458 5268 rrortro
1472 5219 1600 5281 nominor,
1613 5217 1659 5271 uhi
1672 5219 1706 5271 de
1721 5218 1809 5272 lixar-

166 5291 229 5345 totis
242 5290 384 5347 conatibus
398 5289 466 5344 meis
479 5304 565 5357 usque
579 5289 614 5343 ιιι
633 5289 750 5342 animam
763 5295 791 5342 et
803 5294 961 5360 sanguinem

164 5362 311 5425 custodire,
331 5370 538 5431 tempommquc
553 5358 723 5414 dilllcultates
740 5374 802 5414 curn
822 5368 869 5414 tuo
887 5360 964 5430 adju-

166 5431 236 5484 torio
249 5433 396 5488 toleranter
409 5430 532 5487 sufferre.
549 5449 558 5482 ι
574 5427 710 5486 Ριιιιεειο
721 5444 794 5492 tero,
809 5429 884 5499 errius
897 5441 963 5487 eta-

165 5503 221 5551 tem
233 5499 381 5557 Camerina
395 5519 449 5558 non
464 5510 538 5557 reete
551 5500 690 5555 constituit
705 5516 777 5556 none
792 5502 900 5566 seculo,
917 5516 963 5557 ca-

166 5567 229 5623 dem
251 5571 323 5626 bune
345 5572 373 5626 ιι
397 5573 506 5628 modum
529 5569 633 5642 prolert
656 5589 663 5625 :
691 5590 700 5622 ι
729 5570 784 5626 Sed
805 5587 877 5628 rere
900 5571 962 5627 lldei
1014 5571 1033 5640 ιι

168 5639 370 5707 matutinam,
386 5657 466 5712 qrram
480 5642 589 5699 Christo
601 5651 712 5698 auctore
725 5642 848 5699 tradente
860 5650 960 5713 perte,

165 5722 192 5772 ιι
213 5709 398 5768 beatissimum
420 5722 495 5767 tuum
516 5714 698 5783 coapostolum
717 5712 846 5779 Paolum,
867 5721 895 5768 et
914 5728 965 5783 per

1015 5289 1096 5344 elratu
1110 5287 1166 5358 agit
1181 5287 1234 5355 (ep.
1252 5285 1302 5349 83,
1316 5283 1352 5337 al.
1376 5284 1422 5356 et)
1439 5300 1493 5354 qua
1514 5288 1572 5342 loca
1585 5296 1612 5342 et
1631 5302 1675 5341 res
1693 5287 1810 5343 {tomani

1015 5357 1138 5413 ducatus.
1155 5357 1266 5426 lnsnper
1283 5355 1315 5408 de
1336 5354 1518 5411 ecclesiastica
1530 5358 1633 5412 ditione
1660 5357 1756 5412 iisdem
1771 5356 1811 5412 lo-

1015 5428 1108 5499 quitur
1133 5426 1254 5490 roribus,
1271 5424 1349 5494 queis
1358 5424 1392 5480 de
1407 5426 1573 5497 amplissima
1585 5428 1686 5482 ditione
1701 5427 1807 5492 Caroli;

1014 5498 1126 5570 perinde
1137 5497 1209 5553 enim
1221 5506 1318 5550 uestros
1331 5495 1406 5564 finer,
1422 5506 1520 5553 nestros
1533 5509 1636 5568 portes,
1655 5513 1687 5553 ae
1706 5506 1810 5553 nostros

1036 5585 1089 5633 ner,
1111 5575 1307 5637 rrostrorportes
1321 5566 1461 5637 utriusque
1482 5568 1594 5624 dominii
1620 5569 1744 5639 regiones
1761 5582 1810 5639 ap-

1013 5640 1095 5711 pellat
1109 5641 1162 5709 (ep.
1185 5637 1229 5701 8ι,
1246 5636 1281 5689 ιι.
1300 5636 1356 5708 91).
1373 5635 1484 5691 Summa
1510 5649 1552 5695 est
1568 5638 1626 5710 pari
1645 5638 1810 5694 auctoritate

1014 5709 1156 5782 pontitices
1169 5708 1321 5763 dominatos
1342 5721 1404 5762 esse
1431 5708 1457 5763 iu
1482 5709 1555 5766 une
1574 5720 1601 5765 ιι
1621 5709 1680 5780 ejas
1695 5710 1808 5777 elacata,
