3780 6120
128 254 186 313 353
294 257 372 316 COD.
393 258 528 317 breton.
540 294 576 306 -
589 263 734 330 mundat..
755 266 842 332 inc..
861 268 929 324 silit
949 267 1063 325 tubex
1081 265 1287 331 tabutinus
1307 299 1342 315 *-
1360 275 1434 331 bru.
1453 278 1602 336 ntttttabl.
1710 284 1764 343 ito

166 386 272 432 sancte
288 378 357 440 seli,
386 379 507 448 pontifex
529 380 612 433 mittit
640 397 704 437 snos
728 383 830 452 legatos
858 381 927 451 Aga·
942 381 1141 452 Aelanigerum
1156 386 1229 455 regni
1252 385 1393 452 celorum,
1408 388 1544 453 victorias,
1570 407 1638 459 utras
1655 392 1766 465 idme,

165 446 518 585 temtamina?
532 449 936 591 ,⁰⁰⁶0
979 474 1099 547 itm
1267 479 1315 535 e
1349 492 1512 550 omi
1540 492 1568 539 a
1601 494 1766 558 ,snm

164 586 273 640 sionem
284 595 387 657 mm·
405 589 540 644 wamhs
562 590 701 659 hucusque
721 591 756 646 ab
770 607 803 645 eo
828 592 928 647 mm
978 565 1070 619 multis
1086 566 1254 625 documentis
1266 570 1300 625 dc
1313 572 1410 628 vestris
1426 573 1515 628 edatis
1537 577 1703 638 muneribus.
1715 578 1768 636 Ec-

166 652 230 710 dirc
252 655 333 715 Petro
353 657 527 714 ascribendas
551 674 620 724 esse,
649 659 692 715 cni
710 677 770 731 quae
789 663 927 716 territoria
979 655 1062 710 clcsia
1076 657 1147 712 beati
1164 660 1237 715 Petri
1259 663 1364 726 enituit,
1379 671 1435 718 tam
1460 665 1494 719 dc
1514 666 1669 723 civitatibus
1685 685 1767 740 quam

166 733 195 778 θ*
219 725 344 780 &lilim
371 723 487 796 Ῑιῐίιῗῑῑ·8
511 736 580 809 elib
608 738 685 799 dim
710 730 812 785 ⁰b¹³¹i⁰
840 729 929 810 sumi
978 746 1013 801 de
1027 747 1140 804 diversis
1168 752 1312 807 territoriis
1336 754 1387 808 sub
1410 754 1564 825 integritate
1584 767 1595 796 ⁰
1616 759 1702 816 eidem
1721 760 1768 816 bet

167 810 276 848 summo
289 796 355 859 lico,
367 811 504 866 perquem
527 808 638 863 vicerat,
668 813 835 869 regnumque
858 813 926 867 crus,

167 880 201 920 ac
224 866 298 936 regia
320 865 422 921 larnilia
447 866 473 921 in
492 868 620 922 universo
639 877 773 924 terrarum
794 872 861 925 orbe
883 886 929 926 ec·
979 841 1327 908 ²⁹⁰⁵¹⁰¹⁰²v⁰bi⁵⁰ffmi⁸
1341 845 1575 920 [¹d”⁰h¹³¹i⁸]‘e²
1588 850 1647 906 “¹⁰⁰
1659 866 1770 920 pm*

167 933 251 991 pebfis
265 934 363 990 effecta
375 946 445 990 em,
979 937 1020 983 tes
1034 940 1151 985 vestram
1166 949 1181 986 a
1197 934 1251 989 Deo
1281 945 1433 1003 promotam
1458 939 1574 1008 regalem
1596 942 1767 999 clementiam

978 1017 1104 1084 petimus,
1119 1028 1148 1073 ut
1163 1023 1262 1076 siccata
1278 1032 1366 1078 restra
1387 1028 1597 1093 pratrectissima
1608 1030 1769 1089 excellentia

166 1108 273 1167 Domno
291 1123 304 1152 ⁸
322 1106 550 1168 excellentissimo
575 1111 630 1168 blio
647 1118 793 1183 nostroque
812 1112 928 1183 spiritali
978 1106 1058 1165 beato
1083 1109 1163 1167 Petro
1193 1114 1322 1169 nutritori
1347 1124 1446 1184 restro,
1476 1133 1529 1187 pro
1560 1119 1767 1179 luminarionrm

129 1201 146 1242 ὓ
165 1200 299 1270 compatri
317 1199 425 1267 Carolo,
448 1204 506 1273 regi
536 1202 701 1257 Francorum
722 1213 749 1259 et
767 1203 925 1273 Langobar·
978 1200 1238 1269 concinnationibus,
1263 1214 1344 1274 atque
1365 1206 1500 1263 alimoniis
1512 1224 1671 1279 pauperum,
1687 1211 1760 1268 Sati-

128 1293 229 1349 dorum
244 1306 326 1363 atque
346 1291 462 1362 patricio
477 1292 669 1359 Romanomm,
697 1293 832 1349 Adrianus
845 1309 924 1365 papa.
978 1304 1062 1345 nense
1076 1292 1244 1348 territorium
1259 1295 1309 1349 sub
1330 1296 1485 1367 integritate
1507 1313 1665 1355 eoncessum
1677 1310 1720 1357 est
1737 1303 1768 1366 i,

166 1387 269 1442 beatus
301 1383 387 1439 David
411 1399 459 1438 rex
488 1392 517 1440 et
532 1383 671 1455 propheta,
707 1383 810 1455 Spiritu
832 1392 928 1440 sancto
977 1379 1018 1435 ita
1037 1381 1064 1438 id
1088 1383 1195 1439 tradere
1210 1383 1346 1454 integrum
1372 1385 1460 1440 eidem
1473 1385 1520 1441 lici
1544 1390 1678 1458 apostolo,
1700 1406 1770 1461 prae-

127 1475 262 1548 rcpletus,
287 1489 339 1545 pro
364 1472 448 1528 laturi
473 1472 549 1544 regni
573 1475 657 1530 nestri
682 1489 746 1545 erga
763 1475 835 1530 beati
853 1474 927 1529 Petri
978 1469 1197 1526 tidianterestro
1210 1472 1459 1540 praecellentissimo
1482 1476 1589 1543 annisu,
1610 1479 1768 1550 dipmmini.

129 1567 318 1638 apostolomm
341 1563 474 1635 principis
499 1571 620 1619 sanctam
640 1561 790 1619 Ecclesiam
813 1564 940 1619 benivo-
977 1560 1113 1634 Quidquid
1138 1563 1210 1618 euim
1242 1565 1318 1635 regui
1346 1565 1476 1623 coelorum
1495 1565 1608 1636 janitori
1630 1573 1711 1628 besto
1722 1573 1772 1629 Pe·

127 1656 215 1714 lentia
230 1657 367 1727 digneque
381 1653 478 1711 solatia
491 1668 524 1709 ac
546 1652 762 1723 splendidissima
788 1653 925 1708 rutilantia
979 1661 1022 1708 tro
1040 1652 1162 1722 apostolo
1188 1652 1300 1720 affertis,
1332 1653 1359 1710 in
1382 1657 1548 1728 sempiterna
1567 1662 1701 1718 memoria
1719 1678 1770 1732 pro

125 1760 225 1810 orans,
249 1744 364 1800 cauitet
377 1741 444 1799 dicit
463 1741 523 1815 (Pe.
544 1744 629 1814 exuri)
653 1759 660 1795 :
680 1741 792 1806 Mende,
804 1741 924 1809 Domine,
940 1726 964 1786 Β
978 1744 1056 1800 vobis
1081 1743 1215 1813 simulque
1233 1753 1260 1800 et
1281 1746 1531 1814 precellentissima
1551 1749 1608 1806 blla
1630 1761 1724 1808 nostra
1743 1763 1772 1811 et

126 1838 251 1892 niumm
266 1845 348 1899 tuom,
368 1832 497 1904 confitero
517 1833 577 1897 boc,
591 1833 671 1898 Dens,
686 1834 926 1904 quodoperotuses
977 1834 1092 1906 spiritali
1115 1844 1264 1891 commatre
1284 1846 1296 1875 ⁸
1315 1835 1397 1906 385
1422 1837 1522 1894 domna
1544 1841 1649 1912 regina,
1675 1850 1703 1896 et
1720 1858 1771 1912 pro

126 1922 159 1980 ιιι
172 1925 246 1979 neiis
259 1941 277 1977 o
290 1921 386 1994 templo
398 1933 489 1978 teneto
502 1933 559 1990 tue,
574 1925 644 1995 quod
663 1934 700 1979 est
714 1925 742 1978 ie
761 1924 908 1980 Jerusalem
916 1943 926 1991 ,·
966 1919 1077 1980 'vestris
1091 1924 1267 1980 nobilissimis
1280 1933 1362 1994 atque
1375 1925 1611 1984 excellentissimis
1623 1930 1707 1996 natis,
1719 1948 1770 1989 uec

122 2015 177 2069 tibi
200 2015 314 2084 offerent
338 2029 410 2084 repes
435 2026 556 2068 munero.
581 2014 623 2069 Ex
646 2015 746 2086 quibus
770 2016 927 2072 muneribus
976 2030 1031 2070 non
1054 2022 1081 2069 et
1102 2030 1151 2084 pro
1167 2014 1241 2070 omni
1260 2013 1369 2072 Christo
1387 2016 1484 2073 dilecta
1499 2018 1656 2090 genealogia
1667 2030 1767 2087 restra

126 2105 219 2159 ditata
246 2101 376 2174 spiritalis
397 2112 486 2158 mater
509 2112 600 2160 vestra
631 2113 732 2177 sancta,
754 2106 927 2162 catholicaet
977 2101 1140 2158 secrillcium
1159 2101 1334 2173 purissimum
1357 2113 1438 2176 atque
1461 2106 1647 2165 holocaustum
1671 2111 1769 2171 divium

126 2194 279 2265 apostoliea
295 2191 417 2248 Romana
437 2191 569 2260 Ecclesia,
584 2211 634 2266 per
644 2204 734 2252 restra
749 2212 764 2250 a
779 2196 927 2270 licum¹
976 2192 1119 2249 suavinus
1144 2193 1227 2251 odore
1252 2193 1389 2266 fragrante
1414 2197 1442 2253 in
1465 2214 1512 2254 ara
1540 2200 1625 2256 t'estri
1648 2205 1769 2271 pectoris

126 2292 254 2355 protecta
285 2284 421 2341 laboriosa
448 2284 606 2350 certamina,
627 2284 744 2341 relevata
766 2286 925 2354 exsultata
977 2283 1036 2354 ejus
1051 2285 1178 2340 invisibili
1201 2285 1338 2355 majestati
1370 2290 1505 2354 mactatis,
1521 2298 1548 2345 et
1567 2306 1617 2361 pro
1636 2302 1692 2349 tam
1712 2310 1771 2350 ma·

125 2376 235 2447 templo
251 2385 346 2432 sancto
362 2376 434 2431 beati
449 2376 524 2432 Petri
549 2375 664 2434 fautoris
677 2378 769 2434 vestri.
791 2377 926 2450 Confirmo
976 2377 1119 2446 gnacobis
1140 2391 1270 2432 concessa
1286 2390 1301 2431 a
1323 2377 1378 2437 beo
1403 2393 1485 2449 super
1510 2395 1604 2437 omnes
1630 2397 1708 2451 reges
1723 2399 1771 2453 per

123 2465 189 2530 doe,
202 2463 284 2531 bees,
300 2465 370 2537 quod
383 2477 505 2538 operatos
518 2485 545 2523 cs
566 2466 682 2541 lierni,
705 2467 857 2526 confirmat.
872 2510 880 2524 .
894 2510 924 2525 ..
976 2468 1086 2524 beatum
1117 2468 1228 2524 Petrum
1251 2468 1349 2540 gratia,
1383 2470 1473 2526 nullus
1497 2473 1534 2527 sit
1548 2473 1581 2528 de
1604 2474 1770 2531 adversariis

123 2565 260 2628 operatus
276 2557 330 2631 est]
349 2558 377 2612 in
407 2558 493 2625 nolis,
518 2560 614 2616 crebro
641 2561 782 2617 orantibus
807 2561 834 2617 in
850 2562 926 2618 vobis
976 2559 1022 2628 qui
1035 2566 1126 2614 vestro
1141 2557 1272 2615 mellifluo
1295 2547 1370 2616 cordi
1383 2561 1496 2616 suadere
1511 2562 1609 2626 calcat,
1630 2565 1665 2620 ab
1678 2581 1771 2620 amore

126 2648 311 2718 triumphum,
327 2657 356 2704 ct
370 2650 480 2705 mandat
503 2650 624 2720 quotidie
640 2651 767 2707 virtutem
787 2666 863 2708 suam
874 2668 927 2724 per
975 2650 1048 2706 beati
1066 2649 1140 2705 Petri
1159 2649 1273 2722 apostoli
1293 2651 1457 2720 protectoris
1477 2652 1562 2706 vestri
1583 2666 1660 2708 seua
1676 2665 1768 2709 nostra

125 2742 241 2799 beatum
264 2742 374 2796 Petriana
396 2741 579 2811 apostolorum
598 2741 761 2813 principem,
773 2744 850 2800 uobis
862 2745 927 2801 sub-
975 2740 1128 2807 dilectione,
1142 2757 1224 2812 qtram
1235 2757 1321 2812 usque
1330 2750 1454 2813 optantes
1463 2745 1767 2820 permanemus[lomb.

121 2826 227 2900 ficiens
239 2845 335 2886 omnies
354 2829 486 2886 barbaras
501 2830 634 2897 nationes,
650 2830 766 2888 dilatans
777 2839 858 2904 atque
872 2849 926 2890 am
976 2833 1039 2888 edd.
1059 2830 1208 2905 recederel,
1227 2840 1258 2888 ut
1280 2848 1335 2890 nou
1352 2832 1460 2890 deliciet
1481 2833 1541 2890 laus
1564 2845 1654 2892 vestra
1667 2851 1717 2906 per
1728 2848 1770 2894 to-

122 2921 204 2995 plius
221 2920 387 2979 exaltansiu
401 2929 459 2978 toto
478 2922 544 2978 orbe
559 2931 692 2978 terrarum
705 2924 926 2996 vestrumsplen-
975 2931 1034 2979 turn
1066 2925 1160 2981 orbem
1192 2931 1324 2980 terraram
1359 2924 1393 2982 tle
1406 2938 1455 2980 ore
1475 2924 1615 2980 boninum
1641 2925 1769 2984 victorias

124 3012 303 3068 didiscimmn
324 3025 458 3083 mgnum,
478 3019 505 3066 et
519 3001 646 3082 quoniam
665 3027 720 3068 non
740 3011 924 3084 raletlingure
976 3015 1084 3072 vobisa
1108 3017 1164 3073 beo
1188 3031 1332 3074 concessas
1356 3017 1560 3088 predicantium
1579 3033 1612 3075 ac
1631 3017 1770 3077 diffaman-

122 3110 231 3159 ucstrre
243 3096 377 3158 lerculum
390 3108 420 3156 ut
434 3100 546 3174 dignum
568 3110 610 3158 est
629 3101 663 3158 de
680 3109 771 3159 restro
792 3064 961 3174 precelsoc
976 3107 1054 3162 tium.

125 3193 253 3264 mihique
283 3191 442 3249 dulcissimo
476 3207 569 3248 amore
603 3193 747 3263 explicare,
774 3194 923 3265 apostolica
1007 3198 1408 3273 magnoperet[tont.,tem.,
1421 3199 1518 3276 Opere]
1531 3202 1768 3275 enimdireximus,

122 3296 196 3339 voce
220 3280 424 3355 proclamamus
444 3281 565 3339 dicentes
592 3282 744 3356 (llelr.1):
775 3283 923 3356 llultiferie
971 3296 1070 3346 vestrm
1086 3290 1170 3360 regali
1193 3292 1321 3361 potentias
1339 3290 1510 3349 fidelissimos
1534 3294 1632 3351 cissos
1648 3304 1767 3361 nostros,

122 3374 269 3446 nullitate
284 3374 371 3428 modis
390 3368 539 3429 olint'Deut
562 3374 670 3445 lentem
691 3376 922 3449 patribctinpro·
971 3384 1098 3442 videlicet
1118 3383 1324 3441 dilectissimum
1340 3383 1431 3441 'bium
1450 3396 1576 3442 nostrum
1597 3386 1766 3458 Agatlrouem

120 3466 220 3539 pictis,
236 3466 378 3522 concine
397 3467 488 3522 diebus
512 3468 580 3533 istis,
595 3482 646 3538 per
658 3469 788 3540 unigeniti
807 3469 849 3525 sui
861 3485 922 3527 ma·
971 3473 1126 3539 diaconum,
1146 3490 1193 3531 scu
1215 3474 1386 3531 Tbcudurum
1403 3475 1646 3533 eminentissimum
1665 3492 1767 3534 corisu-

122 3557 234 3631 gniboee
255 3558 422 3631 operationis
447 3560 574 3616 virtutem
598 3561 716 3616 ostendit
743 3561 877 3633 magnalia
895 3564 921 3618 in
972 3565 1025 3621 lem
1047 3575 1075 3620 ct
1099 3567 1205 3631 ducem,
1229 3575 1407 3636 nostrumque
1433 3575 1559 3636 nepotem
1581 3569 1608 3634 ⁸,
1631 3567 1677 3637 qui
1708 3568 1767 3623 rice

125 3646 194 3707 orbe
218 3659 366 3717 terrarum,
386 3652 489 3707 donans
516 3653 592 3708 rolris
611 3666 661 3722 per
682 3653 791 3708 beatum
809 3653 922 3710 Petmm
972 3663 1065 3712 nostra
1089 3655 1167 3711 vobis
1188 3655 1355 3710 enucleatius
1376 3654 1448 3709 sicut
1473 3652 1653 3722 cimicem
1673 3657 1766 3726 posui-

122 3798 175 3854 pre
190 3781 359 3839 exaltatione
382 3791 483 3838 sanctae
499 3783 547 3840 lici
570 3783 699 3840 Ecclesiae
713 3801 720 3850 ;
742 3785 817 3841 etde
843 3787 922 3842 terri-
971 3792 1022 3843 ctae
1043 3784 1100 3840 sedi
1121 3785 1209 3840 aiebat
1228 3783 1360 3866 pontiler.
1382 3782 1410 3839 ιιι
1426 3784 1498 3837 enim
1514 3782 1680 3841 discriminis
1694 3787 1764 3842 inter

123 3852 197 3908 toric
208 3852 354 3909 &vicensi
366 3853 448 3925 lagro
473 3853 629 3925 Sabinensil
645 3855 726 3924 petit,
740 3864 770 3909 ut
783 3856 852 3911 sicut
862 3857 922 3926 pol-
971 3861 1136 3911 memoratas
1157 3854 1315 3924 provincias
1338 3859 1473 3916 occurret,
1498 3857 1570 3922 quod
1589 3854 1667 3908 runica
1685 3855 1765 3910 Sabi·

121 3920 326 3990 &incinerat
342 3923 369 3978 in
393 3923 499 3994 integro
514 3923 557 3997 ,lin
570 3923 718 3998 integrum]
737 3927 858 3981 contradi
874 3924 920 3995 ιιι-
970 3929 1063 3983 nensis
1085 3935 1197 3979 vocatur
1218 3922 1359 3979 savinense
1376 3922 1589 3992 patrimonium
1608 3923 1672 3993 quia
1691 3925 1764 3980 seili-

123 3991 196 4048 beat.
221 4013 232 4044 ι
263 3992 347 4048 (lenm
651 4054 657 4065 ,
938 4050 940 4055 ⁴
970 4005 1013 4053 eet
1027 3994 1219 4066 patrimonium
1236 3993 1444 4048 et'territorium
1469 3990 1762 4064 iadillercnterappel·

158 4075 173 4105 ⁸
194 4061 275 4118 Sum.
289 4062 334 4127 ll,
348 4064 409 4118 Ber,
421 4072 449 4118 et
461 4061 540 4119 Ceut.
561 4062 663 4121 Gners.
968 4065 1077 4121 labatur
1091 4079 1122 4120 ea
1135 4062 1283 4135 provincia,
1300 4069 1330 4117 ut
1342 4061 1398 4118 ιιιιι
1412 4061 1439 4114 in
1451 4058 1556 4115 Comm.
1568 4075 1653 4131 praev.
1673 4063 1760 4135 (num.

157 4131 366 4203 ¹’llicsempcr
379 4133 473 4189 titulus
486 4135 514 4189 in
535 4138 710 4204 sequentibus
733 4136 856 4206 epistolis
874 4151 921 4192 oc·
970 4135 1027 4205 ιι).
1059 4136 1087 4190 ιιι
1105 4135 1127 4190 si
1149 4133 1248 4189 Palus
1274 4131 1517 4195 animaduertisset,
1541 4130 1614 4185 baud
1637 4130 1764 4189 invertis-

122 4203 230 4269 currit3
249 4202 577 4273 quarellnualistmltala
599 4207 709 4262 easdem
734 4222 795 4261 cum
826 4206 921 4262 relatis
971 4215 1012 4261 set
1038 4204 1166 4276 epistolas
1187 4150 1246 4259 {rac
1267 4203 1352 4258 dere
1376 4210 1497 4282 agentes,
1513 4206 1542 4255 ut
1566 4200 1761 4259 territoriuma

125 4273 249 4329 miscenti
262 4288 316 4328 nou
329 4273 504 4339 audiendum,
517 4283 547 4329 ut
567 4275 672 4330 aiebam
682 4278 712 4331 in
723 4291 821 4331 comm.
834 4291 917 4345 praev.
968 4275 1133 4348 patrimonio
1147 4281 1311 4338 secerneret,
1327 4273 1399 4342 quod
1416 4269 1593 4326 nibilominus
1613 4286 1667 4326 noa
1680 4271 1761 4339 iecit,

124 4343 258 4410 Coin'tius,
284 4350 313 4399 et
328 4358 391 4400 cum
415 4359 449 4399 co
473 4345 509 4399 Pa
530 4345 573 4400 ius
602 4346 676 4415 (782,
698 4362 773 4402 num.
796 4345 824 4418 l)
844 4354 918 4404 recte
970 4347 1018 4402 sed
1035 4356 1119 4400 totam
1136 4343 1253 4399 turbavit
1270 4343 1411 4399 historiam
1439 4340 1513 4412 (aaa.
1529 4340 1677 4407 i8l,n.l;
1698 4342 1761 4408 782,

126 4413 350 4485 iancqristolam
372 4412 433 4469 aliis
455 4429 492 4485 pr
522 4423 602 4470 crunt
621 4417 655 4472 de
678 4415 754 4473 Terr.
768 4415 861 4472 Sabin.
882 4415 997 4479 dion.
1020 4414 1073 4487 li,
1103 4430 1165 4469 nam
1188 4413 1288 4470 cointii
1322 4412 1541 4468 allucinationem
1577 4426 1632 4466 aon
1665 4414 1762 4469 sende

126 4484 243 4552 mstolae
255 4484 341 4554 ipsius
352 4484 493 4539 exordium
506 4484 645 4555 patefecit,
684 4487 780 4541 rimam
794 4487 915 4541 omnium
968 4487 1061 4541 lictari
1077 4494 1167 4539 autern
1180 4483 1269 4548 debet,
1292 4496 1346 4538 non
1370 4481 1451 4538 modo
1475 4481 1593 4546 nomine,
1610 4483 1658 4538 sed
1680 4484 1763 4540 etlam

129 4562 351 4624 equuuntur
367 4553 472 4610 conseri
493 4564 547 4611 mm
571 4570 640 4612 esse.
661 4503 805 4626 ssropteres
818 4555 916 4612 Adria·
968 4555 1132 4619 conditione,
1147 4553 1312 4610 territorium
1332 4553 1404 4609 istud
1416 4552 1579 4623 patrimonia
1594 4552 1705 4620 imitari,
1720 4563 1765 4610 ιιι-

130 4625 265 4749 mni
283 4638 377 4749 meeum
403 4570 499 4750 Apdrg‘i),
520 4626 588 4708 ,dum
606 4626 719 4682 Carolus
739 4626 832 4749 Rome
845 4633 914 4748 efai,
967 4635 1031 4705 pote
1050 4623 1211 4749 pffregrinis,
1237 4624 1411 4695 pauperibus,
1427 4637 1459 4678 ac
1481 4621 1660 4679 luminaribus
1683 4625 1762 4681 addi-

134 4774 230 4820 ·tutes
242 4703 917 4846 3103ιιιὲιιιιιῗιμειιιἒῖιέἓὲἑηειῖΐὲιιιῧξιὲερῗιιιθιιιιθ
968 4705 1159 4819 εωοωιιιιῖιιιηι
1173 4763 1325 4817 commatris
1345 4777 1453 4833 semper
1476 4761 1603 4845 deinceps
1629 4762 1758 4820 invenies.

135 4833 252 4891 ueiibile
267 4841 320 4889 est
339 4832 398 4888 linc
415 4834 528 4900 accedat,
549 4834 620 4904 quod
633 4836 686 4890 iter
712 4836 856 4891 missorum
878 4835 916 4890 ul·
967 4835 1088 4907 quandiu
1101 4833 1269 4904 llildegardis
1281 4833 1373 4904 regina
1388 4841 1525 4902 superstes
1540 4832 1601 4898 lun,
1621 4833 1692 4902 qnod
1707 4849 1761 4889 non

137 4904 302 4975 trocitruquc
326 4903 450 4958 euntium
467 4906 568 4978 ,eadem
582 4904 616 4961 de
632 4920 724 4970 causa,
745 4915 772 4961 ct
786 4905 916 4976 quidquid
968 4905 1075 4962 modico
1089 4902 1245 4973 aetiumeuto
1264 4912 1307 4959 est
1327 4904 1361 4959 ad
1386 4901 1539 4958 litteramm
1558 4902 1762 4974 chronologiam

138 4981 226 5036 mcum
246 4975 282 5029 eb
303 4973 337 5029 ile
361 4971 423 5040 luit,
452 4971 564 5041 iubente
587 4990 695 5045 semper
714 4975 822 5040 Carolo,
839 4990 916 5030 coar·
966 4974 1167 5033 stabiliendam.
1185 4973 1225 5028 lo.

139 5045 191 5099 elui
204 5045 232 5099 ιιι
247 5043 406 5100 eumenius
431 5046 573 5114 sapietiae
597 5062 652 5101 nou
672 5046 782 5113 debent,
793 5047 915 5115 adeoque
1004 5043 1134 5100 lCodicis
1152 5042 1296 5099 lectionem
1308 5042 1454 5097 restituunt
1471 5041 1599 5098 Lambec.
1620 5051 1649 5097 et
1667 5041 1763 5097 ilenti-

140 5111 209 5175 lfim
222 5116 282 5172 laec
302 5115 399 5175 saltem
415 5113 531 5183 epistola
544 5115 607 5171 bule
620 5132 691 5171 anno
705 5115 911 5175 tribuendaest
964 5115 1013 5172 lot.
1034 5115 1206 5183 dulcamen
1219 5111 1346 5168 sibinelit
1366 5112 1523 5168 adverbium
1547 5128 1623 5182 opere
1640 5112 1667 5166 in
1687 5112 1761 5168 bisce

140 5178 199 5243 bled
214 5200 249 5241 ex
266 5184 443 5255 sequentibus
463 5184 553 5255 palam
566 5184 623 5241 iret.
643 5183 727 5241 Cnnn.
964 5186 1064 5242 litteris
1078 5200 1131 5240 non
1153 5182 1236 5240 semel
1254 5197 1400 5238 occurrens
1425 5183 1544 5253 bircang.
1568 5182 1639 5237 lorte
1653 5197 1705 5236 non
1720 5196 1760 5236 as

104 5299 108 5313 .
167 5254 331 5311 ‘ilouebam
355 5270 437 5326 supra
460 5267 515 5328 top.
540 5254 589 5320 tt,
612 5256 648 5311 al.
673 5255 719 5322 57,
742 5264 799 5311 not.
823 5254 847 5339 ὅ)
877 5255 912 5312 ab
965 5266 1083 5320 secutus,
1097 5269 1191 5310 rocem
1205 5252 1344 5324 preteriit.
1369 5253 1471 5308 Eadem
1493 5262 1618 5308 estusm
1633 5250 1760 5321 sepult

141 5315 239 5381 litiano
249 5339 326 5394 arqite
341 5324 520 5382 llistriensem
545 5325 712 5396 provinciam
725 5341 758 5381 ac
781 5325 913 5382 sabinen·
966 5327 1020 5398 (ep.
1036 5326 1067 5391 9,
1084 5324 1119 5379 al.
1136 5324 1162 5396 tt)
1177 5322 1258 5379 simili
1271 5337 1382 5393 prorsus
1397 5325 1524 5389 notione;
1537 5321 1576 5379 ait
1586 5321 1668 5383 euim,
1685 5336 1761 5390 opere

142 5399 192 5456 ἡ,
206 5394 341 5450 Territorii
355 5396 465 5452 nemine
478 5396 622 5521 densiqrrari.
643 5396 710 5452 Vide
731 5412 791 5466 quae
803 5396 839 5452 ibi
850 5403 913 5453 sunt
964 5412 1076 5479 nmque
1088 5394 1241 5457 direximus,
1256 5402 1286 5447 ut
1302 5393 1347 5449 hic
1367 5393 1522 5449 Adrianus:
1539 5390 1623 5463 qnare
1639 5391 1690 5446 boc
1711 5391 1759 5446 ad·

142 5455 196 5517 deu
215 5466 248 5521 de
271 5465 335 5520 aliis
366 5465 521 5521 territoriis.
556 5484 581 5521 o.
965 5469 1087 5522 verbrum
1118 5481 1149 5520 ro
1161 5463 1258 5518 idcirco
1273 5473 1319 5518 aut
1331 5463 1412 5520 simili
1435 5465 1469 5518 ab
1485 5459 1759 5532 mreqneadbibttum

165 5530 318 5591 ‘mnnita
334 5538 509 5606 repetendum
528 5538 658 5607 estquod
674 5553 747 5592 aritio
772 5535 824 5590 ἰιι
844 5536 911 5607 (ep.
965 5536 1082 5592 uidetur.
1099 5481 1137 5591 Γ
1455 5602 1461 5613 ,
1663 5602 1669 5614 .
1751 5602 1757 5615 ι

142 5589 175 5667 ⁵9,
188 5604 221 5659 al.
243 5604 290 5677 tt)
309 5606 525 5677 depatriuroniis
547 5607 661 5669 Tuscis.
689 5606 801 5680 Spoleti,
827 5607 913 5662 lienc-
1004 5608 1060 5664 ⁸ln
1074 5604 1188 5678 epistola
1214 5617 1300 5675 nuper
1319 5603 1428 5659 laudata
1445 5601 1495 5669 59,
1511 5601 1548 5658 al.
1562 5601 1606 5670 tc,
1618 5600 1759 5661 decliuem

143 5673 207 5743 tuti,
217 5675 347 5740 Gorsium,
359 5687 386 5731 et
405 5675 523 5732 Sabinae.
546 5675 705 5747 iampridem
719 5677 826 5734 donatis
850 5691 913 5732 san·
967 5677 1021 5738 hoc
1033 5678 1091 5734 niro
1103 5684 1145 5732 est
1159 5675 1261 5733 dietum
1276 5675 1368 5748 (not).
1382 5674 1420 5730 lo.

303 5772 439 5834 Parnon.
463 5768 605 5833 xcvttl.
1259 5828 1261 5835 ,
1483 5765 1519 5828 11
