3780 6120
176 284 229 341 965

617 279 647 332 ιι.
666 274 791 332 etltou
810 272 917 330 anchi
935 270 1010 331 OPP.
1030 271 1120 330 PARS
1137 272 1170 330 it.
1191 269 1312 332 secale
1329 273 1361 331 ll.

1759 277 1810 337 att

176 401 264 468 ipsum
286 394 389 464 egisse,
413 399 578 459 ceterosque
601 397 631 442 ut
653 389 704 442 hoc
721 387 820 441 laciaut
840 387 963 441 docuisse
978 387 1114 456 Apoisse,
1128 387 1259 442 clamasse
1271 389 1309 460 (et
1319 403 1385 458 paee
1396 401 1492 444 eoritm
1510 388 1636 458 dixerim)
1649 391 1806 457 insaniisse.

176 467 360 538 perhibeatur.
378 462 431 517 Sed
442 462 512 514 absit
522 461 574 514 hoe
587 459 614 512 in
630 466 705 514 tauto
721 457 821 526 talique
844 455 964 526 generali

178 535 318 592 catholice
334 532 460 588 Ecclesiae
479 530 618 599 magistro,
640 536 671 581 ut
691 528 736 596 qui
754 527 968 594 universasper-

179 609 272 677 plexas
291 603 437 671 Scriptura
456 599 634 670 quaestiones,
663 612 723 665 qum
750 596 801 651 sibi
823 595 969 650 contrarie

180 678 349 737 videbantur,
368 672 446 739 eique
466 670 501 724 ad
518 668 714 736 explanandum
741 666 783 721 rel
798 667 969 720 tractandum

181 749 366 806 occurrerunt,
376 753 514 809 nunquam
524 738 683 793 dissidentes
695 736 847 804 relinquere
859 748 971 788 consue·

180 818 228 880 rit,
244 829 291 869 sita
306 813 415 867 sibimet
428 811 498 865 dieta
519 808 700 863 discordantia
720 806 897 887 reliquisset·
914 803 971 858 llue

181 901 268 954 usque
281 885 306 937 in
319 881 421 952 synodo
436 878 579 933 Parisieusi
599 877 733 946 sapientes
747 874 795 941 itti,
810 890 878 944 quos
892 888 972 941 supe·

183 958 239 1011 rius
250 950 459 1012 numeravimus,
476 948 609 1003 herentes
624 948 650 1000 in
671 946 792 1010 salebris,
810 946 836 999 iu
852 943 972 1014 syrtibus

181 1026 380 1094 navigantes,e
405 1019 504 1090 quibus
529 1031 668 1084 emergere
691 1016 823 1077 nesciant,
840 1013 972 1083 preclusa

182 1095 265 1152 semel
275 1094 308 1148 ab
323 1092 418 1145 iisdem
429 1088 503 1142 aditu
519 1087 635 1148 ueritati,
651 1087 728 1155 quisi
740 1086 880 1154 patuisset,
893 1097 973 1152 aper-

183 1173 210 1219 ta
233 1165 301 1227 lucc,
329 1162 414 1230 ipsius
429 1158 552 1211 veritatis
568 1158 688 1210 radiante
705 1154 817 1223 lulgore,
830 1153 973 1223 perspicue

1019 464 1049 510 ut
1063 456 1130 510 nihil
1149 458 1256 512 reveriti
1271 459 1443 514 oeeumeniem
1454 461 1548 530 synodi
1565 460 1747 530 maiestatem,
1760 478 1808 519 ue-

1020 542 1072 596 que
1083 535 1124 581 tot
1140 542 1232 597 prees
1255 531 1430 598 pugnantium
1447 529 1631 585 Romanorum
1648 532 1810 600 pontificum

1020 605 1201 665 potestatem,
1225 599 1267 651 usi
1283 599 1446 666 patentibus,
1470 601 1624 664 invidisti,
1648 602 1809 665 meridsciis,

1019 666 1090 720 male
1107 677 1242 737 perceptae
1257 668 1379 736 Gregorii
1393 683 1468 791 papa·
1490 672 1629 724 sententie
1650 670 1810 737 innitentes,

1020 751 1036 789 a
1051 738 1187 791 communi
1205 737 1331 792 Ecclesia
1345 741 1424 793 catho
1435 755 1483 795 ree
1496 741 1630 795 sententia
1652 741 1809 808 resilierint,

1020 816 1103 874 atque
1116 809 1244 862 adsersus
1261 807 1319 876 ejus
1336 824 1414 863 usum
1427 816 1509 879 atque
1519 811 1669 864 doctrinam
1694 811 1810 880 scripse.

1020 876 1085 939 rint,
1100 878 1247 946 turbasque
1261 879 1427 941 miscuerint,
1439 880 1542 948 spicula
1557 879 1755 934 calumniarum
1773 881 1811 935 ιιι-

1022 947 1159 1026 torserint,
1176 948 1282 1018 aliaque
1306 949 1382 1017 plura
1405 951 1594 1018 conjunxerint
1619 963 1668 1004 sua
1691 949 1811 1019 ipsorum

1021 1017 1220 1072 existimatione
1236 1033 1347 1088 prorsus
1369 1019 1487 1088 indigna,
1512 1021 1575 1073 dum
1591 1021 1618 1073 ιιι
1638 1033 1721 1073 surim
1743 1021 1806 1089 ipsu⁴

1022 1101 1081 1138 ruui
1094 1102 1214 1142 errorem
1226 1089 1385 1157 Gregorium
1403 1089 1490 1157 ipsum
1504 1091 1613 1158 penitus
1633 1087 1813 1144 reluctantem

1022 1164 1049 1209 et
1060 1163 1153 1209 eontra
1167 1159 1328 1212 sentientem
1340 1160 1481 1223 adducere,
1496 1159 1595 1228 eteius
1610 1159 1714 1214 erroris
1722 1168 1814 1215 aucto

183 1234 387 1295 intellexissent,
403 1230 446 1284 his
469 1227 498 1281 S.
516 1226 639 1294 Gregorii
663 1225 771 1294 seriptis
794 1226 827 1278 ad
844 1223 974 1278 Secundi·
1022 1240 1080 1279 reni
1100 1235 1229 1295 cogerent
1239 1228 1370 1297 profiteri.

182 1320 247 1359 ”¹¹¹⁰
262 1303 422 1356 mmmmm
434 1313 495 1352 ⁰⁸⁶⁶
505 1296 705 1379 ,⁰¹{3ffl‘5‘2‘0m
725 1293 844 1375 quidm
855 1365 860 1375 .
871 1292 974 1346 fineffl‘
1057 1316 1149 1371 XLVl.
1160 1316 1181 1372 G
1186 1335 1211 1370 rc
1229 1319 1300 1373 orius
1312 1319 1398 1372 cultor
1406 1319 1529 1390 imaginis
1539 1328 1636 1373 sancte
1645 1317 1815 1373 crucis—ht

183 1389 244 1429 rum
259 1373 293 1426 ad
307 1370 451 1430 Serenum,
485 1381 614 1420 nimirum
639 1372 752 1418 uetitum
777 1379 804 1416 iii
824 1363 914 1417 illisa
942 1361 971 1414 S.
1208 1334 1229 1442 ff

1024 1385 1134 1455 insuper
1144 1391 1171 1441 et
1187 1387 1206 1441 ιι
1224 1403 1267 1442 eui
1279 1389 1328 1457 ipsi
1341 1399 1466 1444 asserunt
1478 1388 1563 1444 luisse
1577 1389 1740 1458 Gregorium
1751 1389 1814 1443 inia-

1042 1456 1094 1511 iuis
1110 1466 1210 1511 sancte
1226 1463 1314 1513 erucis
1336 1459 1520 1514 adoratorem:
1542 1459 1614 1528 quod
1629 1473 1737 1514 summa
1753 1475 1813 1513 eum

184 1512 282 1566 ''²¹5⁰'st
299 1524 364 1563 vem
378 1509 518 1561 decentem
535 1514 668 1558 mestum
683 1511 710 1556 ⁸²
730 1518 779 1557 ⁸¹¹⁰
793 1502 915 1570 ⁰⁸²⁰¹9¹⁰
928 1502 975 1554 ‘¹⁰‘
1034 1528 1103 1580 aude
1115 1541 1264 1597 inaguaque
1279 1527 1362 1595 gloria
1383 1545 1454 1583 uuus
1464 1545 1497 1582 ex
1517 1528 1663 1584 uouiiuatis
1684 1529 1756 1582 idern
1770 1529 1814 1596 qui

184 1588 364 1636 'mmmmm
376 1578 403 1630 ³¹¹
418 1576 488 1629 dim
504 1573 616 1643 ‘mm
630 1574 664 1627 Μ
679 1572 871 1627 secundinum·
1024 1611 1105 1664 supra
1120 1594 1202 1650 Jonas
1217 1597 1358 1667 episcopus
1368 1597 1569 1653 Aurelianensis
1584 1603 1718 1654 adversus
1737 1596 1816 1653 Glau-

222 1668 301 1724 XLV.
318 1664 467 1721 Adversarii
497 1663 694 1733 reprehensione
722 1662 805 1731 digni.
825 1692 860 1700 -
878 1660 929 1714 Sed
945 1669 975 1713 ut
1026 1667 1099 1720 diuin
1121 1665 1315 1722 Tauriueuscm
1337 1667 1491 1737 episcopum
1512 1683 1603 1737 agens,
1624 1668 1664 1722 sie
1688 1668 1814 1732 ostenilit,

185 1742 245 1796 hmc
257 1739 373 1795 certiora
390 1735 464 1798 liant,
479 1733 589 1802 quidde
606 1731 791 1800 huiuscemodi
809 1739 871 1785 aute
883 1745 974 1785 sacras
991 1729 1010 1784 8
1026 1752 1088 1791 curu
1107 1736 1165 1789 laec
1187 1735 1240 1790 ait:
1261 1756 1270 1785 ι
1292 1737 1391 1792 Beatus
1406 1736 1562 1807 Gregorius,
1584 1738 1617 1791 dc
1634 1734 1714 1806 cujus
1737 1736 1815 1792 dietis

186 1811 318 1890 imagines
331 1803 512 1876 prostratione
523 1808 549 1857 ct
564 1803 720 1856 adoratione
731 1800 851 1869 ejusdem
862 1799 891 1853 S.
908 1799 975 1854 Gte-
1026 1822 1115 1870 nenio,
1134 1804 1185 1859 uisi
1203 1805 1345 1861 immemor
1363 1806 1458 1862 salutis
1477 1823 1543 1871 suae,
1563 1807 1686 1875 ambigit,
1704 1804 1732 1861 in
1750 1805 1816 1862 libeo

187 1880 256 1949 gorii
275 1893 349 1948 papie
371 1890 474 1930 iieenon
493 1871 640 1926 Eleutherii
654 1872 703 1924 viri
724 1869 974 1950 sanctissimiidem
1025 1874 1263 1930 sacramentorum
1286 1877 1323 1930 iia
1348 1876 1471 1931 meminit
1490 1892 1497 1930 :
1514 1877 1584 1930 Beus
1607 1877 1653 1944 qui
1681 1875 1816 1945 Unigeaiti

188 1951 283 2005 eodcin
303 1945 438 2002 roluiniue
455 1943 590 1996 Adrianus
610 1941 731 2009 pontilex
748 1941 858 2004 scribat,
875 1955 914 1994 sic
931 1955 976 1993 ae·
1025 1946 1064 2001 aui
1077 1945 1181 2000 [toruiui
1194 1947 1278 2000 nostri
1293 1945 1357 2001 lesu
1378 1945 1477 2001 Christi
1493 1947 1611 2015 pretioso
1623 1947 1757 2014 sanguine
1770 1945 1817 2000 liu-

188 2022 262 2089 cipe:
278 2036 287 2068 ι
307 2016 397 2072 Sedet
413 2012 442 2067 S.
459 2011 605 2094 Gregorius
622 2025 688 2079 papa
703 2011 730 2064 ιιι
750 2009 917 2091 monasterio
927 2025 976 2063 suo
1026 2032 1135 2070 manuni
1152 2031 1238 2083 genus
1258 2017 1389 2070 redimere
1404 2016 1529 2084 dignatus
1540 2031 1578 2078 es,
1598 2015 1817 2084 eoncedepropi.

188 2089 325 2159 publicum
341 2084 405 2139 secli
421 2091 581 2144 ⁰t³ls¹t¹t¹ssb
604 2089 631 2134 tl
651 2082 738 2150 ipsum
760 2079 873 2160 dttjtrsts
892 2079 977 2134 histo·
1026 2087 1080 2142 tius
1102 2085 1194 2154 utqui
1220 2085 1253 2140 ad
1267 2087 1431 2141 adorandam
1454 2085 1585 2141 vivificam
1608 2100 1720 2140 erucem
1740 2087 1818 2139 adse·

188 2160 236 2213 riis
246 2157 318 2226 pingi
335 2154 408 2216 lecit,
423 2160 503 2222 atque
516 2166 606 2205 sacras
620 2149 975 2230 ibidcinerexitvimagincs:
1025 2155 1113 2219 niune,
1136 2170 1152 2208 a
1174 2165 1345 2223 peccatorum
1361 2171 1472 2210 suorum
1492 2156 1606 2210 nexibus
1628 2153 1816 2209 liberemur„

189 2230 234 2283 ubi
247 2237 274 2281 ct
285 2240 347 2282 eum
369 2225 448 2278 beatu
462 2221 617 2277 Eleutherio
632 2235 681 2288 pro
701 2221 976 2301 aegritudinestouia·
1026 2225 1091 2280 liae
1103 2235 1130 2279 ei
1141 2223 1193 2278 alia
1204 2225 1281 2294 plura
1297 2226 1396 2295 quibus
1407 2224 1538 2279 asseritur
1558 2222 1707 2293 Gregorius
1718 2227 1747 2278 S.
1760 2239 1818 2280 eru-

189 2298 232 2353 chi
250 2296 292 2352 sui
305 2297 453 2362 ingressae,
472 2291 499 2345 ιιι
518 2292 639 2345 oratione
654 2297 758 2359 pariter
772 2289 891 2343 exariditi
902 2296 975 2344 suut.
1028 2296 1068 2350 cis
1079 2293 1223 2350 imauineffl
1237 2297 1374 2359 adorasse,
1390 2295 1494 2350 0231503
1509 2304 1538 2349 „q
1550 2295 1621 2349 ydem
1641 2294 1819 2349 samm.

189 2368 223 2422 Et
236 2366 280 2421 ille
290 2364 332 2418 ιιι
350 2370 459 2419 sauctus
472 2361 653 2424 Eleutherius,
668 2375 748 2440 iyuern
765 2359 857 2438 dicum
874 2366 979 2412 etmor-
1028 2336 1221 2429 cuissejoms
1232 2363 1318 2419 afferi,

190 2447 266 2493 tuum
282 2435 436 2495 suscitasse,
454 2439 516 2485 ante
533 2431 604 2499 ipsas
614 2445 705 2484 sacras
722 2442 853 2509 imagines
873 2443 902 2482 se
917 2443 980 2497 pro·
1065 2433 1118 2488 Sed
1130 2435 1175 2505 qui
1193 2436 1262 2490 bene
1278 2434 1366 2497 elicui,
1378 2434 1448 2489 male
1460 2432 1553 2490 (ιιιιιιιι
1563 2431 1656 2497 lorias,
1671 2433 1736 2489 dum
1748 2430 1819 2489 ride·

190 2516 324 2569 sternens,
345 2502 462 2559 diriuam
481 2515 594 2555 exorare
611 2498 782 2553 clementiani
802 2513 864 2551 euin
884 2504 979 2554 sancto
1030 2504 1227 2559 lieetasserens
1247 2504 1276 2559 iu
1295 2504 1425 2574 Gregorio
1447 2505 1550 2560 cultum
1572 2503 1674 2569 crucis,
1694 2501 1819 2574 segetia

190 2576 320 2647 Gregorio
332 2589 387 2628 nou
413 2571 555 2634 dubitarim
582 2569 629 2624 sed
653 2569 733 2623 tatem
749 2566 868 2621 serentes
892 2566 980 2637 perle-
1030 2575 1125 2631 eodem
1142 2574 1244 2628 culeum
1264 2591 1401 2630 sacrarum
1426 2574 1583 2696 magnum,
1605 2573 1660 2629 cu,-
1674 2572 1747 2628 mle
1756 2573 1820 2628 dii-j.

191 2655 273 2710 ctam,
292 2644 394 2715 pariter
410 2641 529 2696 exauditi
544 2647 617 2702 suut,
630 2647 656 2694 et
667 2652 753 2708 usquc
768 2637 899 2722 haetenus
910 2637 980 2718 apud
1031 2645 1072 2699 dis
1090 2659 1149 2713 quae
1165 2643 1222 2713 ipse
1236 2645 1305 2700 bene
1320 2643 1494 2714 ωηιῃῃὸῑιζιι
1508 2659 1578 2698 00⁰0
1601 2644 1659 2712 ipse
1675 2642 1758 2698 simui
1775 2657 1819 2697 a.

191 2733 240 2770 nos
257 2717 357 2770 eedem
379 2718 552 2766 venerantur.
569 2731 577 2763 ι
596 2709 703 2764 Baede
715 2715 809 2762 sancto
826 2707 981 2763 hlcutberio
1031 2714 1430 2783 demaeneraiioneimaginem
1449 2713 1626 2770 sancpssymae
1642 2714 1692 2768 pei
1711 2710 1818 2781 gemm.

191 2797 219 2841 at
238 2802 271 2840 ue
283 2785 337 2840 ΕΓΒ
356 2783 423 2838 θῐῑθι
914 2844 920 2856 ,
1031 2784 1071 2839 eis
1089 2792 1116 2838 et
1135 2784 1279 2853 imaginem
1301 2785 1391 2839 crucis
1411 2799 1445 2838 ex
1463 2782 1617 2838 ludaeorum
1637 2782 1818 2854 synagogein

251 2799 439 2918 idistiqector,
457 2867 486 2906 re
499 2851 554 2920 ipsa
567 2855 732 2920 prostratum
745 2855 981 2928 antesaerasima·
1031 2853 1173 2910 ecetesiam
1184 2854 1269 2912 minii
1280 2855 1420 2923 pompari,
1443 2863 1473 2908 ,η
1499 2854 1601 2908 dictum
1625 2863 1669 2908 ,isi
1685 2868 1772 2922 „uper
1788 2866 1818 2906 e,

191 2927 267 2995 giues
282 2933 404 2980 sanetum
421 2922 605 2976 Eleutheriuui
621 2935 682 2974 curn
697 2918 825 2998 Gregorio
840 2931 889 2996 pro
904 2932 981 2971 recu·
1032 2922 1091 3005 ey'us
1102 2925 1213 3006 epistola
1228 2928 1261 2980 ad
1276 2923 1507 2979 lauuariumlhn
1523 2939 1576 2977 nou
1587 2922 1671 2977 ctiam
1685 2921 1820 2991 idemipsc

190 2996 308 3066 peranda
324 2992 382 3061 rius
397 2992 549 3046 valetudine
564 3004 700 3052 exorasse,
717 2996 747 3041 tt
761 2987 827 3041 uiuit
852 2995 886 3039 su
908 2986 979 3108 quod
1032 2993 1112 3049 sunu
1123 2995 1267 3064 arnaginem
1285 2990 1683 3060 saivauriscructseoujumu
1701 2990 1819 3061 'imagine

192 3081 298 3135 ’11133ιῖιὸ
323 3061 572 3141 lsslssmttliljonem
599 3060 752 3141 sorborum.»
767 3057 813 3110 tibi
838 3055 894 3124 ipsa
920 3064 980 3111 ³⁰²²
995 3081 1018 3144 c
1033 3065 1100 3119 daus
1110 3066 1204 3121 ambas
1215 3064 1373 3134 Augustino,
1387 3073 1415 3119 ut
1426 3065 1520 3119 iisdem
1537 3063 1659 3118 niunitus
1670 3063 1820 3143 ingredere

192 3133 370 3206 proclamant.
389 3131 428 3184 Bi·
443 3130 541 3199 quibus
552 3137 654 3197 pariter
664 3127 798 3189 intelligas
822 3140 980 3204 quampro-
1035 3141 1079 3188 tur
1091 3135 1172 3204 (quod
1190 3136 1260 3190 Beda
1278 3134 1402 3203 testatur)
1415 3135 1442 3188 in
1461 3131 1603 3200 Angliami
1614 3132 1680 3195 Gur,
1703 3145 1818 3202 iuquam,

194 3204 237 3259 cul
255 3202 325 3258 absit
352 3202 385 3255 ab
408 3200 623 3254 adversariorum
655 3196 728 3251 latua
750 3181 794 3249 bia
820 3203 978 3275 assertione,
1034 3204 1107 3258 cultu
1119 3205 1304 3268 maledicitis,
1317 3205 1453 3274 quasipse
1468 3219 1520 3257 uua
1536 3202 1820 3272 eademquereligioue

193 3274 264 3346 (ιῑιθι1
287 3271 422 3326 Adrianus
444 3266 581 3350 ιιθῖθῦδιιι
600 3284 628 3323 Se
640 3283 701 3322 ⁰¹¹¹ss
717 3265 892 3347 ῧῃΰιθιιθῐιθ
907 3280 981 3319 ⁰³11!-
1033 3284 1127 3329 sancte
1148 3275 1244 3357 pieque
1255 3275 1394 3343 conjunxit
1406 3274 1537 3342 imagines
1551 3272 1640 3327 erucis
1653 3280 1682 3327 et
1703 3271 1821 3326 Salvato-

194 3347 254 3400 dem
275 3342 534 3412 sequi-Stnlffllttsst,
551 3339 680 3392 adversus
694 3344 834 3405 septimam
847 3335 980 3404 ⁸l⁰⁰dl¹¹¹¹
1034 3343 1136 3398 risiht
1154 3345 1221 3400 nihil
1236 3347 1358 3413 estquod
1379 3345 1406 3398 in
1425 3343 1594 3399 eontrarium
1614 3340 1707 3397 afferri
1729 3340 1820 3412 possin

193 3414 377 3492 adorationem
393 3424 531 3491 sacrarum
545 3409 691 3491 imaginum
709 3406 902 3486 condemnarit,
919 3420 980 3459 eum
1033 3413 1090 3469 paec
1102 3416 1168 3470 saus
1178 3417 1212 3469 aq
1223 3416 1330 3470 concilii
1352 3415 1462 3479 ,yycaeng
1481 3410 1605 3482 Gregorii
1626 3421 1711 3481 aeque
1730 3411 1822 3466 Adria.

193 3484 284 3553 potius
299 3498 332 3537 ea
351 3497 409 3549 cyus
425 3487 532 3550 scriptis
546 3479 710 3535 ualidissime
726 3476 914 3555 roboraverit..
1034 3484 1058 3539 ni
1072 3484 1264 3540 defensionem,
1276 3487 1394 3540 neutricia
1402 3484 1458 3553 jain
1481 3499 1496 3538 e
1516 3483 1764 3537 coiitrorersiarum
1775 3479 1823 3550 spl-

231 3553 378 3607 lliranduiu
392 3551 471 3620 plane
482 3557 564 3618 atque
577 3549 718 3604 dolendum
737 3556 778 3600 est
795 3545 980 3614 pneclariores
1033 3554 1104 3609 neiis
1116 3564 1143 3609 ρι
1163 3556 1280 3617 carduis,
1295 3556 1321 3608 y„
1332 3556 1441 3624 pianum
1454 3562 1481 3608 ey
1495 3553 1578 3607 layum
1591 3566 1720 3620 campum
1740 3565 1822 3606 m.

194 3621 376 3691 hiiy'usseeculi
392 3621 450 3690 ejus
469 3619 613 3689 proi-lucie
632 3619 704 3673 siros
723 3617 881 3699 nominatim
901 3628 980 3682 supe-
1050 3634 1079 3678 aa
1098 3626 1195 3680 omno,
1207 3627 1242 3679 gg
1263 3627 1359 3681 Campo
1384 3624 1456 3678 „upa
1476 3626 1554 3692 quies
1566 3637 1574 3675 2
1587 3623 1709 3691 quim
1721 3617 1822 3679 (mega

194 3695 252 3747 rius
268 3693 415 3747 recensitos
432 3693 481 3745 sub
502 3690 606 3745 duobus
622 3688 828 3759 imperatoribus
843 3683 938 3740 barolo
954 3692 981 3737 et
1032 3640 1282 3750 {mneososqyensqs
1307 3694 1447 3759 unguens,
1462 3703 1496 3747 ag
1507 3693 1618 3748 bellicos
1630 3701 1775 3749 revocatus
1787 3690 1822 3746 ι..

194 3763 331 3818 ludovico
350 3766 417 3817 adeo
435 3761 612 3823 conteutiose,
632 3767 659 3814 ct
672 3760 761 3812 animo
780 3757 885 3836 penitus
898 3752 982 3834 reira-
1032 3764 1122 3829 bores,
1136 3780 1198 3819 cum
1219 3765 1388 3834 expgqyyyonss
1400 3766 1531 3818 agemus
1553 3763 1679 3817 gamm
1696 3760 1822 3818 rebeum

193 3834 288 3897 ctirio,
311 3833 441 3902 pertinaci
469 3831 570 3891 studio,
591 3829 725 3884 indefesso
746 3836 860 3907 conatu,
879 3824 982 3878 inBexi-
1033 3843 1074 3889 105
1085 3834 1231 3904 wigerus,
1245 3854 1292 3891 ωε
1304 3836 1349 3890 pei
1360 3832 1490 3889 beneficis,
1501 3834 1528 3888 qn
1540 3829 1820 3900 dggqqonemoeypgg

194 3904 240 3960 bili
256 3903 393 3974 proposito
405 3902 548 3957 voluntatis
568 3901 696 3954 adversus
717 3900 901 3953 adorationem
920 3909 981 3948 sau·
1034 3905 1092 3960 1„ssss
1102 3906 1213 3963 ammes
1229 3921 1299 3974 πρε
1309 3905 1383 3960 0qu
1396 3903 1572 3959 francorum,
1876 3923 1877 3927 ,

194 3974 453 4042 ctarumimagiiium
469 3980 562 4028 contra
575 3971 717 4040 septimam
732 3968 863 4039 synodum
877 3966 983 4020 obstre-

194 4059 1811 4103 Μ

807 4147 861 4206 DE
883 4139 1022 4204 EADEM
1042 4135 1213 4198 SYNODO.

683 4247 692 4308 [
705 4244 740 4296 Ex
753 4243 862 4294 Fabricio
873 4233 1064 4289 sidicinum.
1077 4239 1104 4283 et
1116 4231 1159 4284 lul.
1171 4231 1333 4293 Latinitatis]

918 4317 1100 4342 ..ann—D

183 1442 315 1512 Gregorio
330 1439 432 1494 cultum
451 1437 536 1488 latriae
557 1434 673 1502 impendi
697 1433 858 1501 imaginibus
878 1432 971 1493 sacris,
1024 1471 1041 1577 f

229 4371 381 4444 Gapitulare
393 4369 425 4423 de
447 4368 609 4438 imaginibus
629 4378 682 4420 non
697 4363 708 4416 l
709 4363 851 4434 rangeudis
867 4379 916 4419 nee
937 4364 983 4419 ad-
998 4366 1023 4429 1)
1035 4359 1215 4420 diosissiiuus,
1228 4365 1255 4410 et
1267 4355 1390 4435 proxime
1411 4354 1550 4435 superiore
1561 4361 1642 4437 astate
1653 4354 1781 4412 Nicolaes
1793 4354 1822 4410 ti

195 4445 314 4506 orandis,
325 4441 371 4494 scd
388 4439 540 4492 ornamenti
559 4447 585 4490 et
600 4434 736 4490 iueuiorim
747 4448 828 4488 causa
840 4435 980 4498 habendis,
1034 4437 1106 4493 cusa
1122 4445 1155 4484 ex
1168 4432 1330 4482 auctoritate
1347 4425 1468 4493 eyiisileiu
1483 4423 1621 4478 llinemari
1634 4438 1642 4477 ε
1656 4438 1751 4482 nostra
1765 4437 1822 4481 rere

197 4517 223 4571 ιιι
238 4515 332 4567 eadem
354 4507 569 4562 Francoiurtensi
585 4506 698 4577 syuodo,
721 4504 849 4573 auspiciis
870 4503 982 4569 Caroli,
1035 4510 1116 4562 aetate
1128 4497 1294 4579 Augustinus
1316 4495 1460 4577 steuchus,
1484 4494 1641 4576 Eugubinas
1665 4496 1822 4576 episeopus,

196 4585 311 4638 liumaui
323 4580 434 4633 missum
446 4585 472 4630 et
484 4576 641 4630 distinctum
661 4576 688 4628 iu
702 4575 784 4627 libros
796 4583 912 4642 quatuor
934 4574 985 4629 hoe
1035 4571 1258 4631 bibliothecarius
1271 4566 1440 4636 pontilicis...
1455 4564 1585 4628 Breviter,
1597 4572 1713 4620 citatum
1724 4567 1824 4621 bomin·

198 4652 297 4707 titulo:
315 4648 387 4716 Opus
406 4646 577 4701 illustrissimi
595 4656 618 4700 et
632 4644 841 4699 excellentissimi
858 4661 903 4699 seu
928 4661 985 4716 spe-
1035 4646 1087 4701 sice
1108 4641 1161 4695 boc
1178 4638 1304 4692 rolumeu
1323 4645 1347 4689 et
1364 4634 1501 4689 laudatum
1512 4634 1582 4705 lego,
1594 4635 1770 4697 damnatum,
1786 4647 1823 4688 ια

195 4721 297 4777 statilia
310 4718 427 4781 sirecte.
444 4714 524 4786 (Vide
537 4716 630 4788 infru).
649 4714 686 4768 Be
699 4714 749 4768 hoc
760 4728 841 4836 &aare
854 4715 891 4768 ita
902 4715 986 4770 Geor·
1035 4713 1210 4787 prehensum,
1226 4708 1280 4761 imo
1292 4705 1334 4760 tel
1347 4714 1469 4759 notatum
1482 4720 1535 4759 uon
1551 4705 1620 4774 lego.
1634 4703 1715 4788 Quod
1735 4705 1823 4786 siquis

197 4794 257 4865 gius
274 4788 433 4852 Cassander,
450 4786 562 4855 epistola
576 4786 609 4839 ad
620 4785 768 4841 loannem.
786 4785 910 4839 oliitarum
924 4787 985 4839 elata
1034 4781 1161 4841 Garolum
1173 4780 1363 4848 imperatorem
1375 4781 1538 4856 contemnat,
1556 4785 1631 4830 certe
1652 4775 1745 4831 tulisa
1762 4789 1824 4853 scra

195 4880 240 4918 aii.
263 4859 340 4923 1560,
361 4873 420 4928 pag.
439 4856 507 4912 litis
521 4855 638 4926 Operum
653 4873 659 4909 :
676 4854 820 4920 ‹Quirituor
832 4855 892 4909 illos
902 4855 985 4909 libros
1036 4849 1214 4916 toribuscjus
1240 4846 1328 4901 aetatis
1351 4847 1459 4899 habitus
1482 4859 1534 4899 non
1559 4851 1616 4910 est;
1641 4852 1670 4899 et
1695 4846 1767 4917 quod
1790 4845 1824 4899 tlt

196 4935 327 4989 adsersus
338 4929 468 4999 synodum
478 4926 633 4983 Graecorum
648 4927 681 4979 de
700 4924 845 4979 adorandis
862 4925 986 4994 imagini·

157 5059 161 5067 ,
196 5006 247 5059 bus
264 5000 360 5056 Nicaeae
373 4999 491 5053 habitam
506 4998 621 5068 insignes
632 4995 773 5065 appellari,
785 4995 902 5064 primum
914 4994 986 5065 quod

196 5069 372 5129 illustrissimi
388 5070 458 5139 regis
474 5068 562 5124 Garuli
585 5069 693 5122 nomine
709 5072 736 5120 et
747 5065 916 5127 auctoritate,
943 5082 986 5120 as-

196 5144 329 5199 sentiente
354 5140 478 5195 universa
505 5139 624 5210 syuodo,
647 5136 690 5191 cui
714 5142 742 5189 et
765 5135 857 5204 legati
871 5134 985 5189 Romani

195 5212 331 5286 pontilicis
353 5210 511 5272 intererunt,
521 5207 666 5277 conscripti
680 5214 708 5260 et
725 5205 789 5260 editi
804 5207 867 5261 sint.
885 5205 985 5260 lieiudc

196 5284 266 5354 quod
280 5281 384 5335 rideam
399 5294 447 5334 eos
464 5278 569 5333 libellos
581 5281 606 5332 in
617 5276 704 5348 pretio
718 5282 745 5330 et
766 5276 869 5330 honore
880 5290 986 5345 semper

197 5354 305 5409 habitos
319 5350 416 5413 luisse;
432 5356 588 5404 asservatur
597 5349 669 5402 euiui
683 5348 735 5400 hoe
752 5345 878 5400 volumen
895 5344 983 5399 Caroli

198 5423 291 5477 homae
302 5421 331 5474 iu
340 5419 503 5475 bibliotheca
513 5418 644 5473 Vaticana
654 5416 796 5487 penitiore,
810 5416 853 5472 ubi
864 5430 918 5470 uon
932 5415 984 5470 uisi

197 5491 318 5561 insigues
331 5497 360 5544 et
377 5490 469 5544 eximii
481 5488 542 5544 libri
555 5487 648 5558 reponi
663 5486 783 5541 solent...
807 5486 985 5540 lleminerunt

196 5558 255 5627 eius
271 5560 342 5631 apud
364 5567 479 5625 veteres,
491 5559 536 5630 qui
560 5559 594 5613 de
607 5556 721 5612 coneilio
746 5555 983 5611 Francolordiensi

197 5629 373 5698 seripserunt,
387 5638 415 5685 et
436 5628 598 5685 llincmarus
612 5624 828 5698 archiepiscopus
849 5626 984 5681 llhemeu-

197 5699 245 5761 ils.
261 5697 303 5750 sir
321 5697 665 5757 rerumcceleslasticanim
683 5696 864 5767 peritissimus
880 5704 908 5752 et
926 5703 983 5751 stu-

1035 4922 1140 4996 peritiee
1154 4933 1244 4974 rerum
1256 4925 1283 4971 et
1296 4931 1434 4970 sacrarum
1449 4913 1545 4979 deluit,
1557 4914 1701 4970 idassidua
1716 4931 1824 4970 consue·

1036 4994 1129 5051 tudine
1153 4988 1370 5044 doctissimorum
1383 4987 1502 5039 virorum
1521 4984 1667 5053 supplerit,
1688 4989 1715 5042 in
1751 4986 1826 5040 uibus

1037 5063 1116 5120 lacile
1139 5060 1264 5131 prinecps
1282 5056 1332 5111 luit
1345 5055 1486 5118 diculnus,
1505 5054 1540 5109 ab
1552 5054 1698 5126 aliquibus,
1716 5000 1826 5110 alienus

1036 5135 1133 5196 dictus,
1148 5131 1224 5199 cujus
1239 5131 1374 5197 praecipue
1391 5141 1472 5196 opera
1492 5125 1541 5179 hos
1557 5124 1640 5180 libros
1658 5126 1826 5199 conscriptos

1039 5214 1069 5259 ut
1080 5201 1198 5261 credam,
1211 5198 1291 5253 licite
1313 5198 1442 5261 adducor,
1456 5210 1517 5251 cum
1531 5203 1559 5250 et
1569 5196 1613 5251 ille
1626 5211 1722 5253 rerum
1739 5210 1827 5251 saera·

1036 5291 1095 5329 ruiu
1111 5270 1290 5341 peritissimus
1310 5265 1407 5333 luerit,
1427 5276 1455 5323 et
1468 5267 1565 5322 Garolo
1577 5266 1826 5330 lumiliarissiinus,

1035 5355 1063 5399 et
1086 5342 1172 5413 stylus
1199 5340 1265 5395 satis
1289 5348 1435 5407 congruam
1460 5338 1514 5391 iiio
1536 5337 1673 5408 integrum
1694 5339 1827 5413 quoddam

1035 5424 1116 5485 eaput
1137 5413 1164 5467 iii
1180 5410 1229 5466 hos
1246 5410 1330 5465 libros
1344 5409 1455 5464 totidem
1467 5406 1524 5462 lere
1537 5408 1629 5464 vertis
1650 5409 1680 5465 ln
1692 5422 1828 5466 cemmen-

1035 5485 1112 5539 tariis
1126 5483 1151 5536 iu
1177 5478 1309 5535 loannem
1328 5476 1449 5547 ejusdem
1469 5476 1575 5534 hlcuini
1591 5480 1714 5549 positum
1736 5480 1828 5550 depie-

1034 5554 1127 5617 hendi,
1144 5560 1173 5607 ut
1186 5564 1299 5621 prorsus
1310 5549 1416 5606 alcuini
1429 5561 1489 5604 esse
1501 5549 1641 5618 rideatur;
1654 5549 1729 5623 quod
1740 5558 1827 5606 tamen

1029 5623 1158 5686 Gamtus,
1182 5621 1345 5676 sententiam
1366 5618 1451 5675 totius
1477 5619 1576 5690 synodi
1588 5618 1828 5678 Fmoeolordiana

1035 5703 1154 5762 secutus,
1169 5705 1218 5762 pro
1230 5690 1288 5747 zelo
1301 5706 1357 5747 suae
1371 5689 1433 5746 adet
1446 5703 1497 5749 sue
1515 5690 1626 5746 mattiae
1644 5689 1783 5751 mssrbt
1800 5695 1829 5746 α
