3780 6120
136 292 181 349 iii
204 289 282 346 coo.
295 287 420 343 oieb-
435 287 580 352 monuit,
597 290 684 351 ilic..
700 289 766 344 SEU
781 288 858 343 COD.
870 287 1197 343 cinelinus-auo.
1211 318 1244 326 —
1260 286 1345 342 mss.
1361 287 1406 342 DE
1420 282 1492 340 EPP.
1511 287 1695 346 obbonem.
1716 296 1766 349 bb‘i

169 399 289 459 XXXlV.
310 397 449 452 Postrema
468 399 524 451 bec
543 414 596 452 uon
614 415 708 470 parum
729 399 796 453 lueis
809 398 923 453 alierum
938 405 961 460 Α
977 399 1078 521 parion
1093 398 1118 451 id
1133 399 1304 463 festantilnts,
1315 417 1324 447 ι
1334 398 1367 453 ad
1380 399 1523 454 eeclesiam
1537 403 1623 458 beate
1635 404 1725 459 llariar
1741 409 1768 464 in

135 472 246 538 anitiquo
261 469 360 531 ordini,
374 480 454 536 quem
471 468 652 523 exhibuimus.
670 469 704 523 m
716 484 779 522 vcro
792 469 924 523 llenriens
1000 469 1065 527 urri,
1090 468 1116 520 in
1133 484 1185 537 qna
1201 485 1260 522 eunt
1273 477 1334 522 ante
1346 469 1430 522 altare
1447 471 1565 539 pontifex
1584 477 1766 543 exspectabat,

135 556 195 596 cum
219 539 331 609 lignete,
356 537 403 606 qui
425 537 452 590 in
471 539 609 607 pontificio
628 540 727 608 palatio
749 539 924 593 lateranensi
975 538 1112 606 profectus
1126 547 1177 603 est,
1190 546 1218 591 et
1231 553 1326 592 manus
1337 538 1488 620 imponens,
1501 551 1657 597 eorrsnetam
1668 545 1770 613 probs·

134 609 352 681 itospitabantur,
361 607 473 660 acatium
519 623 533 660 r
545 616 650 677 portam
659 608 830 669 Collinamad
839 608 922 662 eccie-
976 607 1079 662 sionem
1092 618 1120 662 et
1132 608 1279 678 plenariam
1291 618 1474 674 securitatem,
1497 612 1645 666 secundum
1658 616 1768 683 quadiu

134 681 200 736 siam
212 687 314 733 manete
326 676 457 730 ilariaein
494 678 807 748 ranspadina,quaetum
821 685 926 748 tempo·
975 677 1069 731 ordine
1092 678 1258 740 continetur,
1282 678 1387 747 publice
1408 680 1540 734 exhibuit.
1558 701 1567 732 ι
1584 682 1621 735 Ει
1646 699 1708 738 aero
1729 687 1769 741 sie

131 751 171 806 ais
184 762 269 819 prope
286 746 426 801 cristallum
449 746 560 800 Adriani
585 748 636 801 sita
659 756 728 812 erat,
751 763 804 802 non
819 747 924 816 longea
975 745 1183 818 nuefratzeiigo
1194 747 1226 801 N.
1237 763 1284 801 rex
1294 747 1484 814 liontanorum,
1496 761 1632 806 arrnuentc
1643 753 1767 820 Domino,

134 819 271 892 posterula
293 817 391 871 Leonis
410 815 443 871 lV
457 829 505 870 seu
528 824 606 887 porta
634 818 734 872 castelli
750 833 758 871 ι
774 818 820 871 ubi
843 817 925 872 etiarn
976 814 1082 870 futurus
1106 817 1253 941 imperator
1273 817 1412 886 promitto,
1438 821 1564 888 spondeo,
1580 830 1607 876 et
1627 824 1766 892 polliceor,

134 890 239 946 modica
258 902 319 942 enm
332 886 460 940 distantia
480 895 559 941 eraut
575 888 724 943 terebintus
738 888 861 952 Neronis,
883 903 926 943 sc-
975 892 1056 954 nique
1064 885 1128 954 juro
1163 903 1194 942 eo
1214 887 1335 942 etbeato
1352 886 1442 949 Petro,
1457 891 1657 947 rrredeertero
1677 902 1769 963 prote-

133 959 255 1031 pulerum
275 955 392 1019 Romuli,
407 970 453 1009 seu
467 962 548 1019 meta,
565 955 670 1026 aliaque
683 957 710 1011 in
721 956 861 1012 ordinibus
871 972 927 1011 me·
976 962 1078 1009 ctorem
1098 964 1125 1010 et
1146 956 1314 1011 defensorem
1334 955 1390 1011 fore
1412 959 1510 1013 summi
1527 960 1623 1029 pontif.
1642 972 1668 1017 et
1687 963 1716 1017 S.
1733 966 1766 1019 11.

132 1038 238 1085 onorata
251 1026 321 1090 loca,
332 1041 446 1095 quorum
461 1026 576 1080 mediam
587 1025 671 1081 fuisse
683 1041 773 1081 aream
787 1041 847 1080 cum
861 1042 925 1081 con·
975 1024 1103 1080 Ecclesia
1115 1027 1141 1081 in
1156 1026 1281 1080 omnibus
1294 1028 1500 1082 necessitatibus
1512 1030 1592 1099 271
1607 1039 1634 1084 et
1645 1032 1770 1088 utilitati·

133 1101 181 1156 elta
207 1105 325 1152 testatur
351 1095 521 1151 ceremoniis
543 1097 686 1181 praefectus
703 1098 731 1151 in
751 1097 925 1152 coronatione
975 1093 1027 1150 bus
1040 1096 1105 1159 suis,
1128 1096 1304 1151 custodiendo
1323 1103 1350 1149 et
1365 1105 1548 1153 conservando
1568 1104 1768 1169 possessiones,

133 1167 312 1240 sigismundi,
330 1182 373 1236 ap.
389 1165 476 1236 linyn.
492 1164 588 1235 (ilai,
602 1183 628 1220 n.
645 1165 708 1238 li);
724 1185 734 1217 ι
747 1166 798 1222 Ubi
813 1167 847 1221 ad
861 1181 926 1221 con-
975 1174 1003 1218 et
1021 1165 1146 1230 bonores,
1162 1173 1188 1218 et
1197 1163 1259 1232 jura
1273 1165 1340 1233 ejus,
1352 1178 1483 1234 qnantum
1496 1169 1587 1223 divino
1599 1171 1680 1225 fultus
1692 1170 1767 1226 icero

133 1241 209 1294 cbarn
227 1253 299 1292 arce
310 1237 392 1290 castri
407 1235 499 1288 Sancti
520 1234 612 1303 drageli
627 1251 784 1306 pertenere,
800 1246 923 1290 mutuum
976 1233 1118 1302 ndjmorio,
1139 1234 1285 1289 secundum
1315 1235 1385 1288 scire
1412 1245 1439 1289 et
1462 1252 1541 1307 posse
1567 1255 1665 1304 meunt,
1693 1259 1714 1295 ιι
1723 1254 1768 1299 eta

132 1310 183 1364 sibi
196 1309 292 1363 dixere
308 1306 367 1359 vale
383 1323 390 1359 ε
404 1320 437 1359 ac
447 1305 567 1374 pontifex
580 1306 606 1359 in
618 1306 747 1375 palatium
763 1308 823 1363 lai.
839 1313 925 1361 retro-
975 1312 1005 1357 et·
1024 1320 1091 1374 pura
1113 1304 1236 1359 fidesic
1254 1318 1297 1359 me
1312 1304 1392 1370 Deus,
1411 1316 1465 1360 etc.
1480 1328 1489 1358 ι
1505 1307 1636 1378 (11ιι.1ι.
1654 1322 1718 1365 ιοιιι.
1734 1314 1766 1377 11,

133 1379 224 1442 cessit,
239 1387 292 1432 ete.
311 1375 459 1443 ibamque
478 1374 528 1429 ista
553 1390 615 1429 area
634 1385 694 1430 erat
716 1376 791 1431 loeus
804 1376 837 1429 ad
859 1377 927 1430 reci·
974 1387 1002 1443 p.
1020 1374 1095 1497 3952.
1223 1383 1228 1396 ·

149 1449 260 1503 icndnm
277 1445 398 1500 futurum
420 1445 626 1514 imperatorem,
640 1446 878 1514 deducendumque
891 1448 925 1500 ad
1011 1441 1060 1496 itit
1087 1442 1130 1499 vi.
1149 1441 1254 1498 Audisti
1279 1442 1425 1498 ilenricum
1443 1444 1465 1498 ι’
1478 1460 1530 1499 nou
1552 1445 1579 1500 in
1600 1464 1661 1502 arca
1687 1465 1769 1520 seper

165 1519 272 1573 silicam
289 1515 452 1585 designatus,
476 1530 530 1583 quo
549 1515 676 1569 similiter
690 1524 751 1586 post
772 1516 926 1569 coronatio-
967 1514 1104 1582 'gradibus
1118 1520 1292 1582 anteponam
1308 1528 1405 1567 aeream
1419 1524 1518 1569 sancte
1531 1515 1621 1572 ituria
1639 1519 1665 1573 iu
1678 1520 1766 1586 lurni,

132 1604 193 1643 nent
207 1587 335 1656 equitans
356 1600 417 1639 cnm
438 1584 564 1654 pontifice
578 1588 762 1641 revertebatur
775 1585 925 1640 diademate
976 1583 1022 1636 scd
1038 1584 1193 1664 adportant
1214 1590 1369 1664 argenteam
1396 1592 1491 1638 contra
1510 1601 1613 1641 oaorem
1634 1588 1767 1658 majorum

134 1658 286 1712 redimitus.
299 1655 432 1710 Caeterum
446 1654 579 1709 lienrieus
590 1656 612 1709 ll
620 1654 804 1721 juramentum
822 1653 924 1709 faciens
975 1650 1172 1723 professionem
1190 1651 1301 1717 fecisse;
1319 1662 1345 1707 et
1362 1652 1382 1706 F
1386 1654 1529 1709 riderieum
1543 1654 1728 1715 AEnobarbum
1742 1664 1768 1715 in

132 1743 164 1783 ιιι
179 1742 264 1791 more,
280 1725 369 1780 innuit
387 1723 517 1791 ejusmodi
530 1724 711 1789 juramentum
722 1725 852 1779 Romanis
866 1726 923 1780 fieri
941 1721 1091 1806 Beeclesia
1113 1730 1212 1777 sanctae
1233 1722 1323 1776 Mariae
1344 1722 1371 1776 iu
1392 1723 1481 1778 Τιιιϊί.
1499 1725 1638 1795 'l'ragieam
1660 1729 1768 1785 llerrriei

133 1797 306 1853 consuevisse
321 1804 384 1850 ante
397 1795 505 1848 ilenric.
522 1793 554 1848 lll
567 1792 720 1850 Germania)
735 1809 835 1863 regem,
849 1793 926 1863 cujus
977 1792 1179 1848 coronationem
1199 1793 1294 1847 iubens
1308 1801 1450 1865 pretereo.
1466 1795 1506 1849 Ad
1527 1795 1547 1848 F
1550 1798 1657 1852 riefcrici
1676 1811 1767 1855 autem

131 1865 273 1921 coronatio
296 1881 350 1919 una
373 1864 517 1919 ilenricum
539 1864 560 1919 ll
579 1865 734 1934 praecedens
753 1878 805 1919 non
821 1865 927 1920 ridetur
976 1861 1186 1931 professionem,
1210 1877 1290 1932 quam
1314 1864 1434 1918 omniurn
1462 1865 1565 1934 primus
1586 1868 1711 1936 praestitit
1740 1871 1768 1924 in

132 1936 258 1991 milicere
281 1937 314 1989 ad
339 1934 519 1989 induce-ndum
547 1949 661 1988 morem.
684 1934 864 2002 Quamobrem
892 1936 927 1990 ab
977 1932 1104 2000 praedicta
1128 1931 1257 1996 Ecclesia,
1275 1940 1317 1987 cst
1334 1933 1611 1999 animadvertendum,
1626 1943 1696 2006 quod
1711 1940 1768 1994 liu-
1847 1956 1850 1961 ’

132 2006 353 2062 antecessoribus
373 2019 425 2058 una
439 2018 500 2058 error
512 2003 667 2072 juramento
687 2004 822 2060 fidelitatis
856 2006 927 2060 onti—
977 2010 1067 2057 rantes
1082 2000 1228 2125 pilationnf.
1249 2002 1295 2056 lib.
1309 2018 1338 2065 n,
1354 2018 1379 2057 c.
1401 2004 1426 2066 8,
1441 2021 1468 2058 ιι.
1483 2005 1520 2075 lif,
1534 2005 1578 2073 qui
1596 2006 1709 2062 florebat
1722 2009 1768 2064 m-

131 2075 259 2131 iciaiiud
269 2075 350 2130 etiam
362 2072 492 2129 Romanis
503 2088 563 2127 esse
574 2073 723 2142 prestitum
735 2020 863 2129 credibiiii
874 2082 925 2130 est.
976 2072 1052 2127 culao
1064 2072 1084 2126 ll
1108 2072 1245 2143 pontifice,
1262 2087 1294 2126 ac
1310 2073 1424 2142 proinde
1441 2075 1543 2143 antiqui
1559 2076 1662 2132 ordinis
1685 2081 1768 2135 ratio-

131 2146 209 2214 obad
222 2160 322 2201 norum
336 2145 381 2199 hic
398 2143 526 2205 occurrit,
545 2143 678 2198 ilenricus
690 2144 832 2199 confirmat
847 2144 927 2198 ebar·
976 2156 1037 2194 nem
1057 2143 1147 2205 habet,
1163 2158 1223 2196 nam
1238 2143 1271 2197 ab
1282 2143 1391 2198 incunte
1403 2157 1465 2199 saec.
1480 2159 1528 2197 xm
1543 2145 1614 2199 trulla
1629 2151 1768 2205 coronatio

131 2227 174 2271 tas
184 2215 256 2269 tertii
269 2215 370 2285 pencris
381 2223 404 2268 et
418 2213 515 2278 fitam,-
527 2214 618 2267 ebarta
630 2223 719 2269 nutem
734 2213 807 2268 tertii
821 2215 927 2284 generis
976 2208 1046 2265 faeta
1062 2221 1130 2276 erat,
1146 2212 1179 2266 dc
1190 2213 1352 2282 imperatore
1363 2213 1401 2268 sic
1414 2213 1532 2282 loquitur
1544 2231 1550 2267 :
1568 2233 1577 2266 ι
1592 2214 1724 2283 Quoniam
1739 2220 1766 2274 iu

130 2292 192 2341 crat
214 2285 351 2355 scriptura
374 2283 505 2338 cessionis
523 2284 605 2338 castri
629 2293 675 2338 aut
698 2284 759 2347 loci,
776 2282 927 2351 crrjusmodi
976 2281 1020 2336 die
1034 2281 1212 2336 ordinationis
1231 2296 1287 2336 suae
1299 2291 1423 2352 receptus
1436 2284 1523 2353 primo
1536 2283 1562 2337 in
1576 2287 1735 2342 canonicum
1752 2307 1767 2344 a

131 2355 284 2426 exemplum
302 2353 380 2408 aliert
394 2353 562 2408 blaisillonius
581 2354 664 2424 (alirn.
680 2353 710 2408 Β.
727 2354 745 2407 l.
762 2369 820 2417 ιιιι,
840 2371 866 2408 ιι.
882 2353 924 2418 17,
976 2351 1114 2405 canonicis
1123 2353 1207 2406 sancti
1215 2351 1287 2407 Petri
1300 2352 1550 2408 ministrafdomino
1559 2371 1634 2424 papas
1647 2357 1673 2411 in
1685 2359 1767 2415 missa

132 2425 198 2495 fii)
210 2426 245 2479 de
264 2423 377 2479 castello
394 2424 526 2480 Tribuccu
549 2423 620 2477 inter
642 2425 704 2478 abb.
728 2422 883 2478 farfensem
899 2432 927 2479 ct
977 2420 1004 2474 in
1020 2420 1107 2478 officio
1128 2421 1346 2486 subdiaconatus,
1367 2422 1486 2491 parando
1502 2424 1624 2490 calicem,
1638 2436 1665 2481 et
1677 2428 1769 2494 buns-

131 2494 331 2560 Cresoeutium,
343 2509 423 2576 quam
435 2493 543 2617 (paidom
559 2495 682 2548 chartam
699 2493 831 2548 llenrieus
843 2493 854 2548 l
865 2494 927 2548 irri-
977 2490 1047 2544 modi
1060 2489 1191 2545 faciendo.
1204 2512 1213 2543 r
1226 2491 1253 2545 ln
1265 2492 1387 2570 eamdem
1398 2493 1720 2554 sentcntiamClemenslf
1734 2501 1767 2554 de

132 2574 189 2620 ιιιιι
212 2576 275 2620 esse
292 2563 384 2633 jussit.
410 2562 441 2617 ii
459 2562 502 2617 effi
525 2572 615 2617 autem
640 2564 750 2618 chartas
774 2564 927 2633 bucanqius
976 2565 1150 2616 coronatione
1161 2560 1269 2615 llenrici
1288 2560 1330 2615 ili
1350 2562 1401 2615 rite
1420 2562 1540 2617 facienda
1557 2565 1690 2635 principio
1702 2585 1766 2623 sare.

131 2635 270 2705 precarias
279 2642 308 2688 ei
319 2633 474 2705 praestarias
488 2633 690 2703 interpretatur,
705 2649 764 2703 quae
775 2634 829 2688 duo
838 2635 926 2703 capita
977 2646 1031 2692 ιιι,
1054 2630 1155 2698 legatos
1180 2632 1327 2686 admonet:
1349 2649 1358 2680 ι
1374 2631 1488 2702 ipsoque
1509 2634 1635 2701 pontifice
1655 2638 1767 2693 descen-

132 2706 206 2760 saiva
219 2719 281 2759 esse
294 2704 475 2759 Romanorum
487 2700 545 2769 ejus
562 2704 692 2772 temporis
702 2705 818 2758 inanime
844 2703 926 2758 inter·
976 2702 1056 2754 dente
1068 2716 1117 2769 pro
1127 2700 1297 2771 perficiendis
1313 2700 1455 2756 missarum
1469 2705 1608 2772 mysteriis
1625 2706 1766 2773 adulare,

131 2787 203 2831 crat.
219 2774 316 2830 Castra
334 2773 466 2842 siquidem
480 2780 506 2824 et
518 2773 617 2842 praedia
633 2773 659 2827 in
671 2773 867 2844 crrrpfayteusim
881 2789 925 2828 ιο·
975 2770 1122 2839 imperator
1134 2784 1210 2825 more
1219 2771 1375 2825 subdiaconi
1388 2770 1483 2826 offerat
1494 2773 1615 2838 calicem,
1629 2783 1656 2829 et
1666 2779 1767 2847 ampul·

131 2854 209 2916 cepta
224 2844 260 2898 ab
272 2843 404 2908 eeclesiis,
418 2841 488 2897 facili
503 2843 610 2912 negotio
625 2842 719 2897 iisdem
733 2842 855 2898 eeclesiis
867 2844 926 2896 rin-
976 2840 1039 2892 Ιιιιι.
1056 2860 1064 2891 ι
1086 2840 1152 2892 Cum
1174 2848 1263 2895 autem
1278 2856 1348 2895 aurae
1362 2840 1429 2896 tofo
1447 2841 1484 2894 nil
1498 2842 1551 2897 tale
1571 2842 1671 2898 factum
1685 2846 1767 2901 fuerit

129 2915 219 2973 dicari
231 2922 358 2984 poterant
368 2912 499 2983 imperiali
514 2912 669 2982 diplomate,
677 2913 764 3036 μθ
775 2911 924 2981 eujusmodi
975 2910 1009 2963 ab
1037 2909 1153 2964 ilenrico
1177 2909 1207 2973 ll,
1224 2908 1356 2979 hujusque
1388 2926 1528 2966 successor
1556 2912 1687 2970 llenricns
1718 2933 1765 2972 rex

131 2986 211 3055 plura
227 2984 345 3039 vidimus
358 2985 418 3037 data
432 2996 492 3037 esse
509 2983 543 3037 ub
556 2981 675 3037 Ottonel
712 2991 773 3052 post
786 2981 925 3050 imperiale
976 2978 1066 3034 Germ.
1082 2978 1115 3033 iv
1130 2994 1256 3034 eoronam
1277 2996 1330 3034 nou
1352 2980 1510 3047 obtinuerit,
1532 2982 1641 3037 llenrici
1658 2986 1768 3041 l'coro-

129 3056 259 3111 diadema
285 3064 449 3122 susceptum.
479 3052 564 3119 Quam
589 3052 711 3121 profecto
735 3052 923 3107 auctoritatem
975 3050 1050 3104 natio
1067 3048 1184 3104 insolens
1198 3050 1279 3103 riurm
1293 3066 1401 3105 onmem
1415 3051 1527 3119 rejiciat,
1542 3068 1574 3107 ac
1585 3053 1700 3124 denique
1714 3056 1767 3110 Lu-

130 3138 241 3180 corouae
253 3138 386 3179 annexam
399 3137 458 3177 esse
473 3121 614 3192 pontifices
633 3123 769 3191 sapienter
781 3098 961 3178 solareruntc
977 3119 1081 3174 tbarius
1090 3118 1113 3173 ll
1122 3121 1283 3200 necessitate
1295 3120 1447 3190 impellente
1459 3137 1585 3177 eoronam
1596 3125 1767 3195 praecipitan-

130 3194 236 3266 optimo
249 3193 424 3248 ecclesiamm
443 3192 560 3262 publico,
576 3200 605 3244 ιιι
620 3192 675 3247 iras
693 3191 874 3262 potentiorum
890 3193 925 3248 ab
975 3191 1211 3260 tersuseeperatab
1221 3190 1377 3246 innocentio
1387 3189 1409 3244 11
1420 3192 1446 3244 in
1457 3193 1631 3248 baterauensi
1643 3195 1765 3261 basilica,

127 3261 923 3334 oeavmwreut,ffrmiusqueiispresicliumcompararent.
975 3259 1038 3314 binc
1062 3271 1112 3323 est,
1138 3260 1209 3328 quod
1233 3260 1266 3313 ad
1291 3260 1457 3316 fridericum
1482 3260 1668 3318 AEnobarbum
1694 3280 1765 3321 urano

130 3332 320 3389 Animadverti
343 3339 431 3386 autem
457 3331 537 3387 aelim
565 3345 618 3385 nou
643 3330 830 3401 praefecturam
849 3332 925 3389 urbis
975 3329 1043 3383 1155
1062 3338 1218 3385 coronatum
1234 3329 1268 3383 ab
1285 3329 1404 3386 Adriano
1424 3330 1459 3386 fv
1472 3333 1634 3388 descendere
1647 3345 1763 3404 oportet.

129 3402 197 3471 (nisi
219 3401 367 3472 aliquando
386 3416 434 3472 per
454 3400 619 3456 invasionem
629 3400 649 3470 )‚
665 3416 718 3455 non
738 3401 790 3455 ulia
806 3401 923 3472 palatina
974 3397 1050 3455 Hunc
1064 3398 1186 3471 profecto
1204 3415 1253 3453 cur
1269 3402 1388 3454 omnium
1402 3400 1519 3469 primum
1535 3402 1605 3456 inter
1618 3405 1765 3460 canonicos

129 3469 230 3536 edacia,
246 3486 300 3526 non
310 3471 363 3526 alia
373 3472 469 3526 summi
481 3470 610 3541 principis
618 3469 679 3537 jura
692 3470 725 3525 ad
736 3471 923 3539 imperatorem
975 3483 1164 3524 recenseamus
1176 3469 1248 3523 ntrlla
1259 3470 1377 3539 suppetit
1388 3471 1456 3525 ratio
1470 3481 1553 3534 certa,
1565 3481 1665 3540 preter
1680 3474 1762 3529 ritum

129 3556 182 3613 per
209 3541 335 3597 diadema
361 3541 499 3610 imperiale
521 3541 693 3610 pervenisse,
724 3540 771 3595 sed
797 3541 924 3596 inviolata
974 3538 1001 3594 in
1017 3539 1129 3620 antiqno
1152 3539 1247 3592 ordine
1268 3540 1452 3609 prescriptum
1477 3541 1504 3594 in
1529 3541 1643 3597 ecclesia
1664 3553 1766 3600 sanctu

127 3608 205 3683 apud
254 3609 373 3665 ntiieem
386 3610 578 3679 permansisse.
974 3607 1065 3662 ilariae
1079 3624 1107 3662 an
1121 3606 1209 3671 Turri,
1225 3609 1270 3676 qui
1291 3623 1353 3663 cum
1370 3608 1438 3664 actis
1452 3609 1564 3664 Adriani
1577 3611 1608 3665 ii
1624 3611 1682 3667 fere
1700 3613 1765 3668 con-

167 3625 279 3735 Xffi.
295 3680 364 3735 llinc
383 3686 435 3743 est,
457 3679 529 3749 quod
541 3684 738 3734 sacramentum
756 3679 893 3735 fidelitatis
908 3694 924 3736 a
973 3677 1059 3732 cinit:
1077 3696 1086 3727 ι
1101 3677 1203 3732 Relicto
1217 3677 1318 3757 ibidem
1331 3693 1403 3748 rege,
1419 3680 1577 3742 aiuntacta,
1596 3683 1717 3750 pontifex
1730 3683 1765 3738 ad

126 3762 198 3820 rege
214 3748 399 3804 Romanomm
419 3749 542 3819 praestari
563 3748 689 3813 solitum,
714 3758 858 3818 antequam
876 3765 925 3820 per
974 3746 1058 3801 altare
1069 3745 1140 3801 beati
1154 3746 1227 3801 Petri
1239 3749 1420 3801 conscendit.»
1434 3747 1507 3803 Ordo
1519 3752 1763 3820 auteruantiquus:

126 3826 241 3889 ponam
252 3832 352 3874 aream
363 3826 464 3874 sanetae
475 3818 565 3873 ilaris
579 3819 605 3872 in
621 3819 701 3873 'lucri
716 3818 748 3872 ad
763 3827 870 3888 portam
881 3836 924 3874 ar·
976 3834 986 3866 ι
1004 3816 1104 3871 Deinde
1120 3830 1241 3870 summus
1262 3815 1381 3884 pontifex
1397 3832 1458 3872 cum
1479 3818 1604 3872 omnibus
1619 3820 1763 3876 ordinibus

126 3897 259 3957 autema
272 3887 425 3953 duceretur,
440 3889 468 3942 in
485 3888 536 3943 hoe
548 3889 642 3943 ordine
654 3888 819 3960 planissimis
835 3890 924 3944 verbis
974 3885 1031 3941 suis
1044 3885 1078 3940 ad
1092 3885 1177 3939 altare
1197 3885 1328 3956 procedit,
1341 3893 1369 3940 et
1389 3886 1461 3941 facta
1476 3887 1512 3942 ibi
1525 3887 1657 3953 oratione,
1673 3890 1707 3944 ad
1718 3905 1761 3944 sc-

126 3972 304 4028 eaprcssum,
326 3966 389 4011 ante
410 3972 495 4012 annos
518 3965 574 4012 tres
596 3967 623 4013 et
644 3958 755 4029 triginta
775 3957 924 4012 exhibitum
974 3954 1035 4010 dem
1049 3955 1179 4019 ascendit,
1192 3968 1256 4024 rege
1269 3971 1328 4009 cum
1342 3955 1407 4021 suis,
1422 3965 1449 4011 et
1468 3957 1553 4012 tribus
1567 3957 1711 4031 episeopis,
1724 3961 1764 4014 ti·

126 4025 222 4081 deerat
235 4026 380 4082 benedicto
394 4026 449 4081 lllll
462 4043 477 4081 a
493 4034 587 4082 saneto
598 4028 714 4083 ilenrico
726 4026 747 4091 i,
761 4035 791 4080 ut
811 4035 925 4082 testatur
974 4025 1071 4080 delicet
1083 4023 1210 4088 Ostiensi,
1224 4034 1251 4078 ef
1264 4024 1413 4090 Portuensi,
1430 4037 1458 4082 et
1471 4026 1617 4081 libanensi
1636 4029 1662 4082 in
1676 4030 1764 4084 eecle-

125 4096 271 4151 liitmarus
284 4111 329 4167 ap.
351 4096 449 4150 aaron.
464 4095 555 4169 (foti,
567 4112 594 4150 n.
608 4097 643 4167 l),
658 4105 685 4151 et
704 4111 747 4166 ap.
762 4096 924 4151 Leibnitium
974 4096 1013 4149 sia
1026 4102 1126 4150 sancte
1144 4093 1234 4148 biania}
1255 4095 1283 4147 in
1299 4094 1430 4150 'lurrifrns
1443 4105 1609 4163 remanente,
1622 4097 1668 4154 ubi
1684 4113 1699 4154 a
1718 4114 1764 4153 ca-

124 4164 234 4289 sscmrip.
258 4181 310 4219 rer.
327 4164 447 4219 Brumae.
469 4177 534 4221 torn.
550 4166 575 4231 f,
592 4183 620 4236 p.
634 4165 697 4237 iou)
714 4183 720 4218 :
740 4185 749 4216 ι
769 4166 924 4221 bcctrrsisa
973 4165 1178 4225 nunicissancti
1199 4163 1271 4222 Petri
1294 4179 1354 4219 rece
1374 4173 1417 4220 tus
1432 4166 1460 4220 iu
1474 4164 1597 4230 fratrem,
1617 4168 1764 4238 imperiali-

204 4273 212 4288 .
236 4235 342 4289 incarn.
361 4242 422 4305 posi
445 4235 588 4290 millenarii
610 4235 803 4305 plenitudinem
818 4236 925 4291 numeri
974 4235 1025 4290 bus
1037 4235 1163 4290 induatur
1180 4233 1340 4305 insignibus,
1388 4242 1415 4290 ιο
1429 4236 1513 4306 ipsius
1522 4235 1604 4307 pallio
1614 4240 1764 4293 camerario

124 4304 212 4359 mab
223 4303 362 4368 tredecim,
381 4313 409 4359 et
419 4305 447 4359 in
461 4307 570 4375 subseq.
586 4305 649 4360 anni
660 4305 778 4360 secundo
789 4320 882 4361 mense
892 4322 924 4361 ae
973 4303 1075 4359 domini
1163 4323 1195 4356 ,ι

124 4370 302 4429 Ιιώιιοιιιιιιι
317 4374 407 4438 tertia,
423 4385 595 4429 annuentem
612 4389 640 4429 re
658 4375 685 4428 ni
699 4373 757 4442 ejus
771 4375 925 4430 tertiodeci-
1008 4319 1419 4440 xxxiiiaeoutuveroteenus
1430 4374 1598 4446 llallius,qui
1609 4376 1763 4432 subcodem

122 4454 187 4509 uo,
198 4452 227 4498 et
236 4441 284 4498 die
296 4444 374 4498 Dum.
387 4460 418 4499 ae
429 4460 455 4498 rr
469 4443 522 4498 ltai.
539 4445 617 4499 llari.
632 4390 764 4498 tierricus
779 4445 922 4514 Delmatia
939 4436 961 4491 Ι)
975 4443 1132 4499 AEuobarbo
1142 4442 1265 4506 florebat,
1276 4453 1387 4514 eratque
1399 4461 1414 4501 e
1427 4447 1513 4502 saneti
1528 4445 1602 4500 Petri
1618 4447 1762 4502 eanonicu-

124 4520 181 4568 ω
192 4511 512 4583 inclytusaseoatoribus
522 4514 662 4569 duodecim
673 4513 796 4579 vallatus,
806 4529 920 4583 quorum
973 4529 1031 4568 rum
1047 4513 1169 4584 collegio,
1190 4527 1247 4567 rem
1260 4513 1339 4567 istam
1362 4529 1413 4569 uon
1429 4515 1526 4572 modici
1541 4516 1651 4572 honoris
1668 4531 1764 4586 perpe·

121 4593 179 4637 tex
195 4583 362 4647 miliaria,
376 4583 420 4637 alii
436 4583 554 4654 prolixa,
568 4583 680 4655 mystice
693 4583 920 4638 incedebantcum
972 4590 1048 4638 fuum
1061 4583 1132 4645 silet,
1145 4596 1207 4637 cum
1225 4597 1240 4636 e
1262 4585 1399 4640 contrario
1413 4586 1446 4640 de
1457 4585 1575 4641 basilice
1590 4587 1763 4642 eonsuetudi-

121 4644 321 4716 humiliatum
338 4653 436 4708 dilecta
450 4653 550 4708 suimet
564 4653 678 4724 conjuge
696 4653 869 4722 Cunegnnda,
886 4653 921 4707 ad
971 4653 1050 4708 nibus
1066 4653 1147 4725 272
1160 4651 1271 4721 loquens
1285 4653 1421 4726 (bolland.
1436 4665 1501 4710 tom.
1516 4655 1548 4710 l'l
1561 4654 1623 4710 iun.
1648 4671 1708 4726 par.
1730 4672 1761 4720 n,

120 4721 274 4776 ecclesiam
285 4722 541 4793 sauctiPetri,papa
553 4723 827 4793 exspectante,renii,
840 4733 922 4776 etan·
970 4737 997 4804 p.
1010 4721 1061 4794 39)
1078 4726 1136 4777 inec
1149 4721 1182 4777 de
1204 4724 1255 4776 ritu
1280 4722 1452 4787 inunctionis,
1482 4734 1563 4794 atque
1580 4726 1760 4794 imperialium

122 4792 242 4860 &qoam
268 4792 496 4855 introduceretur,
525 4794 670 4847 abeodem
689 4792 878 4862 interrogatus,
898 4792 921 4846 si
971 4792 1115 4861 insignium
1126 4792 1269 4847 traditione
1299 4794 1432 4847 osteritati
1449 4795 1640 4850 commendet:
1661 4793 1760 4848 «iuxta

120 4855 220 4915 fidelis
230 4861 311 4929 redet
324 4859 452 4917 llonranaa
471 4871 601 4932 patronus
615 4877 685 4927 esse,
697 4869 724 4916 et
736 4862 860 4916 defensor
871 4862 921 4916 Ee·
971 4861 1023 4917 hoc
1040 4861 1124 4914 altare
1137 4862 1239 4932 (saneti
1253 4806 1392 4932 Stirestri)
1408 4877 1456 4932 per
1472 4862 1602 4917 directum
1621 4872 1663 4919 est
1676 4864 1763 4918 altare

123 4929 230 4995 mie,
246 4930 299 4988 sibi
312 4937 402 4986 auten
420 4932 534 5001 suisque
556 4931 756 4988 successoribus
769 4946 817 5002 per
830 4932 920 4984 omnia
971 4930 1058 4986 sancti
1073 4929 1189 4986 llauritii
1204 4946 1240 4985 m.
1259 4932 1291 4984 ad
1310 4933 1381 4999 quod
1392 4932 1494 4987 seilicet
1507 4933 1592 4987 altare
1604 4933 1638 4987 de
1650 4933 1759 5002 antiqua

125 4992 227 5060 fidelis,
251 4999 347 5055 devota
371 4999 537 5071 professione
558 5002 704 5072 respondit.
721 5001 859 5068 »Quodsi
878 5001 921 5056 eui
971 5000 1164 5057 cousuetudine
1180 5000 1363 5055 Rornanorum
1377 5002 1523 5071 imperator
1538 5017 1553 5055 a
1571 5003 1687 5057 dominis
1705 5003 1760 5071 epi·

126 5071 293 5126 ammenti
307 5069 444 5126 fidelitatis
464 5087 562 5127 nornen
579 5072 712 5143 displicet,
727 5072 853 5141 iubetque
866 5071 922 5141 pri·
971 5070 1060 5151 scopis
1072 5070 1163 5124 cardd.
1180 5069 1349 5126 benedicitur
1364 5080 1391 5125 et
1402 5073 1519 5141 ungitur.
1535 5071 1576 5127 fld
1591 5071 1674 5126 altare
1697 5086 1760 5126 reru

133 5148 207 5194 ιαιιιι
228 5141 411 5209 promissionis
430 5157 477 5196 seu
492 5142 662 5212 professionis
686 5141 822 5196 recentius
842 5140 921 5195 adbi-
971 5155 1058 5209 majus
1081 5139 1167 5194 sancti
1192 5140 1264 5195 l‘etri
1288 5142 1430 5195 adomino
1453 5157 1520 5211 papa
1548 5141 1715 5196 benedicitur
1734 5148 1761 5194 et

135 5199 206 5273 berc,
220 5225 271 5281 per
283 5225 327 5266 me
339 5209 411 5275 lieet,
427 5212 507 5267 modo
522 5220 627 5280 certum
642 5213 802 5280 firmumque
813 5212 920 5272 babeat,
971 5219 1124 5270 coronatur,
1144 5219 1172 5264 et
1192 5210 1225 5264 de.
1238 5224 1410 5266 sacrosancto
1433 5212 1509 5265 altari
1527 5209 1584 5280 ejus
1604 5224 1653 5278 per
1665 5224 1762 5265 mantra

137 5279 184 5332 tub
197 5280 354 5335 diversitate
372 5281 488 5336 nominis
513 5296 645 5336 summam
662 5279 783 5335 eamdem
796 5295 866 5335 esse.
883 5280 921 5334 Ea
973 5281 1085 5335 lfomani
1107 5280 1292 5348 pontificisad
1318 5280 1512 5335 defendendam
1534 5278 1680 5334 Ecclesiam
1705 5279 1761 5350 gia:

143 5345 265 5415 tiqn'nfem
279 5349 307 5404 in
321 5349 418 5403 librum
432 5351 645 5406 ceremonialem
661 5350 754 5415 relata,
773 5350 920 5405 llenrieol'
971 5352 1044 5406 dium
1065 5351 1171 5420 accipit.
1187 5368 1196 5401 r
1213 5349 1281 5403 Nmn
1304 5352 1469 5404 consuetudo
1484 5350 1533 5404 iata
1550 5349 1712 5403 inunctionis
1726 5349 1761 5403 ab

144 5422 179 5480 ιιι
194 5420 296 5489 pumirs
310 5426 370 5490 post
391 5419 509 5475 llenr.ll
529 5421 650 5476 diadema
663 5422 789 5489 suscepit,
804 5420 838 5474 ad
896 5436 922 5473 r·
973 5419 1079 5476 llcrrrici
1095 5421 1116 5476 ll
1132 5419 1344 5475 coronationem
1359 5420 1475 5473 maxima
1490 5417 1533 5472 iila
1552 5433 1641 5472 rerum
1653 5428 1762 5488 pertur-

146 5487 189 5540 iim
201 5499 356 5560 argenteam
365 5497 406 5544 est
416 5491 547 5556 exhibita,
566 5500 595 5545 ut
605 5500 665 5546 acta
678 5506 721 5561 ap.
730 5491 816 5545 liarou
829 5435 919 5572 (tiit,
971 5491 1079 5546 batione
1086 5491 1147 5545 unni
1160 5490 1220 5543 1111
1233 5489 1375 5559 repetenda
1387 5489 1438 5552 sita
1452 5503 1485 5541 an
1497 5497 1585 5556 pauns
1594 5487 1628 5541 ab
1639 5488 1758 5558 aliquan·

148 5557 200 5628 tif
211 5567 347 5615 immutor
360 5577 367 5612 :
379 5578 388 5611 ι
399 5558 492 5629 ibique
501 5576 534 5616 ex
544 5561 615 5616 libro
627 5561 819 5631 professionem
835 5573 921 5628 nupe-
972 5562 1056 5618 italum
1070 5561 1181 5615 feliciori
1195 5559 1322 5614 l'rf'ierici
1338 5559 1358 5621 l,
1371 5557 1447 5625 cujus
1458 5573 1527 5610 arnro
1541 5556 1651 5611 c-rciter
1662 5557 1758 5612 ticesi-

148 5628 918 5702 ntrniamfaciens,aporrtiflcedesignatusestimperator.r
972 5648 1015 5687 ruo
1035 5631 1138 5685 liaffius
1157 5631 1189 5684 de
1210 5646 1240 5684 ea
1254 5630 1399 5691 scribebat,
1419 5628 1614 5696 incompertum
1630 5627 1695 5681 milri
1708 5638 1762 5683 est.

149 5687 246 5756 larinate
262 5715 335 5754 antio
360 5700 426 5754 fito
448 5697 603 5756 i'ridcrieus
622 5701 632 5755 1
652 5700 832 5764 AEuobnrlms,
853 5700 921 5753 actis
971 5701 1051 5757 Certe
1076 5703 1145 5755 inter
1164 5700 1308 5754 ilenricum
1320 5698 1341 5753 ll
1355 5706 1380 5750 ct
1401 5697 1568 5752 Friderieuru
1583 5696 1592 5751 l
1610 5698 1697 5766 spatio
1712 5711 1760 5752 au·

289 5814 428 5874 Parnon.
452 5812 582 5876 xciiii
1545 5811 1585 5869 ii
