3780 6120
121 250 154 305 m
156 250 166 304 1
557 245 586 301 tt.
604 244 730 303 esseut
749 243 855 304 maest
875 244 952 303 OPP.
972 245 1062 302 eatis
1080 245 1101 301 1.
1123 245 1244 302 secato
1260 247 1305 305 111.
1693 246 1749 303 eta

119 359 204 416 ttnmli
228 359 316 433 llagni
331 374 384 414 uon
396 357 572 428 improbabile
587 364 638 412 est.
658 358 785 414 Ludorici
798 359 839 414 Pii
857 373 903 413 ce
917 359 940 416 Α
953 375 1013 415 esse
1046 359 1189 430 riocipium
1211 357 1362 428 excipiendi
1380 357 1572 428 imperatorem
1584 360 1620 416 ad
1637 367 1749 430 portam

120 432 287 491 renationem
309 430 351 485 sin
390 429 438 482 lari
462 427 585 495 exemplo
616 427 714 483 factam
743 428 770 482 iii
788 428 902 483 Francia
954 376 1072 493 eastefli,
1092 429 1206 499 quodie
1229 428 1380 485 Germania
1405 443 1498 498 regum
1517 431 1681 500 exceptione
1705 447 1749 488 so·

120 500 339 571 l'beganusleap.
370 499 397 569 7)
408 497 536 552 describit
548 498 768 553 liisrerbisttln
780 499 903 568 proxima
955 500 1042 554 leiniie
1054 500 1118 565 fiiit,
1134 506 1162 553 ct
1175 513 1261 622 osipus
1271 499 1305 553 ad
1318 498 1495 553 novissimum
1513 498 1608 555 Romte
1627 516 1747 558 corona-

120 570 308 625 ilicbominiea
322 569 349 622 iii
359 569 472 623 ecclesia
485 575 547 621 ante
556 569 698 622 missarum
706 568 846 633 solemnia,
858 582 904 623 co·
954 578 1011 624 tuni
1024 569 1191 625 fridericum
1204 568 1213 621 l
1227 568 1237 623 Ι
1252 569 1443 638 perseveravit.
1463 569 1560 625 Verum
1578 570 1643 640 quia
1658 587 1748 628 caerc-

121 655 178 695 ram
204 640 277 695 clero
306 647 333 692 ct
361 638 434 692 omni
460 636 565 706 populo.
585 638 753 692 consecravit
782 653 845 692 eum
877 644 905 691 et
954 640 1044 694 nionia
1061 640 1112 695 ista
1136 640 1249 693 multum
1264 639 1399 708 discrepat
1412 640 1447 694 alt
1466 640 1625 708 exceptione
1650 657 1747 713 regum

120 712 197 765 uniit
225 710 258 762 ad
275 710 474 778 iiiipcratoiem,
503 714 530 761 et
548 722 676 761 eoronam
694 721 805 762 auream
828 706 902 765 miro
955 709 1118 765 llomtelleri
1134 708 1228 772 solita,
1244 708 1382 763 etCarolo
1398 707 1493 780 llagno
1508 709 1667 780 fiericoepta
1682 728 1746 767 euin

120 778 327 851 pulchritudinis
347 776 473 847 61254
494 778 695 846 pretiosissimis
715 777 829 847 gemmis
858 790 903 830 or·
954 779 1066 833 Rotiiam
1089 779 1177 848 primo
1200 778 1418 842 redituum,
1445 793 1478 833 es
1498 778 1569 834 libro
1593 779 1749 839 Pontificali

122 859 223 913 natam,
243 864 323 918 quain
345 863 435 902 secum
451 854 647 916 apportaverat,
664 848 752 916 posuit
769 861 849 915 supra
863 860 908 900 ca·
956 848 1042 918 (sect.
1062 849 1113 904 all
1137 848 1214 920 seq.)
1233 850 1286 903 buc
1310 848 1383 903 illam
1406 847 1516 903 afferam
1536 862 1545 902 t
1564 866 1574 900 ι
1592 849 1698 905 biresit
1718 849 1750 907 iii

121 930 168 988 pin
183 916 249 986 rjus.
267 938 276 970 i
296 918 329 972 Et
342 917 485 971 lotharius
501 915 542 970 Pii
559 915 687 972 Ludoriri
705 918 776 971 lilios
792 930 905 971 coiisirs
955 919 1013 1000 cius
1025 934 1167 974 occursum
1180 916 1432 984 uiiirersosjudices
1444 919 1477 972 ad
1490 915 1546 972 lere
1558 919 1670 989 triginta
1684 921 1750 976 mil·

122 990 204 1057 patris
216 997 360 1043 coronatus
372 988 408 1041 ita
419 988 567 1056 genitorem
579 987 618 1041 rei
629 987 774 1042 admonet:
789 986 906 1040 «Coram
956 988 991 1042 lia
1014 989 1048 1043 ab
1062 990 1114 1043 liae
1131 987 1250 1042 llomana
1267 988 1333 1042 tirlie
1348 988 1375 1041 in
1396 987 1483 1044 locuni
1497 988 1542 1057 qui
1560 998 1674 1044 vocatur
1691 990 1749 1047 fio·

121 1072 198 1113 sacro
211 1058 309 1122 altare,
325 1065 351 1112 et
366 1072 456 1111 coram
472 1072 549 1111 sacro
562 1072 675 1127 corpore
687 1057 757 1112 beati
778 1054 906 1126 principis
955 1073 1020 1123 ras,
1032 1058 1078 1112 ubi
1091 1073 1154 1112 eum
1167 1072 1228 1112 cuin
1241 1057 1361 1112 bandora
1373 1066 1559 1128 susceperunt.
1575 1059 1609 1112 Et
1622 1060 1686 1114 dum
1699 1075 1749 1131 ap·

121 1127 328 1197 apostolniuiua
348 1121 454 1181 summo
467 1126 604 1196 pontifice,
621 1135 711 1181 restro
723 1142 756 1181 ex
773 1139 906 1181 consensu
956 1129 1163 1199 propinquasset
1182 1126 1238 1182 fere
1250 1127 1330 1182 unius
1349 1127 1466 1182 milliarii
1481 1129 1571 1208 spatio
1591 1143 1606 1182 a
1623 1130 1747 1185 ltomaiis

122 1208 150 1250 et
171 1198 326 1261 ranimirum,
350 1196 576 1258 liencdictioncm,
600 1198 747 1261 honoiem,
763 1204 790 1250 et
808 1208 906 1250 nometi
956 1199 1024 1252 urbe
1040 1197 1139 1252 direxit
1159 1197 1299 1251 uniiersas
1312 1197 1418 1251 scholas
1433 1197 1534 1251 militie
1545 1213 1597 1252 una
1613 1214 1675 1253 coni
1698 1214 1749 1269 pa-

122 1267 226 1338 snscepi
243 1266 390 1337 imperialis
413 1265 508 1331 oflicii,
524 1267 633 1336 insuper
648 1265 770 1321 diadema
788 1264 906 1335 capitis,
958 1267 1058 1331 tmnis‚
1073 1267 1206 1335 simulque
1218 1277 1245 1320 et
1257 1266 1363 1334 pueris,
1374 1266 1421 1337 qni
1433 1266 1466 1321 ad
1483 1267 1625 1323 discendas
1640 1269 1749 1324 litteras

121 1345 148 1389 nt
178 1338 276 1391 lazlinm
298 1338 332 1390 ail
346 1335 529 1390 defensionem
548 1335 686 1390 Ecclesiae.
705 1335 806 1402 »Quod
824 1333 908 1389 refert
957 1338 1121 1408 pergebant,
1139 1339 1312 1407 deportantes
1324 1350 1419 1392 omncs
1432 1350 1521 1391 ramos
1534 1336 1684 1408 palmaruni
1706 1346 1748 1392 iit-

123 1355 366 1477 llaiiilloninslsce.
381 1421 407 1459 ir
422 1405 568 1472 Btine.l.,p.
584 1405 647 1473 515)
664 1405 749 1459 lilium
763 1404 842 1473 liujus
854 1404 907 1459 Lit-
958 1421 1010 1476 que
1023 1408 1171 1471 olivarnm,
1191 1406 1337 1474 laudesque
1349 1419 1444 1461 omnes
1457 1415 1600 1472 canentes,
1621 1424 1683 1463 enin
1700 1424 1748 1463 ac·

123 1477 244 1531 ‹loricuni
256 1475 276 1530 ll
287 1491 340 1531 nori
352 1482 402 1539 est,
413 1473 564 1544 quidsiniili
577 1476 656 1529 modo
666 1484 823 1529 coronatum
836 1488 908 1529 atino
958 1477 1150 1532 clamationum
1161 1474 1315 1531 earumdem
1326 1475 1434 1531 laudum
1444 1477 1555 1531 vocibus
1566 1477 1652 1546 ipsum
1664 1478 1751 1533 Fran·

122 1545 201 1600 830a
219 1544 308 1600 Leone
322 1544 355 1599 lll
367 1544 521 1608 ostendam,
537 1558 597 1598 cuin
614 1545 671 1613 ipse
683 1544 739 1608 sui,
762 1552 790 1598 et
805 1544 909 1613 praede·
958 1562 1050 1603 eorum
1064 1554 1239 1616 susceperunt
1251 1559 1357 1614 regem,
1369 1546 1477 1600 obviam
1491 1545 1530 1600 illi
1545 1545 1603 1615 ejus
1616 1549 1750 1604 sanctitas

123 1629 259 1669 cessurum
283 1616 318 1669 sit
333 1615 409 1671 testis
426 1612 571 1667 inlaudata
591 1615 625 1669 od
638 1615 765 1669 basilium
781 1613 905 1683 epistola.
958 1617 1077 1687 dirigens
1093 1614 1261 1671 venerandas
1272 1630 1383 1678 croces,
1398 1614 1480 1670 idest
1494 1616 1590 1699 signa,
1603 1617 1674 1672 sient
1689 1632 1751 1673 mos

125 1685 161 1738 lte
174 1685 270 1739 Carolo
284 1683 365 1739 Calvo
381 1684 499 1739 Lolliarii
517 1683 572 1739 lilio
583 1691 612 1737 et
626 1684 754 1740 Ludos-iel
773 1684 795 1739 ll
809 1684 906 1748 fratre,
924 1695 1002 1764 pest
1012 1688 1046 1742 ad
1056 1687 1218 1749 etarcliuin,
1232 1693 1279 1738 aut
1290 1685 1435 1755 patricium
1455 1686 1671 1755 suscipiendum,
1686 1703 1751 1743 cmii

123 1755 217 1808 iisileiii
239 1771 272 1809 iie
283 1756 338 1809 fere
352 1755 441 1810 verbis
453 1754 486 1810 de
496 1754 593 1809 Catulo
607 1753 706 1810 Crasso
719 1753 846 1808 Ludoriei
855 1753 909 1807 fra-

124 1770 299 1879 trislioamrii
312 1825 381 1888 lilio,
392 1823 524 1879 annalista
534 1823 729 1879 Bertinionusa
751 1824 785 1878 ud
797 1823 908 1893 Pagium

124 1893 196 1963 (stit,
211 1911 239 1948 ii.
255 1895 285 1958 6;
300 1895 360 1954 880,
376 1911 403 1948 ii.
418 1894 445 1961 7)
460 1894 517 1947 litec
532 1894 612 1948 liabct
627 1909 634 1948 t
653 1913 662 1944 ι
677 1894 705 1949 ln
720 1840 764 1948 (Re
778 1893 910 1948 Nativita-

124 1965 161 2016 tis
183 1965 287 2019 lloiiiini
309 1965 388 2019 beato
411 1962 491 2019 Petro
504 1964 599 2029 multa,
612 1973 640 2018 ct
655 1964 774 2033 pretiosa
796 1977 908 2018 munera

123 2032 239 2089 offerens
252 2034 278 2088 in
292 2035 482 2116 imperatorem
497 2044 594 2088 unetos
607 2040 634 2088 et
646 2043 808 2097 coronatus,
828 2041 909 2102 atquc

125 2104 307 2158 lloinanoruui
334 2113 480 2172 imperator
502 2100 651 2172 appellatos
674 2112 725 2159 est.
748 2123 757 2156 ι
780 2103 808 2157 lii
829 2117 907 2158 (nine.

125 2173 203 2227 llnni.
217 2189 262 2227 nii.
278 2173 339 2238 llil,
363 2188 406 2243 ap.
423 2173 559 2228 Lablieuiii
577 2176 655 2246 (tom.
672 2174 717 2237 lx,
734 2189 760 2243 p.
774 2172 838 2243 295)
859 2186 909 2242 pro

124 2243 328 2298 confirmatione
343 2243 431 2298 Caroli
452 2243 535 2306 Gauri,
553 2252 652 2312 praeter
673 2245 843 2306 utactio-nem,
862 2257 909 2296 eo·

125 2329 234 2377 ronan,
258 2322 285 2368 ct
300 2315 436 2395 gladiinii,
462 2313 560 2382 sceptri
576 2314 658 2369 etiam
675 2315 705 2368 tit
727 2314 837 2368 urentin.
865 2313 908 2367 b'il

125 2384 185 2436 riori
204 2394 322 2453 suppetit
334 2386 366 2438 ilc
380 2384 501 2447 Wilone,
515 2381 627 2452 eiusque
640 2384 696 2438 tilio
708 2383 853 2438 Laniberto
865 2383 907 2436 in·

125 2462 166 2507 ter
179 2453 319 2508 Cumtiiios
331 2454 440 2507 insertis
450 2469 482 2507 en
498 2452 593 2507 cliton.
609 2454 768 2509 Casmirien.
782 2468 826 2522 ap.
837 2452 909 2508 Con·

959 1772 1021 1813 cum
1042 1757 1144 1827 ingenti
1160 1757 1262 1810 lionore
1274 1756 1375 1824 suscipi
1391 1755 1465 1811 fecit.
1483 1755 1578 1810 iliifra
1600 1764 1693 1812 autem
1717 1757 1752 1815 da

959 1827 1018 1897 ipso
1037 1826 1165 1896 pontitloe
1187 1838 1278 1880 reem
1304 1834 1451 1895 exceptore
1474 1844 1481 1880 t
1503 1844 1513 1878 i
1536 1824 1602 1882 Cum
1620 1828 1752 1883 iinircrso

958 1898 1044 1960 clero,
1061 1905 1089 1952 et
1103 1894 1201 1967 populo
1218 1841 1342 1949 flumano
1354 1895 1388 1950 ad
1402 1897 1511 1950 beatum
1529 1894 1641 1951 Petroni
1651 1912 1754 1968 prope-

959 1966 1074 2022 raritati
1095 1965 1295 2034 suscipiendum
1312 1966 1436 2021 eumdem
1451 1965 1617 2021 Francorum
1638 1982 1754 2036 regem,

958 2046 984 2093 ct
1001 2037 1029 2093 iii
1045 2036 1171 2108 gradibus
1181 2036 1266 2104 ipsios
1277 2034 1435 2158 apostolice
1446 2035 1515 2090 aulae
1531 2051 1591 2091 eum
1603 2037 1755 2093 comelero

959 2121 1008 2162 sno
1021 2105 1191 2176 prestolatus
1202 2112 1254 2160 est.
1272 2126 1282 2157 i
1321 2106 1376 2159 tile
1389 2105 1460 2175 regis
1475 2120 1606 2161 accessu:
1626 2126 1635 2157 ι
1660 2122 1753 2177 iisque

958 2176 992 2230 tid
1006 2175 1230 2246 prenominatum
1244 2175 1368 2244 pervenit
1382 2176 1547 2244 pontificem.
1563 2176 1615 2231 Ubi
1636 2177 1663 2231 iii
1680 2177 1756 2232 titrio

958 2259 1039 2316 super
1053 2243 1239 2317 gradusjuita
1261 2243 1333 2300 fores
1345 2245 1467 2301 ecclesias
1482 2246 1636 2300 assistebat.
1652 2246 1751 2318 quue

957 2325 1082 2385 suscepto
1092 2323 1186 2370 mutuo
1201 2330 1230 2371 se
1244 2314 1453 2383 amplectentes,
1471 2317 1557 2371 tenuit
1569 2316 1656 2371 isdem
1670 2316 1754 2372 Cliri-

959 2387 1141 2441 stianissiiuiis
1155 2399 1202 2440 res
1216 2384 1359 2440 dexteram
1375 2400 1483 2440 inanimi
1496 2386 1625 2442 antedicti
1637 2386 1754 2456 pontill-

958 2458 1013 2520 eis,
1029 2465 1056 2511 et
1069 2456 1105 2509 ita
1118 2455 1145 2510 iii
1160 2456 1282 2510 eamdem
1294 2455 1474 2509 venerandam
1488 2455 1577 2509 aulam
1589 2457 1663 2512 beati
1676 2457 1760 2513 l‘etr's

125 2524 253 2577 tinuatur.
270 2523 475 2586 Frelierianniii,
494 2530 521 2575 et
537 2522 650 2594 Pagiuni
665 2523 739 2596 (892,
763 2539 790 2576 n.
806 2523 844 2594 ἢ).
957 2525 1117 2597 principilia
1138 2526 1287 2580 ostolorum
1301 2523 1417 2594 ingressi
1434 2532 1508 2579 sunt.

159 2593 227 2649 xtt.
245 2593 446 2663 Aliquantulum
459 2593 617 2660 explicatior
628 2594 821 2662 occurritapnd
832 2607 911 2648 eum·
993 2596 1075 2666 256
1092 2540 1184 2650 xiiii,
1204 2595 1370 2659 Occursum,
1392 2596 1633 2665 exeeptioiiemque
1652 2595 1753 2666 liujus-

125 2664 185 2717 dein
200 2672 336 2719 auctorem
352 2663 424 2732 (eoo,
441 2680 468 2717 n.
483 2664 510 2732 3)
526 2664 593 2719 ritus
608 2663 791 2719 coronationis
808 2662 907 2717 ΑιιιιιΙ-
958 2667 1047 2731 modi,
1062 2681 1177 2735 quorum
1190 2665 1293 2720 similes
1307 2661 1390 2720 fuisse
1401 2665 1569 2720 advenientis
1588 2666 1660 2733 regis
1672 2682 1752 2721 coro

124 2732 909 2803 pliieitremiexdcsceiidcntibusGaroliblaguiaFormosa
958 2736 1039 2791 nandi
1053 2751 1086 2791 cx
1102 2735 1211 2789 laudato
1226 2735 1397 2817 panegyrista
1413 2734 1580 2806 colligimus,
1606 2736 1677 2791 ritus
1694 2737 1755 2807 ipse

124 2812 262 2872 peractae:
279 2803 480 2874 ‹Apostolicus
495 2802 592 2873 inquit,
608 2812 721 2874 paterno
741 2818 833 2859 amore
847 2804 908 2859 ifili-
958 2806 1141 2863 coronationis
1152 2805 1318 2875 excipiebat,
1339 2820 1419 2885 quem
1432 2820 1467 2860 ex
1482 2805 1574 2861 codiee
1585 2807 1757 2875 prestantis*

124 2875 210 2940 giendo
223 2889 313 2945 regeiu
328 2883 390 2928 ante
406 2873 571 2943 paradisum,
597 2874 655 2929 loco
671 2876 716 2945 qui
733 2875 832 2930 dicitnr
846 2890 908 2945 gra-
958 2877 1028 2932 simo
1042 2876 1187 2932 Albiniaiio
1201 2876 1245 2930 hic
1259 2874 1413 2945 subjiciam.

123 2944 201 2998 diluis
223 2944 308 2999 saneti
328 2944 401 2997 Petri
414 2942 621 3011 suscipiens,et
641 2944 753 2999 lioncste
767 2946 801 2998 ail
815 2943 908 2999 basili·
1048 2989 1080 3001 ..
1481 2989 1487 3000 .
1615 2986 1624 3000 .

124 3028 182 3066 eam
202 3014 343 3067 beatorum
368 3013 518 3084 principum
539 3014 723 3083 apostolorum
747 3013 907 3069 latifloando
921 3046 944 3110 C
994 2988 1090 3059 mim
1106 2987 1170 3042 ‘'sd‘'
1185 2986 1320 3041 '‘mm‘'
1340 2986 1375 3069 “fi
1386 2988 1598 3068 .b⁶”⁶‘¹¹⁶⁶'²d⁸m
1612 2997 1760 3057 *pem*

125 3082 286 3147 introduxit,
303 3090 330 3136 et
348 3084 493 3137 secundnm
514 3097 615 3138 moreni
630 3092 831 3138 aritrecssorom
845 3099 908 3138 suo-
960 3074 1025 3123 ’Μ’
1044 3057 1150 3129 ‘imm
1165 3074 1289 3113 ‘mmm
1307 3067 1411 3128 ‘'min“

125 3168 184 3206 rum
196 3152 361 3223 imperialem
374 3153 604 3207 consecrationem
614 3154 694 3222 capiti
708 3154 758 3208 silii
770 3156 910 3224 iiiiponens
996 3150 1140 3205 Promissis
1152 3151 1327 3222 imperatoris.
1337 3151 1365 3205 ln
1378 3152 1488 3206 nomine
1497 3152 1599 3211 Christi
1610 3154 1754 3223 promitto,

123 3223 257 3278 Cesarcm
272 3224 422 3293 Augustum
435 3222 586 3304 appellarit.
603 3243 612 3275 ι
631 3224 703 3278 lstiiil
715 3222 822 3292 quidem
834 3223 911 3277 testi·
960 3221 1089 3291 spondeo,
1115 3228 1195 3290 atquc
1217 3220 1346 3290 polliceor
1368 3236 1419 3292 ego
1434 3221 1466 3275 N.
1486 3223 1634 3292 imperator
1659 3240 1754 3279 eoram

124 3294 243 3347 monium
267 3292 400 3347 basilicum
416 3294 562 3363 principum
584 3292 758 3363 apiostolorton
772 3293 910 3362 appellans
960 3293 1031 3357 lieo,
1047 3301 1074 3346 et
1089 3292 1169 3346 beato
1181 3290 1277 3355 Petro,
1295 3306 1339 3346 me
1372 3299 1548 3354 retectoreio,
1562 3301 1645 3361 atque
1657 3294 1751 3349 octin-

123 3363 267 3418 ceelesiam
291 3362 378 3417 sancti
395 3361 484 3427 Petri,
498 3373 525 3418 et
547 3363 677 3417 Cesiireni
692 3364 839 3434 Aoqiistitin
863 3380 910 3418 ro·
960 3377 1049 3417 sorem
1066 3376 1125 3415 esse
1150 3361 1228 3429 liujns
1243 3370 1334 3416 sancte
1347 3306 1469 3417 Romane
1483 3362 1604 3418 Ecclesie
1619 3365 1647 3417 'ni
1661 3364 1751 3419 onini-

125 3449 190 3487 eans
203 3435 412 3504 imperatorem,
428 3448 460 3486 ae
474 3434 585 3501 proinde
599 3432 769 3501 sequioribus
783 3434 910 3505 tempori·
960 3434 1012 3488 lius
1027 3431 1206 3496 utilitatibus,
1223 3431 1249 3485 in
1262 3440 1393 3501 quantum
1405 3432 1496 3487 dirino
1510 3432 1594 3487 fultus
1605 3430 1684 3489 fitero
1705 3434 1753 3491 ad·

125 3505 175 3558 bos
200 3505 330 3573 scripturn
346 3502 420 3558 nnllo
442 3502 502 3558 loco
527 3504 670 3565 lialiercm,
687 3504 739 3557 nisi
760 3519 910 3575 anonymus
957 3502 1059 3576 jotorio
1073 3503 1220 3557 secundum
1235 3505 1305 3556 scire
1317 3517 1407 3557 meum
1423 3517 1455 3557 ae
1506 3518 1559 3558 sse.

124 3576 294 3697 piiiegprista
308 3573 477 3643 lberengarii,
492 3575 538 3643 qui
553 3574 650 3628 seriem
661 3573 849 3628 liarolinorum
861 3590 909 3631 ex·
995 3573 1095 3627 Deliinc
1107 3572 1252 3625 orationem
1266 3573 1377 3642 primone
1391 3571 1434 3626 det
1449 3518 1604 3627 effractoris
1648 3574 1754 3645 iseopss

124 3645 193 3713 plet,
222 3644 364 3698 'relieiiani
379 3644 758 3700 contiiniatorisnarratouni
776 3660 909 3701 suminam
960 3653 1021 3698 oitte
1035 3641 1500 3713 portumarqenteomltnsiiicclcoti
1515 3641 1608 3697 Petri:
1661 3645 1755 3710 ·os,itt

125 3729 215 3768 ierim
230 3728 290 3769 esse
308 3715 472 3769 ostenderet.
484 3715 609 3770 Carmine
621 3713 643 3767 is
653 3728 783 3782 perquam
793 3715 910 3772 obscuro
960 3715 1036 3781 cujus
1051 3727 1131 3766 manu
1142 3712 1222 3766 eorda
1238 3721 1300 3766 siint
1312 3726 1416 3782 regom,
1429 3719 1482 3766 etc.

126 3790 206 3840 ritum
225 3784 405 3855 persequitur,
419 3794 445 3838 at
461 3785 620 3848 clariorem,
634 3792 662 3838 ct
673 3784 700 3838 in
720 3786 909 3855 compendium
996 3783 1147 3842 (irationem
1163 3780 1377 3836 aeromantiam
1391 3781 1434 3834 det
1447 3781 1582 3852 episcopus
1595 3782 1753 3839 Portsers's

124 3857 263 3910 redactum
277 3854 384 3926 al‘agio
398 3855 470 3925 (915,
485 3871 512 3909 n.
527 3855 554 3927 7)
569 3868 632 3908 eum
645 3854 790 3924 pmferam.
803 3856 841 3910 lta
859 3855 911 3927 igi·
960 3856 1030 3909 intro
1044 3851 1179 3907 ecclesium
1193 3850 1260 3904 bcoti
1283 3850 1355 3905 Petri
1380 3852 1408 3904 in
1421 3851 1506 3905 medio
1529 3862 1594 3906 rote.
1610 3853 1682 3908 liciis
1695 3854 1751 3908 iee-

124 3935 167 3979 tur
180 3935 309 3994 exceptus
319 3935 347 3980 et
359 3937 504 3980 coronatus
513 3935 555 3980 est
567 3925 761 3994 Bereiigarius:
776 3944 785 3975 ι
800 3925 907 3989 Franci,
960 3921 1104 3980 narrabilis
1120 3929 1215 3975 auctor
1230 3920 1340 3985 muudi,
1353 3922 1477 3975 conditor
1490 3924 1606 3992 generis,
1621 3933 1676 3978 etc.

124 3996 309 4069 Langobardi,
328 3994 464 4062 Saxones,
480 3996 613 4065 Atigliqiie
629 3994 656 4048 in
671 3994 777 4050 scliolas
794 4005 910 4051 turmas-
996 3991 1094 4047 Dciiide
1110 3992 1206 4045 oodont
1231 4000 1291 4044 note
1304 3990 1492 4060 confessionem
1507 3989 1575 4045 lenti
1597 3992 1672 4046 Petri
1687 4010 1751 4064 opo-

123 4084 176 4137 qne
189 4066 267 4122 dirisi
285 4066 371 4136 patria
386 4067 501 4137 quisque
517 4066 606 4138 lingua
621 4064 713 4120 landes
723 4066 748 4119 ei
764 4065 867 4130 dixere,
881 4073 910 4120 ct
959 4064 1035 4128 stoli,
1048 4072 1072 4116 et
1081 4069 1229 4142 prosternat
1241 4077 1268 4114 se
1279 4076 1389 4130 pronum
1409 4060 1437 4114 in
1448 4068 1533 4125 terro,
1547 4071 1570 4114 et
1586 4062 1753 4117 archidiaco-

123 4139 218 4193 l’etros
235 4153 311 4208 ptipte
328 4137 426 4200 frater,
452 4153 484 4191 ac
503 4136 697 4206 Tlienpliylacti
715 4135 833 4191 consulis
851 4136 917 4190 llo··
960 4152 1009 4189 iiiia
1033 4134 1115 4204 socios
1138 4130 1268 4184 litaniam.
1293 4129 1352 4196 Quo
1371 4130 1446 4211 finito
1466 4130 1601 4202 episcopiis
1621 4129 1752 4187 Ostiensis

123 4224 263 4263 titanorum
289 4207 366 4270 filius,
385 4207 459 4261 illuni
483 4207 516 4260 ad
536 4205 666 4261 ioannem
707 4206 841 4260 oiitiliceni
863 4206 910 4260 de-
960 4202 1075 4275 unqotci
1087 4198 1632 4263 deoieoexorcisatofirocliiomdextrom,
1646 4212 1670 4255 ct
1682 4203 1754 4257 inter

123 4279 237 4341 duxere,
262 4278 289 4331 in
312 4277 438 4346 gradibus
456 4276 574 4331 liasilirte
592 4275 662 4329 beati
687 4221 758 4331 Betri
779 4275 906 4344 apostoli,
959 4272 1095 4345 scopulos,
1108 4279 1132 4324 et
1146 4269 1216 4323 dicet
1229 4270 1297 4323 lione
1309 4269 1452 4323 orationem
1464 4284 1474 4322 t
1485 4269 1597 4324 lloiiiine
1610 4270 1681 4326 l)eiis
1692 4287 1752 4331 om·

122 4350 162 4402 rel
180 4349 206 4401 iii
221 4348 290 4402 atrio
308 4362 389 4416 super
399 4346 478 4416 255
492 4348 591 4415 gindus
602 4344 660 4413 rjus
675 4345 793 4401 basilice
813 4346 909 4400 sederi·
959 4345 1095 4414 nipotciis,
1110 4339 1186 4407 cujus
1199 4350 1240 4394 est
1251 4339 1341 4393 omnis
1351 4347 1480 4408 potestas,
1493 4348 1546 4394 etc.
1563 4339 1692 4421 Sequitur
1703 4343 1752 4397 lieo

124 4426 186 4472 teni.
204 4417 347 4486 Postquain
361 4420 459 4484 gnidus
472 4432 566 4471 oiiiiies
584 4414 704 4481 ejusdem
715 4415 833 4471 basilicae
844 4432 908 4471 coo-
925 4400 1043 4468 Duratio
1055 4412 1142 4466 :Dens
1151 4411 1196 4464 bei
1211 4409 1294 4463 Filios
1308 4407 1386 4465 lesus
1396 4409 1522 4465 Christus
1534 4409 1668 4466 Dominus
1679 4411 1753 4469 Deus

123 4488 227 4542 scriidit
249 4486 436 4554 berengarius,
453 4483 618 4550 JoaniiesX,
635 4486 721 4556 quiin
741 4485 807 4540 sella
825 4500 909 4542 aurea
960 4492 1066 4544 noster,
1083 4481 1128 4551 qui
1146 4497 1161 4534 a
1176 4480 1257 4534 Patre
1275 4478 1334 4535 oleo
1346 4479 1433 4544 exsul,
1451 4486 1505 4534 ete.

123 4556 289 4617 considebat,
310 4556 461 4609 assurreiit
480 4556 535 4626 regi
554 4557 677 4621 deinum,
700 4570 816 4625 eumque
829 4572 909 4611 oscu-
994 4554 1105 4607 Deiuimt
1118 4566 1176 4604 acro
1193 4548 1309 4620 pontifex
1327 4548 1462 4603 Romanos
1474 4565 1578 4604 sursum
1593 4561 1655 4604 onte
1667 4550 1755 4607 altore

125 4629 193 4680 latiis
208 4636 258 4679 est.
274 4626 339 4680 Post
351 4624 469 4680 basilice
484 4626 645 4695 ingressum,
659 4634 687 4681 et
702 4626 800 4680 factam
823 4643 837 4680 a
861 4626 910 4681 lie·
958 4624 1066 4694 imponit
1077 4623 1101 4676 ei
1114 4619 1236 4674 diademo
1254 4619 1282 4672 in
1294 4619 1388 4688 capite,
1404 4617 1492 4674 dicetis
1504 4636 1513 4674 :
1527 4619 1628 4690 Accipe
1643 4621 1755 4691 siguum

123 4696 247 4767 rengtirio
258 4693 463 4767 professionem,
479 4695 606 4778 fusasque
617 4697 650 4750 ail
663 4696 815 4766 sepulcrum
837 4697 910 4752 beati
959 4695 1044 4765 glorie
1057 4695 1085 4746 iii
1100 4690 1208 4745 nomine
1224 4688 1323 4753 Patris,
1338 4698 1365 4742 et
1379 4687 1448 4769 Filii,
1465 4697 1493 4743 et
1509 4690 1629 4760 Spiritus
1646 4690 1754 4756 sancti,

123 4766 193 4822 Petri
206 4783 311 4837 preces,
326 4764 443 4821 loannes
460 4781 527 4836 papa
544 4782 568 4822 ci
583 4767 608 4821 in
625 4767 725 4835 palatio
738 4782 787 4821 suo
802 4781 907 4821 ciream
959 4773 990 4819 ut
1008 4773 1099 4832 sprcto
1112 4761 1222 4829 antiqno
1232 4760 1327 4840 noste,
1349 4765 1501 4827 spretisque
1514 4767 1613 4831 contag
1626 4761 1649 4814 is
1672 4761 1756 4817 ritio-

121 4839 358 4908 exquisitissimam
372 4837 454 4901 dedit,
475 4837 634 4906 ttinleiuqiic
647 4837 690 4892 ilie
710 4836 844 4891 dominica
867 4851 910 4893 re-
960 4850 1018 4889 rum
1032 4833 1168 4896 iminium,
1182 4829 1359 4896 sictudicium
1370 4838 1398 4911 et
1406 4830 1541 4911 paetitiam
1552 4829 1660 4901 diligas,
1675 4832 1755 4887 etita

122 4909 306 4973 sui-rectionis,
324 4921 370 4963 seu
385 4907 534 4971 Paseliatis,
559 4922 612 4976 qiio
627 4907 669 4961 die
690 4905 814 4962 Cliristiis
838 4910 909 4964 betis
959 4903 1172 4959 niiserieniditer
1185 4901 1270 4963 viras,
1283 4907 1313 4953 ut
1325 4899 1359 4953 ab
1371 4913 1428 4967 ipso
1442 4899 1556 4959 Domino
1570 4910 1666 4955 nostro
1687 4900 1754 4957 lesu

122 4986 149 5033 et
164 4981 243 5034 lioiuo
255 4996 271 5034 e
283 4980 406 5061 sepulcro
422 4994 472 5034 suo
485 4979 617 5040 surrexit,
632 4993 694 5032 enm
709 4993 809 5032 cumna
825 4977 910 5046 irnpe-
959 4975 1066 5030 Christo
1082 4973 1108 5027 in
1119 4971 1255 5026 consortio
1266 4976 1421 5025 sanctorum
1436 4969 1521 5025 eterni
1533 4971 1610 5041 regui
1620 4984 1754 5027 eoronam

122 5049 182 5103 riali
194 5059 343 5113 eaornai'it,
360 5056 388 5103 ct
399 5049 576 5130 llerengarins
597 5049 701 5103 litteras
714 5049 796 5112 dedit,
810 5046 909 5117 quibus
959 5044 1103 5167 percipias.
1118 5043 1168 5109 Qui
1183 5056 1244 5123 coni
1258 5039 1339 5094 Patre
1351 5050 1378 5093 et
1391 5039 1493 5110 Spiritu
1509 5050 1608 5124 saneto
1621 5041 1678 5094 riv.

121 5119 242 5173 oiiiiiiuiii
264 5119 434 5188 superiorum
458 5120 609 5189 principum
626 5117 785 5173 donationes
808 5118 909 5172 cotillr-
995 5114 1065 5168 xl..
1087 5113 1278 5167 lirerissimom
1297 5111 1369 5165 lione
1384 5110 1534 5165 lloiuaouin
1549 5111 1676 5166 nrilniem
1697 5108 1755 5183 pii·

122 5191 276 5244 mabuntur.
296 5210 304 5241 i
959 5183 1147 5240 miisomniniii
1158 5181 1242 5237 calidit
1252 5182 1279 5236 in
1292 5181 1380 5235 lucem
1390 5180 1545 5250 Rayualdus
1556 5179 1650 5263 (19011,
1664 5196 1694 5235 ιι.
1708 5178 1754 5255 ld)

158 5259 237 5315 llb'll.
255 5261 319 5324 Quae
336 5275 351 5312 a
364 5257 536 5329 panegyrista
552 5267 731 5313 numerantur
741 5256 849 5321 scliole,
862 5256 911 5313 Bc·
960 5256 1090 5326 seriptum
1106 5263 1268 5322 piitaustero
1279 5251 1463 5307 coronationis
1473 5252 1580 5306 litteriis
1590 5250 1636 5308 tt.
1650 5250 1756 5307 Deinde

123 5331 239 5402 rerigarii
258 5342 379 5400 tempore
404 5330 473 5382 intra
500 5328 598 5382 iiiteiiia
616 5336 702 5393 crant,
719 5327 766 5382 sed
788 5327 909 5396 pilorum
961 5324 1129 5381 blabillonius
1153 5323 1180 5378 iii
1204 5337 1253 5377 sua
1276 5319 1434 5377 collectione
1452 5320 1534 5392 (11ιιι.
1561 5321 1598 5375 lt.
1625 5330 1695 5377 min.
1719 5318 1754 5389 ll,

122 5412 237 5469 quatuor
247 5401 439 5470 inipeiatoriiiii
451 5398 538 5453 Caroli
550 5397 649 5469 Magni,
662 5396 910 5459 Ludoi·ieil‘ii,l.o-
960 5396 1025 5452 tird.
1046 5410 1094 5460 xii,
1109 5409 1135 5447 n.
1150 5394 1195 5464 88)
1211 5393 1334 5447 eumdem
1348 5391 1491 5474 evolgavit,
1510 5400 1641 5475 tanquam
1659 5391 1755 5449 orricii

124 5472 202 5525 iliarii
228 5480 255 5526 ct
282 5472 409 5526 landerici
432 5469 452 5523 ll
476 5469 706 5523 eitraiineniantu.
736 5468 802 5521 Nam
826 5467 910 5536 liquot
960 5481 1038 5537 opos.
1056 5465 1176 5533 lienique
1195 5462 1316 5517 llartene
1333 5460 1377 5533 (de
1391 5472 1446 5516 ont.
1463 5460 1536 5515 tect.
1551 5472 1597 5517 rit.
1612 5462 1633 5516 l.
1648 5462 1755 5529 ii,e.9,

123 5540 267 5594 leoninam
282 5541 419 5595 civitatem
432 5556 503 5594 aiiiio
518 5538 597 5594 Stiria
618 5539 708 5593 Leone
723 5538 755 5593 tv
770 5539 910 5592 eninlitnrc
960 5538 1024 5592 ttici.
1040 5534 1089 5606 rii)
1102 5534 1251 5616 pleniorem
1262 5532 1368 5615 caeteris
1380 5547 1441 5586 eom
1454 5531 1544 5587 emisit
1557 5546 1591 5586 es
1604 5533 1667 5617 eod.
1687 5532 1754 5588 Aro-

122 5613 238 5663 iln·;itiin
249 5627 317 5665 csse.
330 5611 397 5666 (luni
409 5621 498 5664 tamen
510 5625 557 5662 eas
575 5615 678 5662 tantuin
693 5609 799 5664 srliolas
810 5622 911 5663 memo
960 5606 1068 5669 latensi,
1083 5604 1120 5659 nil
1131 5604 1164 5659 ile
1175 5610 1254 5658 aetate
1266 5601 1407 5658 deliniens.
1422 5601 1457 5656 m
1466 5617 1519 5657 iiiia
1533 5616 1694 5672 promissio,
1706 5616 1755 5657 seri

123 5681 299 5748 tissiuuneie
308 5682 423 5746 siletur,
437 5682 472 5737 ab
485 5680 551 5749 ipsis
563 5677 696 5737 Carolinis
712 5679 908 5736 desumendum
960 5675 1102 5747 professio,
1113 5673 1169 5749 Epo
1185 5673 1219 5729 Ν.
1232 5682 1375 5745 tinpermor
1385 5669 1574 5747 praeseferens,
1584 5673 1711 5730 ormnem
1720 5668 1755 5725 arf
