3780 6120
121 288 178 347 sud
233 286 313 346 coo.
326 285 465 368 utemf-
477 281 625 349 ababli,
646 280 734 348 utu,
756 279 822 337 SEU
841 280 919 337 COD.
935 280 1142 340 cereostatis.
1156 314 1192 325 -·
1210 282 1295 340 btss.
1316 284 1350 340 lN
1369 282 1445 341 EPP.
1464 282 1589 341 teonis
1605 282 1648 340 ΙΙΙ.
1710 282 1765 342 sus

120 410 152 459 et
174 407 289 455 matrem
315 397 437 453 oannium
455 395 639 451 Ecclesiarnm
654 394 701 447 liei
718 393 915 448 defendendam
932 400 953 455 Α
968 392 1057 458 liensi,
1083 406 1164 462 quem
1182 392 1336 449 Ererardus
1356 410 1449 451 comes
1464 402 1621 463 susceperat
1634 409 1667 450 ex
1689 394 1763 452 Gisia

121 479 207 541 atquo
228 468 427 523 sublimandam
443 466 622 536 suscepimus.
648 484 656 515 r
682 464 797 518 Putabat
812 463 917 519 scilicet
969 460 1011 517 Pii
1024 462 1151 518 Ludodci
1166 462 1231 517 utta.
1248 463 1284 518 flt
1296 464 1329 519 de
1342 466 1439 520 borum
1453 475 1579 533 utroque,
1600 472 1631 518 ut
1645 465 1678 518 dc
1693 480 1762 535 praa-

122 540 168 595 rir
196 538 233 595 ei.
261 537 378 593 Nooram
404 551 467 591 curn
491 537 550 603 eins
579 536 679 590 ducatu
702 535 728 589 in
755 542 916 603 potestatem
968 532 1158 588 decessoribus
1180 533 1457 602 atenrporeloannis
1470 533 1527 592 vttt
1549 534 1615 589 illud
1628 533 1763 592 affirmate

120 609 233 667 liomm.
248 617 336 678 pontt.
348 606 453 662 senisse
466 622 498 661 ex
510 606 638 660 ludovici
651 605 690 659 Pii
705 605 838 668 cessione,
846 604 918 673 qnod
967 617 1021 657 non
1038 603 1140 667 dubito,
1154 605 1252 672 quoda
1266 603 1398 674 majomm
1412 605 1545 675 exemplis
1556 606 1702 672 desciuere,
1722 605 1764 661 ul-

122 680 223 735 falsum
246 677 384 733 essedod.
410 676 473 732 Car.
496 674 785 745 epistolisplanissime
803 674 915 729 demon·
967 673 1052 727 timus
1077 674 1229 742 praesertim
1253 690 1286 728 es
1312 676 1345 729 iis
1367 675 1558 746 berengarius,
1576 675 1623 744 qui
1645 690 1764 733 cmsnss

121 748 219 807 stravi.
244 747 425 803 Nihilominus
455 745 579 801 ueritatis
607 760 699 800 artiore
729 744 884 814 impellente
908 761 914 798 :
968 743 1035 806 suis,
1053 744 1267 813 Corolia-giorum
1281 744 1466 813 augustorum
1484 746 1761 801 seriemterminarit.

124 818 213 875 rNon
225 818 326 899 itaque,
340 818 438 888 inquit,
452 817 605 871 federicus
627 814 691 870 Pius
704 814 772 882 bug.
789 816 917 870 lionranae
1002 812 1111 868 llllllll.
1131 814 1208 880 Quod
1223 824 1299 871 certo
1312 816 1442 871 discimus
1464 818 1499 871 ab
1516 816 1611 871 iisdem
1632 813 1763 885 Augustis

121 890 201 947 urbis
211 889 361 944 domnduur
372 888 480 957 aliquod
491 887 541 942 sibi
555 894 707 940 reservarat
721 885 858 940 incelebri
872 886 916 940 iila
967 883 1002 938 ad
1023 883 1129 953 plenam
1153 894 1289 939 ronoratre
1303 886 1453 955 majestatis
1474 886 1593 941 indolem
1617 900 1763 955 assequen-

121 960 334 1022 (Ionstitutione,
349 958 406 1013 sire
418 957 571 1012 donationis
589 956 738 1025 liiplomate
750 956 832 1028 (qued
848 970 917 1024 pene
966 952 1040 1018 darn,
1054 954 1081 1008 in
1095 954 1153 1024 ipso
1166 964 1227 1008 actu
1239 958 1423 1012 coronationis
1454 957 1542 1013 ubliee
1556 956 1608 1027 legi
1626 955 1762 1012 iaciebant

121 1044 230 1095 omnes,
244 1030 326 1084 etiam
338 1028 371 1081 ll.
383 1026 503 1090 Grotius,
515 1027 546 1081 Ρ.
557 1026 657 1090 llarea,
668 1026 804 1090 labbeus,
817 1026 916 1096 aliique
966 1033 1076 1103 pactum
1088 1023 1311 1091 oorrfnorarionts,
1332 1042 1380 1081 sen
1394 973 1521 1097 dipioma,
1535 1042 1589 1097 qno
1601 1027 1762 1083 donationes

121 1100 283 1165 Galliarum,
296 1105 324 1153 ct
333 1096 485 1154 Germaniae
499 1097 655 1166 scriptores,
668 1104 798 1165 tanquam
810 1110 914 1160 reram,
966 1102 994 1148 ιι
1003 1108 1034 1162 Ju
1051 1096 1169 1149 aomnia
1191 1104 1293 1151 sanctae
1307 1099 1379 1152 sedis
1399 1098 1640 1153 continuabantur.
1662 1094 1691 1151 ld
1706 1112 1761 1151 non

121 1172 283 1241 Ιιςὶιιιιιιιιιι,
303 1176 460 1236 certamque
475 1168 555 1222 modo
568 1164 710 1237 fatentur),
733 1167 761 1220 in
775 1182 828 1235 qno
839 1179 917 1234 aper·
965 1177 1000 1243 ex
1014 1179 1061 1218 sua
1078 1165 1193 1233 quisque
1206 1165 1343 1222 uoluntate
1356 1183 1519 1237 componere
1534 1167 1692 1233 consuerit;
1712 1167 1761 1223 sed

123 1241 230 1296 tissime
244 1239 352 1310 legitur,
369 1238 489 1307 pontifici
498 1236 714 1306 jurisdictionem
724 1236 752 1291 in
766 1237 916 1291 Rornanum
962 1244 1041 1300 Jurxta
1059 1250 1182 1289 normam
1207 1234 1291 1291 liuma
1313 1238 1423 1293 missam
1446 1253 1460 1291 a
1484 1237 1612 1307 pontidce
1627 1238 1661 1291 ad
1677 1253 1760 1302 eum,

123 1312 253 1366 ducatum
268 1309 393 1375 cessisse,
410 1308 462 1363 sibi
475 1309 665 1363 tantummodo
683 1315 821 1362 reservato
834 1307 917 1361 inter·
966 1304 1014 1372 qui
1027 1304 1177 1359 diademate
1193 1304 1324 1374 imperiali
1343 1308 1515 1362 exornandus
1526 1316 1595 1363 erat.
1605 1307 1635 1362 ln
1650 1308 1762 1363 arclriro

122 1379 236 1436 cedendi
247 1378 311 1448 jure
332 1393 381 1448 pro
396 1378 608 1441 recurrentibus,
623 1386 704 1447 atque
720 1392 770 1446 pro
789 1377 917 1431 Ecclesiae
966 1373 1099 1442 siqnidem
1113 1384 1213 1429 strictae
1227 1376 1301 1431 sedis
1315 1378 1478 1432 donationes
1495 1392 1591 1433 ornnes
1605 1385 1633 1432 ιι
1648 1378 1761 1447 privile·

123 1450 293 1515 defensione,
311 1464 344 1503 ac
366 1447 461 1513 tutela,
487 1464 569 1531 quam
588 1447 668 1502 iidem
692 1462 769 1529 reges
782 1447 833 1501 sibi
855 1462 917 1502 cmn
967 1444 1021 1514 gia,
1035 1459 1084 1499 sen
1094 1442 1238 1514 diplomata
1249 1446 1477 1515 prurleccssorunr
1491 1448 1693 1518 29i'aesarnm
1705 1463 1762 1502 ser-

124 1521 264 1577 attributis
285 1519 390 1587 jussibus
407 1535 439 1575 ac
460 1519 609 1590 privilegiis
624 1517 794 1590 (patriciatus
809 1531 916 1586 nempe,
967 1514 1112 1576 rebantur,
1137 1522 1167 1569 ut
1188 1517 1291 1596 passim
1316 1525 1442 1572 testatum
1467 1518 1560 1572 ridere
1580 1525 1621 1571 est
1642 1518 1670 1571 in
1692 1517 1762 1572 libro

124 1607 172 1645 seu
189 1590 359 1660 patronatus)
375 1591 426 1644 sibi
446 1591 556 1658 suisque
570 1588 773 1644 suecessoribus
793 1603 916 1642 reserva·
967 1581 1128 1638 Pontificali.
1161 1584 1228 1639 llrtti
1261 1595 1352 1641 autem
1377 1588 1550 1643 consecuisse
1588 1587 1668 1643 istam
1699 1602 1763 1641 nor-

125 1670 199 1716 mnt.
217 1681 227 1712 r
247 1660 351 1714 beindc
365 1659 530 1715 ineluctabili
542 1675 573 1713 ar
592 1668 702 1713 rrnrento
715 1658 796 1713 aliato
810 1673 843 1712 cx
865 1658 917 1712 'fe-
968 1668 1041 1708 mam
1066 1661 1182 1709 testatur
1196 1653 1314 1712 loannes
1330 1657 1384 1712 Vlll
1409 1658 1462 1727 (ep.
1482 1657 1528 1730 63)
1551 1656 1760 1720 Caroiomanno,

125 1739 261 1786 mauronto
272 1728 363 1785 Caroli
385 1730 484 1802 llagni,
498 1746 514 1784 a
529 1674 666 1784 Ltrriorieo
685 1728 733 1783 Pio
756 1728 915 1783 adverbum
931 1725 1014 1809 „qui
1038 1739 1210 1804 summopere
1229 1728 1339 1794 optabat
1353 1728 1460 1794 imperii
1483 1743 1610 1784 coronam
1632 1728 1762 1797 adipisci,

126 1803 176 1856 bac
198 1802 225 1857 in
238 1816 269 1855 rc
289 1801 435 1870 exscripto,
452 1800 516 1854 dum
539 1800 626 1855 tribus
639 1798 701 1854 fdiis
714 1808 829 1868 uterque
843 1814 917 1853 com-
967 1808 1050 1863 qnarn
1074 1793 1158 1850 frater
1171 1810 1229 1863 ctus
1253 1796 1368 1853 Carolus
1392 1798 1508 1854 Crassus
1531 1806 1573 1853 cst
1599 1808 1761 1853 assecutus:

125 1872 244 1935 uretrdat,
263 1890 273 1922 r
289 1878 320 1925 ιιι
333 1886 437 1933 curam,
451 1878 479 1924 et
494 1869 678 1925 defensionem
692 1869 820 1924 Ecclesiae
831 1869 917 1925 sancti
970 1883 979 1915 ι
997 1864 1121 1933 Legatos
1136 1865 1232 1935 iuquit,
1247 1882 1280 1920 ex
1295 1868 1379 1923 latere
1393 1877 1487 1923 nostro
1502 1870 1534 1923 ad
1549 1884 1596 1924 tos
1607 1868 1764 1923 solemniter

125 1940 196 1996 Petri
211 1940 293 1997 simul
310 1941 469 2011 suscipiant,
480 1949 551 2005 etc,
568 1961 577 1992 r
603 1941 732 1995 continno
754 1938 892 2009 subjungit
909 1956 916 1992 :
967 1933 1124 2004 dirigemus,
1139 1951 1255 2005 curnqne
1277 1938 1376 2007 pagina
1391 1938 1578 2008 capitulariter
1594 1939 1762 2004 continente,

128 2030 138 2062 r
158 2012 219 2067 llaec
233 2011 296 2067 ideo
311 2027 326 2064 a
340 2026 383 2066 rne
396 2011 541 2081 repetenda
554 2010 629 2075 «fuxi,
649 2021 679 2064 ut
694 2008 781 2065 futilia
794 2012 917 2080 quaedam
967 2020 1028 2069 quae
1048 2019 1096 2059 ros
1109 2006 1189 2059 matri
1208 2014 1306 2062 restra
1320 2007 1448 2063 fionranae
1465 2009 1602 2073 Ecclesiae,
1619 2016 1765 2079 reamque

126 2090 294 2151 argumenta,
311 2096 372 2151 quaa
395 2082 489 2150 nuperi
506 2082 653 2151 scriptores
673 2080 799 2145 afferunt,
820 2081 918 2149 quibus
967 2076 1115 2145 protectori
1128 2076 1206 2132 beato
1221 2077 1301 2133 l'etro
1315 2079 1436 2147 apostolo
1451 2079 1646 2149 perpetualiter
1658 2078 1764 2135 debetis

128 2150 276 2206 Romanam
295 2152 389 2207 urbem
413 2153 464 2205 sub
486 2152 679 2221 imperatorum
705 2150 918 2206 Occirlentalinm
968 2145 1155 2225 concederes
1181 2146 1273 2215 Neque
1295 2147 1346 2202 alia
1362 2152 1482 2220 putanda
1497 2158 1549 2213 est,
1574 2165 1654 2219 qnam
1667 2164 1765 2219 quaes

127 2222 244 2277 dominio
262 2220 347 2277 fuisse
360 2221 535 2283 contendunt.
548 2223 696 2286 diluantur,
711 2232 738 2276 et
751 2221 849 2289 rejecta
872 2236 917 2275 sa·
967 2214 1105 2270 ludovico
1120 2216 1169 2270 1³¹⁰
1190 2218 1307 2339 potuum
1329 2218 1399 2274 suctu
1414 2229 1508 2274 sancto
1521 2219 1656 2284 Pascbali,
1673 2220 1764 2275 tidem

128 2291 160 2347 tis
180 2294 265 2347 fraires
277 2291 348 2363 apud
364 2292 476 2348 lionrani
496 2293 671 2361 pontificatus
684 2291 813 2347 uindices.
832 2311 841 2343 r
860 2291 919 2347 llue
967 2286 1118 2367 porrtttteta
1141 2285 1339 2367 [91188081ῑο
1362 2290 1521 2344 confirmata
1536 2298 1612 2356 trel?
1638 2306 1653 2344 i
1675 2290 1765 2345 Ludo-

145 2363 221 2418 facita
256 2363 600 2432 tamennqneinreniantnr,
615 2364 668 2418 latro
682 2371 856 2417 monumenta
869 2377 919 2430 pu·
967 2355 1064 2410 ttcffll
1080 2356 1164 2411 Lcour
1177 2357 1222 2423 lli,
1247 2359 1351 2428 sibique
1372 2376 1387 2414 a
1408 2359 1506 2415 Carolo
1528 2360 1621 2416 Caico.
1641 2361 1764 2430 Namque

127 2376 192 2488 ilica
204 2379 478 2489 nlmotornacesse
491 2441 542 2497 cst,
559 2441 588 2488 nt
601 2450 664 2488 uera
678 2448 771 2487 eorum
784 2432 918 2487 seruantia
968 2425 1032 2506 alibi
1044 2426 1099 2495 (ep.
1113 2425 1159 2497 st)
1174 2426 1272 2484 Carolo
1287 2430 1386 2485 Crasso
1407 2431 1563 2499 imperatori
1583 2432 1703 2486 nuntiari
1717 2445 1767 2485 cu-

129 2512 261 2560 misatur.
280 2504 318 2559 Ea
333 2510 444 2573 ptoptet·
456 2511 486 2556 ιιι
499 2505 587 2559 Caroli
600 2503 687 2574 Magni
703 2502 776 2572 regis
788 2504 862 2557 missi
889 2501 918 2556 itt
988 2505 1008 2549 tt
1030 2496 1167 2552 littttttttras
1189 2497 1378 2555 calamitates:
1396 2520 1405 2551 ι
1422 2499 1520 2565 Nobis,
1536 2501 1670 2571 iuquiens,
1694 2499 1766 2570 upufl

128 2570 222 2629 Leonis
234 2573 270 2629 tu
282 2589 363 2630 causa
378 2572 506 2642 placitant
520 2574 666 2638 malentes,
682 2572 801 2627 cat-otttst
814 2589 846 2627 tte
861 2573 918 2642 ipse
1002 2575 1077 2620 atum
1094 2566 1203 2623 l‘etrmnr
1215 2571 1427 2627 consistentibus
1441 2571 1480 2642 (in
1496 2572 1605 2626 civitate
1627 2572 1765 2634 Leonina,

129 2642 428 2714 imperatoroomnatns
438 2645 465 2697 in
476 2644 570 2698 cadem
582 2660 663 2699 causa
677 2658 775 2696 norum
788 2659 806 2712 p
818 2645 917 2698 aeirem
968 2638 1011 2691 cui
1033 2638 1152 2692 nondum
1167 2650 1320 2696 accesserat
1341 2643 1417 2696 urbis
1440 2642 1549 2714 nornen)
1572 2642 1673 2696 nnllam
1689 2641 1766 2696 urbis

129 2714 276 2779 celebrans,
296 2730 352 2770 non
376 2714 429 2768 alio
454 2729 534 2784 qnam
557 2713 674 2796 patricii,
701 2728 749 2768 scu
766 2713 918 2768 defensoris
969 2706 1062 2789 liuius!
1075 2717 1268 2791 potcstateura
1290 2712 1342 2780 pris
1361 2713 1571 2781 imperatoribus
1585 2714 1665 2767 beato
1685 2711 1766 2767 retro

129 2800 236 2840 munere
248 2783 335 2840 functi
349 2794 426 2840 sunt:
440 2786 477 2839 ita
491 2795 537 2838 attt
558 2793 743 2854 antemnates,
755 2784 854 2853 quipus
872 2781 919 2852 jos
968 2792 1083 2847 prmerpr
1097 2780 1280 2848 apostolorum
1293 2781 1406 2853 cjrrsque
1420 2783 1531 2837 sicariis
1544 2782 1669 2836 traditam
1682 2783 1766 2836 balre-

129 2854 227 2910 nullum
240 2870 342 2909 norum
357 2856 470 2911 accessit
484 2856 510 2909 in
528 2854 610 2918 Urbe,
625 2862 726 2923 praeter
736 2869 807 2923 saepe
817 2854 918 2910 dietam
969 2864 1069 2902 rernus.
1088 2870 1097 2900 r
1115 2850 1219 2916 Quibus
1233 2853 1323 2907 serbis
1346 2853 1416 2908 lrarrd
1431 2853 1511 2908 dubie
1525 2853 1694 2908 lenocinatur
1714 2852 1766 2906 ior-

128 2925 397 2980 eororouotcauoneo
425 2925 568 2994 potestatur
593 2925 619 2979 to
642 2941 772 2995 personas
796 2926 918 2996 trontiuct
969 2920 1095 2988 peramat,
1111 2923 1425 2993 cotosoponrrnrprorat,
1439 2924 1628 2979 rotomnam
1642 2922 1764 2993 pontiflci

128 2996 256 3055 subditas,
280 3004 328 3050 aut
343 3010 436 3050 eorum
463 2996 538 3050 rrrissi
560 2995 670 3064 placita,
694 3004 824 3066 actusque
851 2997 919 3052 alios
969 3004 1049 3044 rrcnm
1061 3002 1243 3058 cottccsscrat,
1254 3002 1334 3049 ntest
1345 2995 1561 3050 dernenstratum
1573 2995 1600 3049 in
1611 2993 1677 3049 Cod.
1688 2992 1764 3059 Car.;

125 3062 320 3133 iurisdictionis
331 3074 488 3121 exercentes
499 3066 601 3128 linum,
613 3066 645 3121 iis
662 3075 767 3121 tantum
786 3081 919 3138 supremae
970 3068 998 3142 ul
1010 3059 1164 3142 landericus
1177 3061 1241 3119 Pius
1254 3079 1307 3119 turra
1323 3081 1384 3121 cnm
1403 3066 1510 3120 caeteris
1524 3067 1654 3121 Romana·
1674 3064 1768 3119 Eccle-

126 3136 268 3260 Ettestatis
286 3136 385 3191 indicia
401 3138 533 3206 praebent,
548 3137 593 3206 qni
608 3146 709 3193 sanetae
727 3137 784 3192 sedi
808 3137 916 3205 infensi,
971 3146 1019 3185 sne
1029 3133 1137 3198 turritus
1152 3132 1265 3188 llomarn
1279 3134 1362 3191 etiam
1376 3136 1534 3205 complexus
1547 3146 1616 3199 erat,
1633 3135 1667 3190 ad
1689 3134 1767 3203 cujus

151 3208 199 3263 ιω
215 3208 362 3279 potestatis
381 3215 574 3272 assentatores,
596 3224 628 3263 ιο
646 3208 770 3262 veritatis
784 3208 839 3279 28
854 3224 918 3264 050.
972 3216 1094 3257 nonnam
1108 3210 1163 3257 tres
1177 3204 1291 3274 Arrgnsti
1302 3222 1474 3262 successores
1488 3222 1567 3262 snum
1590 3208 1705 3276 quisquc
1726 3206 1769 3261 di-

127 3290 177 3344 ιις,
190 3278 257 3333 inex
276 3278 363 3334 toraca
376 3278 483 3348 penitus
498 3278 669 3349 atttiqttitate,
688 3294 749 3335 aaut
768 3278 920 3336 illustrasse
970 3272 1221 3343 plornacomposnit
1233 3294 1240 3330 ι
1254 3278 1326 3346 qnod
1338 3278 1465 3333 satisfuit
1480 3276 1585 3338 loanni,
1600 3285 1629 3332 nt
1640 3276 1767 3330 traditam

126 3292 376 3403 sittibfaniittntttt.
971 3344 1053 3412 apiis
1066 3342 1276 3412 imperatoribus
1297 3348 1410 3403 llnnram
1430 3349 1613 3419 profiteretur.
1633 3346 1768 3414 Quemad-

158 3417 256 3473 llell.
277 3416 426 3482 boferbuit,
439 3418 554 3473 inficiari
570 3435 623 3474 non
637 3418 735 3482 ausim,
749 3419 854 3490 priscus
874 3420 919 3476 ille
972 3415 1080 3468 titurium
1108 3416 1221 3470 liliolus
1246 3418 1359 3488 llogous
1385 3428 1413 3473 ιι
1429 3420 1582 3474 Lurloticus
1608 3419 1672 3473 Plus
1696 3417 1768 3471 iuter

125 3489 215 3551 ardor,
232 3489 280 3559 qni
296 3489 374 3544 antris
394 3489 509 3559 amplius
522 3497 630 3544 ceritum
646 3488 739 3559 uiginti
764 3489 917 3562 Pippinnm,
970 3485 1108 3607 ffinripes
1121 3486 1189 3542 bene
1202 3488 1234 3541 de
1247 3489 1368 3543 Eorrrarra
1380 3489 1501 3545 Ecclesia
1515 3489 1626 3545 meritos
1639 3487 1767 3543 carolum

124 3556 251 3614 Carolum
266 3558 390 3629 llagnum
404 3574 553 3628 corumque
568 3568 678 3629 nepotes
691 3574 753 3630 erga
769 3562 918 3629 principem
998 3554 1123 3609 artellnm
1137 3567 1290 3623 recensent,
1307 3561 1370 3629 qnia
1395 3560 1544 3629 legationes
1561 3576 1576 3613 a
1590 3559 1722 3628 Gregorio
1735 3557 1768 3612 lll

124 3630 310 3697 apostolorum
321 3644 544 3699 successoresque
556 3629 613 3697 ejus
629 3629 815 3684 inflanmrarit.
827 3630 920 3700 Neque
970 3635 1123 3695 at'sst’ttcfulr
1138 3627 1215 3695 queis
1226 3630 1385 3699 rogabatur,
1398 3630 1425 3685 in
1439 3632 1565 3686 ssidlifflis
1580 3630 1662 3688 Urbis
1683 3644 1769 3700 ²⁰8⁰·

124 3698 302 3754 inueniuntur
319 3707 381 3771 post
395 3699 522 3754 Lndorici
539 3700 559 3754 ll
572 3701 675 3756 ebitum
690 3708 731 3756 tot
745 3702 863 3769 suseepti
881 3701 919 3757 la·
970 3695 1038 3755 stiis.
1057 3704 1085 3749 nt
1101 3696 1139 3750 illi
1152 3697 1340 3765 opitularetur.

123 3766 206 3824 bores
218 3785 270 3840 pro
282 3770 410 3825 Ecclesiae
425 3770 666 3840 Romanorumque
677 3770 843 3833 defensione,
855 3787 919 3827 cnm
1006 3765 1126 3821 liilell.
1146 3766 1305 3823 Pontificem
1329 3780 1419 3825 :sutem
1435 3785 1488 3826 uun
1510 3771 1630 3833 latrasse,
1655 3771 1769 3840 quibus·

122 3840 244 3895 ttraxime
266 3841 414 3896 necessarii
427 3849 527 3906 essent,
542 3850 572 3896 ut
583 3841 682 3897 docent
702 3841 823 3910 epistolae
835 3840 918 3897 ioan·
970 3850 1032 3918 nam
1056 3838 1174 3905 regibus,
1187 3836 1351 3962 dnffigrrstisre
1364 3848 1484 3909 acceptae
1496 3840 1666 3895 referrentur
1684 3840 1769 3894 dona-

121 3908 168 3965 nis
181 3907 250 3975 i'llf,
268 3911 314 3980 qni
328 3910 455 3967 Caminos
470 3911 581 3966 Calvum
596 3911 630 3965 ft.
647 3911 768 3966 borbat-ii
785 3911 795 3965 l
813 3927 845 3968 ac
864 3912 918 3967 Lo.
969 3913 1058 3962 trones
1072 3907 1201 3962 Romanae
1245 3909 1352 3965 eclesiae
1365 3910 1452 3974 tacte,
1470 3910 1617 3966 concilium
1639 3924 1768 3978 compro-

122 3978 214 4035 dorici
241 3978 282 4034 Pii
300 3981 384 4035 lilium
411 3983 552 4037 coronarit
574 3997 644 4036 anno
667 3981 917 4047 aldenardum
968 3976 1025 4041 bat,
1044 3979 1072 4032 in
1093 3994 1148 4048 qno
1162 3994 1234 4033 anno
1248 3978 1300 4034 8Π
1324 3980 1484 4036 electionem
1508 3980 1768 4049 coronationemqne

121 4048 254 4107 Crassum
271 4050 354 4106 tilium
370 4051 497 4107 betterici
513 4051 666 4108 Germanioi
685 4050 804 4121 ejusdem
818 4053 918 4108 Eotlra-
968 4046 1058 4102 Coreli
1073 4048 1147 4103 Cttlui
1160 4049 1294 4117 superiori
1306 4066 1404 4106 annoa
1420 4066 1448 4106 se
1461 4059 1598 4121 peractam
1611 4051 1768 4106 confirmari

121 4120 182 4175 riil
198 4120 304 4183 fratris,
322 4136 393 4177 anno
407 4122 469 4178 880.
485 4121 555 4189 Quid
566 4123 649 4177 rere?
663 4123 702 4176 Ex
725 4123 848 4178 socordia
864 4124 917 4179 ista
969 4118 1054 4173 Voluit
1073 4119 1276 4191 (Luitbo‚Couc·
1299 4131 1366 4178 tout.
1382 4116 1428 4187 tx,
1444 4137 1471 4191 p.
1488 4121 1563 4193 295).
1578 4121 1606 4176 ln
1624 4137 1658 4177 eo
1682 4121 1768 4190 siqui-

120 4188 288 4259 locupletius
300 4201 490 4263 argurnentunr
510 4193 620 4248 emersit
636 4208 706 4247 rene
721 4192 818 4249 indolis
833 4194 868 4248 inr
904 4224 916 4234 -
968 4188 1029 4243 deut
1044 4191 1149 4245 nteritis
1160 4192 1335 4263 prosequitur
1353 4193 1479 4249 laudibus
1490 4192 1618 4248 Carolum
1640 4192 1767 4262 llagnum

123 4261 234 4315 ratorice
247 4260 425 4331 rnajestatisa
445 4262 534 4318 Leone
547 4263 580 4317 lll
602 4264 769 4318 instauratae.
786 4263 852 4317 Nam
888 4280 917 4318 a·
971 4275 981 4308 ι
1000 4260 1046 4329 qui
1058 4276 1144 4332 remp.
1157 4262 1258 4332 praeliis
1268 4265 1354 4329 aurit,
1370 4264 1493 4319 victoriis
1505 4263 1637 4323 dilatarit,
1658 4261 1767 4332 sapien·

121 4330 231 4397 rolrnis,
246 4334 293 4401 qui
309 4335 349 4387 sui
365 4334 485 4387 rrrrmeris
495 4333 550 4387 fere
565 4333 640 4388 obliti
656 4341 743 4397 erant,
756 4335 917 4403 praetermis
968 4329 1005 4383 flu
1021 4331 1167 4387 destravit·
1182 4333 1234 4402 bui
1246 4350 1308 4389 cum
1328 4350 1425 4391 omues
1439 4334 1569 4391 ecelesias
1579 4333 1766 4397 subliudSSt'l·

121 4400 173 4463 sis,
189 4401 300 4458 aliunde
321 4403 502 4473 patmeininnr
528 4403 657 4460 Ecclesiae
687 4405 830 4472 quaesitum
856 4414 913 4470 est;
969 4414 1076 4470 semper
1092 4404 1144 4459 boe
1156 4404 1181 4459 ei
1195 4412 1254 4460 erat
1267 4404 1294 4460 in
1310 4417 1383 4469 roto,
1390 4420 1497 4475 semper
1512 4406 1538 4460 in
1553 4404 1698 4466 desiderio,
1711 4403 1765 4459 sie-

121 4486 242 4540 cumque
263 4471 346 4528 ludite
364 4473 501 4544 principes
526 4473 669 4528 Widonenr
688 4474 789 4543 Spoleti
808 4476 914 4543 ducem,
931 4454 999 4524 Dut
1014 4472 1040 4526 iu
1053 4474 1146 4543 glutis,
1159 4490 1220 4545 quae
1233 4475 1266 4530 de
1286 4490 1319 4532 eo
1344 4476 1445 4547 scripta
1458 4485 1531 4539 sunt,
1544 4476 1653 4547 legitur,
1664 4482 1694 4530 ut
1705 4490 1766 4529 san-

122 4556 139 4593 a
173 4557 208 4596 ιιι
230 4543 358 4599 emulum
383 4544 539 4613 lierengarii
554 4541 919 4601 solemniteraeciamassent
970 4550 1041 4595 ctam
1066 4543 1218 4600 liemanam
1243 4545 1392 4602 Ecclesiam
1417 4548 1444 4601 in
1464 4548 1605 4616 antiquum
1622 4553 1722 4602 statam
1739 4550 1768 4599 et

122 4608 164 4665 lta
177 4612 211 4665 iae
233 4627 325 4683 regem
343 4613 429 4669 licini
455 4630 527 4669 anno
552 4616 615 4676 888,
637 4616 709 4670 lrune
727 4614 775 4670 Sto
794 4616 919 4672 ttattosv
968 4613 1092 4667 onlinem
1104 4615 1276 4671 reformaret.
1291 4616 1369 4674 Unde
1381 4624 1408 4674 et
1421 4619 1492 4673 lianc
1512 4616 1767 4674 nrnltisbonoribus

122 4696 199 4738 auno
211 4683 261 4764 sat
276 4684 391 4740 liomam
404 4685 565 4739 accersitum
579 4686 754 4755 imperatorio
766 4632 920 4742 litteratae
969 4684 1076 4765 eutrdit,
1089 4685 1180 4741 nrultis
1191 4686 1384 4744 munificentiis
1396 4696 1423 4744 et
1433 4687 1642 4744 liberalitatibus
1653 4685 1768 4757 amplia-

122 4764 248 4817 ornarrt;
266 4755 344 4823 cujus
359 4755 430 4810 lilius
442 4754 604 4811 irembertus
614 4756 674 4826 pari
698 4757 779 4812 modo
794 4757 919 4827 sequenti
969 4762 1023 4819 ιιι;
1036 4755 1104 4810 adeo
1116 4765 1146 4809 ut
1159 4758 1275 4812 amissas
1287 4757 1351 4813 olim
1366 4760 1449 4814 urbes
1461 4758 1486 4813 ei
1498 4759 1672 4823 restituisset,
1685 4764 1713 4811 ct
1732 4771 1767 4811 ex

123 4838 197 4877 anno
212 4824 320 4894 imperii
333 4839 446 4881 consors
460 4834 503 4880 est
518 4836 664 4882 coronatus
678 4843 693 4881 a
709 4826 850 4895 formoso,
870 4842 920 4884 nee
969 4825 1044 4893 regui
1060 4840 1167 4895 quoqne
1189 4828 1230 4882 sui
1248 4836 1326 4896 parte
1341 4829 1409 4887 alias
1425 4845 1479 4885 non
1503 4830 1623 4885 modicas
1635 4826 1767 4884 eontulis-

123 4894 177 4947 nisi
207 4892 354 4951 Earnberto
379 4896 551 4983 tyrannidem
577 4907 737 4966 occupante,
765 4906 920 4968 sanctaeque
969 4902 1020 4948 set.
1036 4894 1090 4949 Sed
1103 4910 1189 4965 panea
1206 4898 1371 4964 dictasunt,
1386 4900 1439 4954 nisi
1454 4915 1514 4968 quae
1531 4899 1604 4954 circa
1626 4896 1767 4969 relegionis

123 4962 182 5018 sedi
197 4964 313 5030 infenso,
327 4967 361 5021 ad
375 4965 508 5023 barolinac
520 4966 613 5037 stirpis
629 4976 798 5032 extremum,
824 4984 920 5038 nempe
969 4962 1167 5020 incrementum
1190 4968 1283 5039 gessit,
1304 4985 1399 5041 magna
1421 4980 1448 5025 et
1462 4968 1587 5025 sublimia
1608 4983 1764 5025 nternoren-

122 5035 296 5104 Arnnlpfrutn
320 5036 405 5091 fllium
420 5036 622 5105 Conmemorant,
646 5040 691 5108 qni
717 5038 805 5094 Caroli
827 5038 919 5095 crassi
970 5042 1024 5099 tur,
1039 5045 1092 5090 etc.
1111 5056 1120 5088 r
1136 5038 1238 5094 Deinde
1250 5041 1361 5095 reniens
1373 5043 1407 5096 ad
1419 5039 1586 5096 Lemouicum
1598 5039 1689 5104 Pinna,
1699 5037 1767 5093 rnul-

123 5102 211 5159 frater
232 5113 312 5170 erat,
344 5105 378 5161 ad
400 5115 565 5162 momentum
592 5109 643 5164 ista
669 5109 785 5180 dignitas
815 5109 918 5174 rediit,
970 5105 1004 5160 tis
1016 5104 1070 5176 30
1084 5122 1117 5162 ex
1130 5109 1263 5177 capitibus
1275 5125 1337 5164 erum
1355 5113 1536 5175 connncndat,
1550 5110 1597 5165 sed
1614 5109 1715 5164 nullam
1730 5108 1766 5162 ab

123 5174 162 5227 ab
176 5190 247 5230 sono
263 5176 318 5233 sub
331 5178 366 5232 ad
387 5177 450 5241 899,
472 5178 553 5258 idque
566 5180 709 5235 admodum
723 5181 863 5235 roomooo
886 5180 919 5235 ad
969 5191 1003 5231 eo
1022 5178 1160 5232 civitatem
1184 5194 1244 5234 esse
1263 5180 1389 5235 traditam
1399 5192 1557 5242 memorat:
1578 5179 1702 5249 rCrrjus,
1724 5179 1767 5233 in-

124 5256 185 5299 rem
201 5256 331 5312 nostram,
347 5249 689 5318 quippeeanramentoa
710 5249 840 5304 ttoroants
856 5250 920 5306 hnic
970 5247 1039 5316 quit,
1057 5248 1131 5303 lilius
1153 5250 1291 5305 tlit'utrec.
1315 5250 1479 5308 modericus
1500 5268 1573 5307 max.
1596 5252 1662 5319 itttp.
1689 5257 1767 5320 ptttcr

123 5316 264 5383 prestito:
281 5316 355 5373 salso
374 5319 484 5384 bonore,
506 5328 530 5372 et
543 5319 598 5390 depe
617 5337 684 5382 rnen,
705 5331 782 5390 etque
792 5320 921 5390 fidelitate
973 5316 1053 5386 buius
1067 5334 1082 5372 a
1098 5318 1153 5373 beo
1167 5321 1245 5375 electi
1261 5321 1390 5391 principis
1406 5322 1495 5378 Caroli
1511 5337 1619 5405 semper
1630 5323 1699 5391 Aug.
1737 5334 1768 5374 a·

124 5384 225 5441 dersinr'
238 5386 364 5443 l'ormosi
377 5405 462 5458 pape,
477 5391 636 5460 qrrodsupra
651 5399 692 5446 est
705 5391 816 5445 ιιΙιιιιιιιιι
831 5392 917 5463 (rtrum.
971 5388 1052 5442 trium
1068 5390 1165 5444 solium
1177 5391 1244 5446 adeo
1260 5391 1390 5462 religione
1406 5394 1537 5457 imitatus,
1551 5400 1655 5464 pretate
1669 5391 1725 5446 latit
1751 5420 1765 5431 ·

124 5452 184 5521 25),
197 5474 257 5527 quae
268 5468 342 5515 esset
356 5467 478 5529 potestas
494 5459 872 5531 Carolinorrundugrrstornm
892 5463 919 5516 in
970 5459 1061 5513 bilitcr
1072 5462 1275 5527 aenmlatusest,
1291 5472 1321 5515 ut
1333 5472 1359 5517 ct
1370 5472 1482 5533 paterna
1494 5463 1578 5518 (lirini
1591 5463 1682 5518 cultus
1693 5470 1764 5525 rota,

127 5524 200 5582 erue
218 5531 285 5584 satis
318 5538 384 5584 atet.
404 5529 531 5586 Restaret
553 5532 656 5602 aliquid
673 5532 866 5600 ertator-andum
887 5532 920 5587 de
970 5538 998 5584 ct
1011 5546 1075 5601 erga
1092 5531 1230 5599 praelatam
1241 5532 1418 5603 principalem
1431 5534 1580 5591 Ecclesiam
1596 5532 1767 5590 liberalitatis

125 5594 262 5679 Ludorico
276 5545 320 5682 til),
337 5600 450 5657 llosonis
465 5601 627 5672 Burgundio
642 5604 712 5673 regis
725 5602 779 5657 filio
800 5618 831 5657 ex
855 5602 904 5656 llir
971 5600 1087 5670 insignia
1098 5602 1160 5671 pius
1173 5604 1453 5674 natrrsaaquipararet,
1465 5613 1492 5661 ct
1507 5606 1648 5661 roboraret
1670 5618 1703 5661 cn
1717 5602 1766 5659 tibi

126 5671 266 5739 tnrngarde
283 5670 337 5725 liba
349 5670 481 5727 rodortei
496 5671 518 5727 ll
540 5688 622 5742 quem
640 5673 802 5729 Benedictus
823 5673 855 5727 tv
870 5688 917 5729 co·
971 5671 1183 5727 Lrnlorirranum
1200 5673 1316 5743 diploma
1331 5674 1421 5731 orrrnia
1435 5677 1616 5739 confirmans,
1632 5677 1657 5731 ni
1670 5676 1698 5733 rii
1718 5675 1767 5728 ad·

127 5740 232 5795 sonarit
253 5741 407 5809 arrreuttd,
432 5752 460 5800 et
482 5743 517 5801 de
539 5744 703 5817 lterengario
721 5745 788 5801 duce
806 5743 919 5816 forum·
971 5743 1767 5821 neragstateruberiorionstreoetteitsctrtapsttibusbeoe
