3780 6120
168 280 238 337 ms
611 259 1387 354 nmmummmmmmnmfflmt
1737 297 1808 357 rm

167 395 210 450 bis
222 393 350 464 episcopi,
359 410 440 465 quarn
453 394 490 450 illi
501 395 734 467 inconsequenter,
743 400 812 455 sieut
823 407 851 456 et
860 409 957 457 eetera
970 405 996 464 A
1010 402 1058 459 Dei
1069 419 1231 476 crucemque
1245 421 1415 471 veneramur,
1427 406 1573 465 dividimus
1582 410 1667 465 euml
1681 429 1691 464 ι
1703 409 1751 468 lati
1762 427 1807 467 re·

168 485 320 540 diuinarum
339 484 538 554 Scripturamm
559 487 724 548 testimonia.
746 490 780 545 ad
793 505 870 546 suurn
882 506 958 546 erro-
1009 509 1041 548 ro
1052 511 1085 550 ex
1099 497 1150 552 hac
1162 498 1296 553 sententia
1310 497 1457 568 imaginum
1479 498 1665 556 adorationem
1683 508 1808 558 astruere

143 584 147 592 ’
167 586 226 630 rem
238 574 410 629 admondum
429 575 609 644 protulerunt,
632 591 742 647 prorsus
766 580 830 635 huic
852 581 890 635 rei
912 594 961 635 er·
1008 585 1126 641 nitentes
1141 587 1266 642 dixerunt
1279 605 1286 641 ι
1301 587 1449 658 ‹Nunquid
1463 604 1497 644 ne
1513 590 1622 660 quando
1634 599 1663 647 et
1678 592 1807 649 deitatem

169 673 261 720 tranen
274 679 334 719 esse
349 664 491 734 detegitur,
512 680 574 718 cum
587 681 640 720 non
651 666 678 720 in
690 669 859 737 coquendam
871 669 960 738 eujus·
1009 684 1037 729 ct
1049 691 1158 731 earnem
1170 676 1229 745 ejus
1244 679 1396 740 adoramus,
1417 678 1564 736 dividimus
1580 680 1740 737 Christum?
1760 692 1807 739 aut

169 755 234 811 libet
250 752 397 828 imaginum
412 755 579 811 adorationis
594 756 634 811 rel
651 759 768 814 tenuiter
786 761 886 816 mentio
902 761 957 824 liat,
1010 765 1117 832 quando
1128 764 1155 817 in
1167 765 1226 833 ipso
1236 766 1321 820 etbei
1334 766 1478 836 imaginem
1492 777 1520 822 et
1536 782 1645 825 cmcem
1661 770 1807 827 adoramus

169 845 262 903 sedari
276 846 503 916 comparationem
519 845 555 901 rei
570 848 603 902 dc
617 863 669 917 qua
694 865 783 906 screno
802 850 883 906 tiebat
905 850 959 906 ias-
1010 851 1155 909 dividimus
1177 856 1281 909 euroin
1308 870 1357 926 per
1378 857 1522 927 imaginem
1546 859 1650 916 sciiioet
1672 861 1722 917 Dei
1746 879 1808 933 quae

169 953 215 990 sus
235 937 270 991 sit
284 936 416 1008 imagines
434 937 461 990 in
482 938 576 992 eadem
596 940 707 994 rrrateria
730 950 811 1010 atque
825 941 960 997 elemento
1009 941 1133 999 Christus
1147 952 1198 1009 est,
1214 952 1242 999 et
1258 960 1306 1014 per
1323 961 1431 1002 erucem
1451 947 1520 1017 ejus,
1542 965 1603 1019 qnae
1623 950 1651 1004 in
1672 951 1726 1008 hoe
1748 953 1809 1009 loeo

170 1045 321 1101 recuperari
330 1045 419 1101 posse,
434 1030 545 1086 dicens:
562 1051 571 1084 ι
588 1031 664 1087 Sient
677 1049 707 1087 ca
720 1049 780 1104 quac
790 1035 920 1090 scribitur
932 1035 959 1090 in
1009 1041 1119 1104 propter
1131 1034 1320 1090 mortalitatem
1332 1038 1421 1093 cannis
1434 1038 1588 1109 ejusposita
1598 1053 1650 1106 est,
1659 1042 1810 1115 imaginum

170 1123 248 1193 liguis
270 1120 355 1176 fornia
379 1121 478 1177 abolita
501 1122 681 1178 exterioribus
704 1125 838 1188 sordibus,
862 1125 960 1179 iterum
1011 1124 1181 1182 introducere
1194 1127 1332 1196 cupientes
1344 1129 1478 1186 obstinata
1493 1141 1584 1187 mente
1597 1133 1797 1192 adorationem.

170 1222 332 1268 trecessccst
344 1211 497 1283 inidipsum
511 1215 665 1284 recuperari
682 1220 763 1283 atque
772 1215 842 1270 uniri
857 1215 899 1270 iris
913 1231 960 1270 eu·
1309 1256 1422 1314 CAPUT
1441 1259 1500 1316 W

168 1301 387 1369 insestiorma,
407 1310 436 1356 ut
454 1303 575 1358 innovari
600 1305 685 1373 possit
706 1305 804 1375 lunago,
826 1305 960 1361 incudem
1012 1345 1070 1411 Quo
1071 1346 1089 1401 d
1103 1363 1155 1402 non
1168 1364 1214 1418 pm
1229 1350 1409 1405 materialibus
1429 1353 1482 1406 ima
1500 1353 1586 1408 §nibus
1618 1363 1647 1408 m
1664 1353 1706 1408 iu.
1771 1365 1800 1412 m

170 1394 282 1447 tnateria
301 1401 381 1462 atquc
402 1393 554 1447 elemento:
575 1408 623 1462 per
637 1392 695 1463 ejns
710 1397 781 1450 enirn
804 1394 919 1452 sormam
933 1406 960 1452 ct
1047 1418 1136 1471 pepp„
1150 1419 1311 1488 Appennino,
1324 1419 1430 1486 diserte,
1445 1369 1514 1488 Qold
1529 1433 1569 1478 est
1586 1395 1676 1548 imago
1686 1373 1809 1493 lleiflrisi

170 1483 227 1554 ipsa
240 1481 352 1540 materia
366 1484 409 1538 ubi
428 1493 455 1538 ct
468 1485 657 1551 conscribitur,
678 1502 731 1541 non
747 1485 889 1556 dejicitor,
914 1490 961 1545 scd
1047 1487 1135 1542 vuitus
1150 1488 1196 1543 ilci
1211 1489 1239 1542 ln
1254 1503 1308 1559 qno
1320 1490 1440 1561 signatus
1455 1501 1496 1547 est
1507 1494 1622 1562 popolus
1658 1496 1706 1551 ei?

170 1574 198 1630 in
214 1591 245 1631 ea
260 1575 316 1645 ipsa
331 1573 523 1644 configuratur.
543 1597 551 1628 ι
578 1577 674 1631 Dicant
691 1593 755 1648 ergo
774 1580 845 1649 qnod
859 1580 898 1635 eis
916 1580 961 1635 ad·
1047 1594 1130 1650 Deum
1145 1613 1219 1652 nenio
1240 1599 1302 1653 vidit
1319 1617 1433 1672 anqrrom
1452 1599 1543 1671 (donn.
1562 1604 1612 1675 rr),
1632 1605 1673 1660 ait
1692 1604 1811 1663 loannes

171 1667 327 1723 iulnlculunt
346 1669 403 1724 llaec
415 1669 547 1723 sententia
567 1671 703 1738 plffihssal,
728 1671 819 1726 ‹llcdttl
834 1673 878 1727 ubl
893 1673 961 1728 lma·
1013 1686 1159 1756 aposlolus·
1174 1689 1225 1743 m'gg
1238 1691 1385 1761 nnipgnfmg
1397 1689 1493 1756 Filim,
1511 1711 1555 1764 qm
1573 1703 1611 1749 332
1632 1696 1661 1749 g‘n
1678 1698 1740 1751 gjmg
1759 1697 1807 1751 Pp.

170 1756 247 1826 pines
265 1758 379 1812 adorare
393 1767 559 1827 percenseat,
576 1766 604 1813 ct
616 1775 677 1814 curn
688 1760 740 1816 boc
752 1776 908 1819 asseverare
920 1778 964 1819 nc·
978 1741 1002 1804 Β
1014 1778 1062 1831 ιη’,
1088 1779 1098 1851 p

209 1848 215 1860 .
267 1847 273 1859 .
481 1847 487 1859 .
615 1849 621 1861 ,
727 1851 732 1862 ,
799 1852 805 1863 ‚
875 1852 881 1864 ,
1099 1779 1179 1834 ‹lodo-
1205 1780 1243 1855 1);
1271 1790 1298 1837 et
1322 1782 1407 1853 Moysi
1431 1785 1526 1839 eadem
1552 1802 1659 1842 summa
1684 1789 1811 1860 majestas

171 1855 316 1918 quiverint,
338 1854 422 1903 restat
436 1857 466 1902 ut
481 1856 518 1902 ιιι
532 1865 547 1903 a
563 1864 637 1904 saints
651 1851 785 1906 ruentibus
799 1850 964 1914 intelligatur
1014 1869 1101 1925 dim:
1116 1869 1178 1926 No„
1204 1873 1273 1926 mim
1297 1873 1390 1928 „Mem
1412 1892 1453 1929 me
1473 1877 1550 1931 hm
1572 1888 1597 1934 a
1618 1880 1702 1935 vim
1729 1893 1811 1954 ,mm

171 1939 686 2010 smmmmmmwmm.
1015 1959 1812 2040 mmmmmmmmmmmmmmm

471 2050 585 2108 CAPUT
602 2051 661 2106 llll.
1014 2049 1077 2104 bilis
1087 2060 1138 2116 est,
1151 2067 1261 2109 necesse
1273 2062 1314 2109 est
1323 2062 1353 2108 ut
1364 2055 1538 2127 incorporeus
1547 2059 1597 2125 sit;
1610 2069 1638 2114 ει
1653 2062 1676 2116 si
1689 2063 1811 2133 incorpo-

171 2139 251 2208 and
266 2145 335 2226 neele
346 2147 382 2200 od
397 2159 473 2224 ortam
488 2159 604 2224 errorent
622 2143 791 2225 nstrnendarn
810 2147 964 2225 sententiam
1015 2155 1078 2196 reus
1089 2150 1140 2207 est,
1153 2157 1264 2198 necesse
1273 2153 1315 2199 est
1326 2154 1356 2198 ut
1366 2147 1544 2216 corporaliter
1552 2150 1626 2221 pingi
1638 2166 1693 2207 non
1707 2154 1810 2223 possit:

205 2212 274 2296 Atti}
291 2212 421 2295 Adlidet
441 2211 644 2295 Mtdwlfl'i‘m'i
663 2213 734 2268 '‘fl“
751 2230 873 2294 ‘dimitti
885 2233 964 2286 ‘idam
1015 2231 1097 2302 igitur
1107 2235 1130 2290 si
1141 2234 1283 2291 inuisibilis
1293 2246 1335 2292 est
1345 2246 1373 2292 et
1383 2220 1559 2309 incorporeus
1605 2258 1699 2300 rorsus
1718 2260 1751 2301 co

205 2297 238 2338 en
251 2283 317 2337 labro
329 2293 405 2336 tertre
420 2281 534 2354 capitolo
551 2298 619 2336 none
633 2299 688 2338 esse
700 2294 871 2351 nterrtrantnr,
891 2302 965 2339 arer·
1015 2325 1117 2383 mlibus
1128 2327 1248 2382 materiis
1258 2328 1331 2398 pinni
1342 2344 1395 2383 non
1405 2338 1493 2401 potest
1519 2258 1811 2393 Unhgsofficffiusrgg

1306 2368 1321 2398 o
1495 2370 1502 2385 .
1684 2378 1686 2382 ,

206 2363 275 2424 pem,
294 2354 339 2423 qai
355 2369 402 2423 per
419 2370 477 2408 eant
495 2353 640 2422 imaginant
658 2353 839 2408 odorationem
857 2356 964 2425 firmare

207 2426 325 2495 rapiant.
1015 2417 1057 2473 bis
1069 2418 1242 2487 quaerendum
1255 2428 1297 2474 est
1309 2421 1374 2489 quid
1386 2422 1421 2476 sit
1434 2422 1523 2493 imago
1537 2424 1593 2488 Dei,
1609 2425 1710 2495 quidre
1722 2427 1809 2482 vultus

207 2513 347 2567 Facillime
364 2525 481 2582 namque
497 2523 653 2569 sanctorum
675 2515 880 2583 praedicatorum
904 2527 966 2568 scn-
1016 2506 1083 2575 ejus,
1104 2509 1130 2563 ln
1146 2524 1200 2579 (1¹¹0
1214 2510 1334 2582 signatus
1350 2522 1391 2567 est
1407 2514 1521 2584 populus
1536 2515 1594 2572 Dei.
1612 2517 1811 2592 interrogemur

173 2606 272 2660 tentias
286 2605 423 2660 criminari
438 2605 577 2662 audebunt
590 2606 635 2676 qni
655 2606 752 2661 divina
773 2606 839 2676 legis
858 2613 886 2661 et
904 2620 966 2674 pro-
1016 2612 1080 2669 trgo
1101 2601 1240 2671 egregium
1261 2603 1476 2672 praedicatorem,
1501 2604 1614 2662 forsitan
1632 2609 1718 2665 abeo
1741 2611 1810 2668 (loeti

172 2696 314 2765 phocarum
327 2695 435 2749 oracula
449 2695 588 2750 criminari
602 2711 654 2749 non
668 2704 800 2759 metuunt,
815 2709 866 2750 nee
876 2695 967 2750 lonni-
1017 2706 1096 2746 nosse
1109 2691 1257 2748 valebimus
1267 2693 1331 2764 quid
1342 2693 1379 2749 sit
1390 2695 1479 2766 imago
1491 2696 1549 2751 Dei.
1565 2698 1621 2762 bie,
1636 2698 1691 2754 Vas
1702 2700 1810 2756 electio·

172 2788 282 2851 dabunt,
296 2788 331 2842 ob
347 2786 387 2841 sui
400 2787 502 2842 erroris
514 2787 655 2842 nuteriam
668 2786 865 2849 stabiliendam,
877 2784 968 2854 junio·
1017 2784 1069 2847 nis,
1081 2784 1134 2849 dic,
1149 2784 1242 2840 doctor
1253 2786 1381 2855 gentium,
1394 2788 1458 2857 quid
1470 2788 1506 2843 sit
1516 2789 1606 2860 imago
1618 2790 1678 2846 lici.
1695 2790 1809 2854 Gratias,

174 2893 232 2930 rum
256 2876 426 2931 documentis
450 2878 594 2946 quamdam
618 2875 718 2934 inferre
741 2877 894 2932 violentiam
919 2876 965 2947 qui
1017 2873 1138 2943 inquam,
1159 2884 1262 2945 egenter
1281 2874 1335 2932 Deo
1355 2877 1439 2944 Patri,
1460 2881 1504 2948 ιιι
1523 2882 1616 2952 dignos
1638 2885 1700 2953 [ecit
1718 2900 1766 2939 noa
1784 2885 1810 2938 in
1847 2886 1850 2891 ⁴

172 2969 309 3027 seniorum
336 2968 466 3023 doctrinis
489 2969 544 3023 irno
566 2968 720 3024 senioribus
744 2984 798 3023 non
821 2968 968 3024 formidant
1017 2975 1117 3034 portem
1130 2967 1208 3021 tortis
1223 2978 1373 3023 sanctorem
1387 2971 1415 3024 r'n
1427 2971 1534 3037 lumine,
1549 2975 1592 3045 qai
1604 2976 1701 3046 eripoit
1720 2993 1766 3030 nos
1781 2976 1811 3031 de

174 3064 272 3119 inlerre
290 3062 425 3130 irrjoriam.
444 3061 519 3116 Beati
537 3061 620 3132 igitur
635 3060 769 3115 Ambrosii
790 3059 966 3116 blediolancn·
1017 3062 1142 3124 pvltdalt
1152 3056 1327 3123 tenebrarum»
1341 3067 1366 3113 ei
1379 3060 1514 3115 danduli!
1529 3060 1557 3117 t'n
1571 3079 1678 3136 repetunt
1693 3063 1718 3118 F
1718 3065 1758 3120 llr't'
1770 3066 1812 3120 dl-

173 3158 211 3211 sis
224 3154 352 3210 Ecclesiae
365 3153 512 3208 sacerdotis
525 3151 686 3207 sententiam
702 3161 732 3206 ut
752 3151 857 3206 illenim
880 3151 966 3205 errori
1020 3145 1136 3204 lectionis
1147 3165 1211 3214 roe,
1223 3149 1251 3204 in
1261 3167 1312 3223 qao
1325 3152 1449 3208 hademar
1464 3155 1666 3228 redemptionem
1680 3158 1709 3212 in
1721 3159 1812 3213 rentia-

174 3249 285 3312 i'areret,
304 3246 408 3310 ordine,
428 3259 509 3300 sensu
529 3243 672 3313 verbisque
687 3244 810 3298 turbasse
825 3241 968 3310 perhiben-

175 3349 227 3393 tur.
246 3336 348 3395 Ordine
368 3337 482 3400 seilicet,
502 3336 565 3405 quia
580 3349 634 3390 non
654 3334 681 3389 in
699 3333 767 3388 libro
784 3330 874 3396 tertio,
894 3331 968 3399 capi-

173 3430 228 3484 taio
247 3444 329 3493 nono,
348 3435 378 3481 nt
394 3427 432 3481 illi
451 3425 597 3490 somniant,
617 3424 710 3479 sedin
730 3423 799 3478 libro
818 3437 889 3477 nono
904 3435 968 3476 ena-

173 3529 231 3574 rata
263 3518 407 3587 reperitur.
441 3514 543 3579 Sensu,
572 3514 634 3584 quia
669 3529 730 3569 eum
758 3513 807 3567 >ibe
839 3512 964 3567 dixerit:

174 3607 323 3678 «Nrrnqnid
348 3622 410 3661 cunr
437 3614 465 3660 et
488 3605 657 3661 diuinitatem
685 3603 743 3672 ciras
770 3603 914 3657 adoramus
939 3610 966 3657 et

172 3715 291 3762 earnem,
303 3698 441 3752 Cirristurn
452 3696 617 3752 diuidimus?
631 3716 639 3747 ι
657 3695 697 3749 liii
715 3694 856 3750 dixerunt:
868 3705 880 3733 fl
892 3692 966 3748 Nun-

171 3791 237 3858 qnid
250 3804 284 3843 ne
298 3803 359 3842 cum
372 3794 402 3842 et
413 3786 539 3841 deitatem
560 3794 588 3841 et
605 3800 714 3840 cantem
733 3782 790 3853 ejus
811 3785 965 3847 adoramus,

172 3881 317 3936 ‹iividirnus
334 3880 516 3936 Christrnnir
538 3880 603 3947 Qum
622 3879 730 3950 quidem
752 3878 882 3947 particula
904 3877 968 3932 sub-

170 3973 297 4041 lrnctirn
320 3972 521 4042 corrjunctionis
547 3989 580 4027 ne
608 3981 710 4026 tantam
735 3971 799 4025 huic
829 3970 969 4025 sententiae

172 4065 316 4135 permutati
337 4081 434 4120 sensns
454 4066 551 4136 ingerit
563 4063 709 4133 jacturam,
730 4071 760 4116 ut
775 4077 836 4118 eam
857 4075 968 4130 prorsus

171 4156 295 4212 confiteri
305 4156 449 4226 compellat
467 4156 538 4225 qnod
556 4155 600 4209 illa
617 4169 717 4223 negare
735 4153 882 4208 contendit.
904 4153 970 4208 lier-

173 4256 308 4327 bis,qnod
321 4255 481 4325 insequenti
495 4260 642 4316 corrrrnate,
662 4252 706 4306 ubi
726 4250 770 4305 iile
787 4249 877 4320 posuit
895 4264 970 4303 oene-

1018 3237 1116 3291 tionem
1144 3249 1319 3309 peccatoram,
1349 3243 1393 3314 qni
1421 3253 1458 3297 est
1486 3243 1574 3315 imago
1600 3243 1650 3299 bet
1677 3246 1811 3302 invisibilis

1019 3325 1130 3398 (dolosa.
1139 3326 1170 3398 r).
1178 3328 1238 3382 bini
1245 3328 1277 3384 de
1285 3330 1410 3401 imagine,
1416 3331 1476 3386 dieo
1481 3332 1564 3387 etiam
1574 3333 1605 3386 de
1613 3331 1710 3406 ligura.
1721 3334 1811 3389 Νοιὶι-

1018 3419 1090 3472 circeis
1107 3419 1198 3473 diebus
1214 3422 1270 3475 istis
1287 3421 1389 3477 locatur
1399 3431 1436 3477 ert
1447 3423 1521 3478 nodia
1531 3422 1601 3478 Deae
1611 3425 1640 3479 r'n
1652 3424 1724 3480 Filio
1736 3439 1808 3496 quem

1018 3514 1152 3568 constitnit
1166 3514 1295 3568 lrnredem
1308 3516 1485 3570 uniuersorum
1498 3533 1631 3587 perquem
1646 3517 1707 3587 [erit
1720 3527 1743 3571 et
1760 3532 1807 3571 se·

1018 3603 1088 3668 carlo,
1102 3605 1148 3676 qni
1159 3613 1195 3659 est
1208 3603 1331 3675 splendor
1341 3604 1433 3675 glorie
1443 3615 1467 3660 et
1477 3605 1565 3675 figora
1577 3607 1732 3662 ιιιίιιιιιιιιίιε
1744 3607 1807 3676 ep'rq

1017 3706 1176 3766 portansque
1188 3697 1276 3752 omnio
1288 3696 1365 3752 aerbo
1377 3697 1491 3752 ueritatis
1505 3713 1561 3752 aare
1576 3696 1672 3768 (Hebe.
1688 3699 1720 3769 r).
1734 3697 1808 3763 Eece,

1018 3788 1101 3844 Paulo
1112 3789 1232 3859 apostolo
1242 3789 1364 3853 amena,
1378 3788 1521 3845 didicimus
1530 3789 1672 3847 Christum
1681 3790 1810 3846 esseima·

1019 3881 1109 3952 gincrn
1137 3880 1202 3945 Dei,
1227 3890 1254 3935 et
1276 3880 1315 3935 iili
1337 3880 1481 3936 hortantur
1502 3881 1660 3938 materiales
1683 3881 1809 3954 imagines

1019 3971 1088 4028 lranc
1101 3972 1250 4043 intelligere
1258 3972 1364 4027 debere.
1375 3971 1429 4027 istc
1441 3972 1506 4027 dicit
1520 3974 1645 4028 eumdem
1659 3972 1757 4028 lilium
1767 3971 1808 4043 qui

1019 4072 1061 4120 est
1076 4065 1156 4119 unius
1172 4078 1233 4118 eum
1248 4062 1328 4118 Patre
1346 4062 1504 4118 substantia
1521 4063 1670 4135 imaginem
1685 4078 1746 4119 esse
1764 4063 1806 4118 bei

1019 4163 1048 4212 et
1057 4155 1227 4224 splendorem
1244 4154 1336 4224 gloriae
1352 4162 1380 4208 ει
1393 4154 1507 4224 liguram
1524 4155 1685 4210 substantia
1703 4153 1769 4223 qur,
1784 4162 1808 4210 et

1020 4245 1059 4300 illi
1070 4245 1163 4300 dieunt
1174 4244 1300 4313 opiticum
1310 4243 1443 4298 industria
1454 4251 1620 4313 preparatas
1632 4242 1735 4314 ligneas
1750 4244 1808 4297 inra-

174 4363 280 4412 romar,
310 4345 347 4399 illi
371 4345 515 4398 odornnrna
540 4341 663 4412 posuisse
687 4341 867 4409 detegentem
892 4346 919 4392 et
941 4345 970 4391 ut
1021 4335 1109 4406 gincm
1129 4351 1189 4391 esse
1207 4335 1265 4389 bei.
1286 4333 1310 4389 0
1328 4333 1503 4389 exsecrabilis
1519 4334 1616 4388 error!
1640 4332 1809 4403 oimpudens

172 4439 291 4507 apertius
308 4446 407 4492 nostrae
421 4435 611 4521 disputationis
627 4447 721 4488 sensus
735 4438 835 4501 pateat,
853 4430 968 4500 qualiter
984 4426 1175 4514 „dementini
1195 4441 1212 4481 o
1233 4425 1381 4494 improvida
1402 4424 1545 4480 secordia!
1571 4431 1649 4480 tanto
1668 4424 1808 4496 imaginum

174 4535 231 4586 bne
259 4529 392 4585 seruantia
417 4529 451 4583 ab
476 4527 574 4581 illustri
597 4527 656 4581 rico
684 4534 712 4580 et
736 4523 897 4593 eloquentia
924 4536 969 4576 eo-
1021 4528 1285 4581 amoreexaestnans,
1300 4525 1329 4572 ut
1345 4531 1377 4572 ea
1395 4531 1455 4586 anc
1471 4515 1505 4571 de
1524 4515 1665 4585 unigenito
1681 4515 1730 4571 bei
1748 4513 1809 4569 Filio

174 4613 804 4687 thumiscurnspiritalisensucornptoprolata,
819 4612 970 4682 qualiterve
1021 4614 1180 4678 dictasunt,
1204 4612 1389 4668 materialibus
1414 4609 1506 4681 figuris
1528 4607 1654 4664 conferre
1675 4624 1731 4665 non
1754 4622 1809 4663 ern

173 4712 207 4764 ab
221 4709 274 4764 iilis
288 4707 382 4762 falsata
393 4708 438 4773 sit,
453 4705 607 4776 singillatim
628 4720 769 4775 ponamus.
789 4703 833 4759 llic
852 4703 924 4756 enirn
939 4710 970 4755 ut
1020 4703 1124 4760 bescas.
1140 4703 1216 4758 Dicat
1229 4703 1310 4758 etiarn
1323 4701 1511 4756 sanctissimus
1522 4699 1691 4768 Augustinus
1704 4699 1768 4770 quid
1780 4697 1810 4751 sit

174 4803 199 4854 in
222 4801 337 4855 duarum
356 4806 512 4854 naturarum
533 4796 741 4868 proprietatibus
762 4809 843 4847 unam
862 4793 969 4847 bomini

174 4895 284 4964 reriqne
303 4893 419 4950 hominis
436 4906 580 4963 personam
600 4896 777 4952 asseveraret,
793 4887 854 4940 ait:
873 4903 882 4936 ι
898 4885 970 4939 Νιιιι·

173 4989 237 5058 qnid
253 5003 316 5042 cunr
331 4994 360 5041 ct
376 4985 545 5040 divinitatem
565 4981 623 5051 ejus
642 4981 786 5035 adoramus
801 4986 829 5033 et
847 4991 967 5041 earnem,

172 5081 311 5136 cinisium
328 5075 496 5132 diridirnus?
510 5072 634 5143 Nnnquid
649 5087 711 5126 curn
726 5071 753 5125 in
773 5084 806 5124 eo
826 5068 969 5138 imaginem

208 5227 221 5255 ι
240 5213 267 5268 N
269 5210 368 5284 enquid
381 5227 413 5265 ne
425 5207 531 5282 panario
544 5214 567 5260 et
579 5205 741 5259 ‹lininitetem
752 5213 776 5257 et
789 5216 894 5256 earnem
910 5199 969 5270 ejas

173 5285 324 5343 adorentur,
339 5280 481 5336 diuidimur
493 5275 645 5331 Christum?
674 5274 714 5327 Ex
726 5274 833 5328 actione
845 5271 860 5323 'l
872 5270 970 5342 synodi

175 5355 289 5409 Nicaeum
308 5369 326 5408 n
341 5348 574 5421 pseudoscptimm,
599 5352 626 5401 et
639 5343 750 5398 Adriani
768 5357 844 5412 popm
858 5341 968 5409 Capitu-

175 5425 235 5490 iari,
251 5422 419 5479 restituimus
432 5421 556 5474 deitatem
574 5424 597 5470 et
613 5430 727 5469 cornera.
747 5410 907 5468 Ambrosius
927 5409 970 5463 di·

174 5494 306 5549 ninitotem
319 5501 342 5547 et
356 5507 460 5545 enrrrem
471 5486 674 5544 rocatdirinarn
683 5485 863 5539 ctlnrmanam
869 5480 970 5536 Christi

175 5572 309 5630 naturam,
326 5561 354 5617 id
370 5569 420 5624 esi,
441 5561 558 5618 θιιόιητα
575 5562 619 5613 καὶ
638 5558 681 5612 dd
700 5551 855 5617 unrro'eartr,
876 5552 898 5606 si
918 5565 968 5619 po-

176 5634 334 5690 steriorroa
350 5631 415 5687 ierri
433 5638 534 5701 posset,
548 5644 597 5712 pro
612 5641 665 5698 qua
679 5576 772 5682 Antros
783 5624 873 5706 solent
885 5623 968 5748 adpro

176 5719 237 5762 eam
250 5702 377 5773 apostobs
390 5700 611 5757 hebraicantibus
632 5697 721 5756 dicere
734 5715 740 5751 :
754 5696 801 5752 scd
814 5693 903 5750 Latrnr
938 5707 971 5746 a·

1021 4793 1109 4863 imago
1122 4793 1179 4860 Dei,
1193 4793 1239 4862 qui
1253 4794 1287 4848 ab
1303 4792 1355 4847 iliis
1370 4792 1441 4847 banc
1456 4789 1627 4845 materialem
1641 4789 1762 4845 existere
1777 4786 1810 4843 d-

1021 4886 1092 4940 nissc
1105 4885 1275 4939 criminatur.
1288 4883 1332 4937 Ait
1341 4883 1414 4937 enim
1427 4898 1433 4934 ε
1450 4880 1497 4935 ιΙιι
1512 4879 1568 4935 lieo
1580 4877 1703 4935 conditio
1714 4888 1812 4948 tempo·

1020 4978 1059 5034 ris
1072 4985 1151 5032 racat
1162 4995 1168 5031 :
1181 4992 1235 5031 non
1248 4974 1320 5031 enim
1335 4981 1424 5044 potest
1435 4980 1509 5028 reete
1520 4970 1605 5027 rideri
1620 4971 1694 5027 Deris
1706 4972 1733 5026 in
1748 4978 1812 5025 tem-

1019 5084 1085 5140 pore
1098 5081 1241 5140 gcnerasse
1255 5064 1353 5120 Filium
1364 5079 1413 5134 per
1428 5049 1510 5134 quem
1530 5061 1654 5118 condidit
1672 5070 1809 5130 tempora:

1020 5201 1174 5255 monitorem
1200 5212 1255 5252 non
1279 5193 1336 5251 rein
1356 5199 1437 5249 emnt
1464 5189 1652 5262 interpretari.
1688 5186 1809 5261 Synodts
1833 5240 1836 5245 .

1020 5267 1128 5325 Nicana
1139 5265 1274 5324 Ambrosii
1293 5280 1341 5319 rer
1388 5263 1495 5318 ridetur
1507 5259 1603 5317 Graece
1627 5259 1758 5331 (ridetur,
1776 5259 1809 5312 in

1040 5355 1112 5404 nam,
1132 5353 1194 5393 nam
1213 5352 1268 5391 non
1288 5335 1339 5390 nisi
1359 5332 1483 5388 Latinam
1502 5333 1657 5387 tersionem
1671 5323 1807 5392 ειιιειιιιι)

1019 5357 1127 5470 Asinam
1136 5411 1179 5467 sod
1186 5410 1271 5483 σάρκα
1278 5404 1436 5460 reddidisse.
1451 5401 1528 5469 Quod
1543 5401 1693 5472 imperator
1710 5408 1742 5456 ut
1754 5410 1808 5455 rat·

1021 5479 1153 5550 ruptciam
1177 5475 1360 5548 reprehendit.
1388 5474 1445 5546 Ego
1467 5481 1534 5542 puto
1557 5472 1718 5544 interpretis
1747 5472 1808 5529 hanc

1021 5553 1127 5677 culpam
1141 5563 1211 5614 esse,
1228 5547 1274 5617 qui
1292 5544 1425 5671 ¹synodum
1439 5541 1514 5600 illam
1528 5541 1673 5600 cadmeo
1691 5549 1809 5600 seruant

1022 5623 1049 5679 in
1086 5621 1189 5677 atinum
1208 5617 1335 5676 contult.
