3780 6120
105 278 173 337 stit
192 276 269 334 COD.
288 271 560 331 oieb-tionum..
579 270 667 327 ETC..
689 269 756 326 SEU
775 267 851 326 COD.
871 266 1311 327 canonibus.-iti>t>.-otss.
1323 270 1368 325 DE
1381 270 1469 327 olet.
1489 273 1673 332 nuncupat.
1690 278 1743 335 858

122 401 225 450 rectum
243 391 270 444 in
282 389 344 444 sitm
357 395 479 442 extremo
501 385 588 454 sequi,
616 385 644 440 ni
658 383 744 445 fallor.
758 383 843 438 videri
860 398 909 438 ro·
921 385 949 445 Δ
960 399 993 440 ac
1003 384 1119 448 banio,
1137 404 1147 438 i
1164 393 1194 440 ut
1205 384 1452 442 Nortbmanuorum
1464 396 1599 460 temporam
1617 409 1627 442 ι
1646 390 1744 450 siciliae

121 463 182 520 luit.
210 456 389 528 Quamobrem
401 454 489 524 adjus
506 457 578 524 quod
597 455 703 519 attinet,
720 454 754 509 ab
767 454 833 525 ipsis
845 452 911 508 duo·
962 454 1030 509 eitra
1043 453 1161 510 Pharum
1176 464 1204 512 et
1219 455 1303 522 ultra;
1320 476 1329 508 i
1348 465 1417 511 auti
1432 456 1532 512 Sicilia·
1545 466 1663 514 etterrae
1675 463 1744 519 citra

121 536 173 591 bus
184 530 321 599 Augustis,
353 528 398 596 qui
418 525 483 580 illud
508 525 634 580 invadere
655 539 708 579 ncn
733 533 796 578 sunt
819 522 909 587 veriti,
960 521 1383 594 Pharum;iauicemque‹ttea
1419 525 1451 581 lis
1464 538 1492 582 et
1505 525 1672 589 Siciliain
1682 541 1743 600 post

122 599 331 671 locupletissima
351 603 496 667 suppetunt
511 594 674 649 testimonia.
696 593 910 661 lliidolpbusau-
960 591 1159 650 Noitbmanncs
1177 605 1359 664 nuncupatum
1394 597 1465 651 uisse
1485 604 1601 661 constat,
1616 597 1694 669 512
1710 603 1745 656 ab

122 682 177 728 tem
191 684 244 724 iicn
256 668 336 723 modo
358 665 479 733 vestigiis
494 665 592 721 institit
611 663 750 727 Fridciici,
771 678 832 718 cum
847 677 910 717 sau-
960 676 1031 717 anno
1049 660 1117 718 tcta
1131 665 1165 718 ail
1178 674 1299 719 nostram
1312 680 1404 733 usque
1425 675 1544 729 aetatem,
1566 681 1612 721 scu
1639 671 1745 726 saeculis

121 752 174 799 ctcc
194 738 266 794 sedis
288 736 358 806 jura,
385 734 619 803 omnimodamque
646 733 722 803 regni
753 731 911 800 disjunctio-
960 742 1073 802 septem,
1091 733 1171 787 uariis
1184 734 1246 789 licet
1259 734 1362 789 uicibus
1374 735 1530 799 obnoxium,
1545 751 1652 805 semper
1663 737 1746 796 inisse

120 826 186 866 nem
203 809 236 862 ab
247 806 359 878 imperio
374 804 461 858 lassus
474 813 525 869 est,
538 818 630 858 verum
658 805 739 857 etiarn
761 801 834 871 regni
852 800 910 868 ejus
956 799 1027 869 juris
1047 803 1200 871 apostolice
1222 805 1304 860 sedis.
1333 803 1455 874 longum
1479 812 1551 859 esset
1577 818 1745 865 sacramenta

120 891 315 954 possessorem,
335 876 369 930 ab
382 872 527 943 apostolica
538 871 600 928 sede
614 872 799 936 constitutum,
819 870 910 941 legiti-
960 886 989 925 re
1009 887 1053 925 uia
1072 873 1191 927 ouiuiuni
1205 889 1357 938 recensere,
1373 875 1418 942 qui
1431 874 1559 928 Romanis
1570 876 1746 945 pontificibus

121 964 197 1007 tuum
225 945 343 1016 aqnoiit,
374 957 488 1011 eumque
514 942 657 997 defendere
686 951 728 996 est
753 941 907 1012 pollicitus:
960 938 977 994 ll
1014 941 1115 996 litatem
1133 950 1160 997 et
1183 944 1330 998 boniiniiim
1351 944 1513 1013 praestitere.
1530 942 1571 999 Sit
1589 946 1675 1000 instar
1685 964 1745 1004 ont-

125 1037 136 1071 ι
161 1019 216 1073 Nec
241 1013 414 1075 odendemus,
443 1014 481 1066 ait
503 1011 530 1066 in
560 1012 725 1066 Lausancnsi
754 1011 908 1080 diplomate,
959 1010 1045 1075 nium,
1061 1009 1165 1066 duobus
1183 1013 1216 1067 iis
1235 1012 1378 1070 admodum
1393 1012 1464 1070 notis
1483 1016 1746 1087 praetermissisque

121 1103 173 1160 per
188 1101 246 1149 nos,
260 1085 301 1138 uel
325 1098 373 1153 per
389 1082 471 1137 alium
488 1082 594 1136 vasalos
617 1081 746 1136 Ecclesia
770 1080 865 1149 ipsius,
882 1089 910 1133 ct
959 1077 1071 1134 Carolus
1089 1079 1164 1135 dude
1183 1083 1289 1137 aiensis
1300 1082 1421 1137 exhibuit
1440 1082 1571 1139 Clementi
1583 1085 1654 1139 cht
1668 1084 1747 1142 loan-

121 1156 275 1227 spccialitcr
298 1151 468 1235 magnificum
491 1150 639 1220 principem
663 1150 800 1206 dominum
828 1148 910 1204 Caro-
959 1148 1068 1228 nillxl,
1087 1151 1157 1219 apud
1165 1098 1337 1220 ltaynaldnm
1352 1151 1442 1223 (tato,
1462 1168 1489 1206 n.
1504 1152 1536 1219 ἀς
1552 1153 1630 1218 iate,
1642 1171 1670 1209 u.
1687 1157 1746 1220 atil,

120 1226 178 1281 lum
193 1238 282 1293 regem
298 1221 398 1277 Siciliae
424 1220 567 1284 illustrem,
592 1235 637 1274 seu
655 1219 774 1274 landes
801 1219 884 1289 ipsius
897 1234 905 1282 ;
959 1217 1054 1272 lisdem
1069 1217 1124 1273 ieie
1136 1220 1225 1274 verliis
1237 1221 1271 1275 ab
1284 1237 1315 1275 eo
1328 1223 1477 1290 praestitum
1490 1223 1644 1278 lnnoecntio
1655 1225 1686 1290 tl,
1700 1224 1745 1295 qui

120 1311 173 1352 nec
185 1293 334 1349 volentibus
349 1292 437 1360 ipsum
464 1288 599 1343 offendere
627 1289 813 1360 praestabimus
834 1288 910 1342 aurii-
960 1288 1062 1355 aliquot
1077 1289 1214 1344 mensibus
1230 1287 1360 1344 loannem
1392 1292 1487 1354 raeirit,
1503 1292 1582 1360 quale
1595 1309 1681 1363 nuper
1696 1293 1747 1350 luit

120 1365 199 1430 litim,
215 1362 366 1423 consilium,
387 1359 428 1414 uel
454 1357 573 1413 savorem
599 1358 706 1429 publice
731 1357 773 1412 i'cl
793 1357 907 1412 occulte.
959 1357 1060 1411 editum
1072 1357 1099 1410 in
1114 1357 1200 1412 lucem
1213 1360 1246 1412 ab
1257 1359 1364 1414 erudito
1373 1307 1404 1412 ἓ)
1418 1361 1529 1414 Lazacii
1542 1377 1598 1416 soc
1612 1362 1673 1417 lesu
1686 1362 1748 1435 (tlt-

120 1434 178 1491 Nee
206 1448 236 1488 re
272 1447 317 1485 um
340 1429 448 1491 Sicilia,
475 1429 547 1516 quod
570 1427 640 1509 idem
665 1443 711 1485 rcii
730 1425 909 1509 'Carolusuab
961 1425 1030 1511 scell.
1052 1435 1117 1479 tom.
1134 1425 1166 1490 ll,
1182 1443 1243 1509 pag..
1259 1428 1286 1498 9)
1312 1428 1412 1509 litteris
1447 1429 1572 1511 ,iliadis
1596 1431 1746 1488 inscitum:

120 1505 216 1560 eadem
261 1515 358 1555 omana
380 1506 454 1554 tenet
475 1497 606 1562 Ecclesia,
627 1498 669 1552 iel
703 1494 821 1565 aliquam
850 1511 909 1565 epus
963 1496 1046 1566 «Ego
1062 1494 1174 1551 Carolus
1192 1497 1238 1551 Dei
1247 1506 1336 1622 ἕιιιῑιιι
1352 1498 1407 1552 Rex
1447 1499 1534 1563 iciliac,
1552 1501 1664 1556 ducatus
1676 1502 1748 1584 dpu-

120 1581 224 1646 partem
237 1569 439 1639 occupabimus,
462 1577 509 1622 aut
521 1566 686 1621 invademus.
707 1565 805 1632 »Quod
816 1567 909 1635 utique
959 1563 1042 1619 licet
1080 1566 1228 1635 riucipatus
1269 1583 1355 1636 aptiae,
1371 1569 1403 1621 ad
1419 1569 1548 1622 bonorem
1563 1569 1610 1623 llci
1630 1586 1748 1640 omnipo

120 1659 177 1714 prae
190 1640 249 1696 aliis
262 1648 351 1694 ratum
362 1637 462 1692 babent
481 1637 662 1704 roborantque
681 1636 786 1704 imperii
806 1636 908 1704 princi·
962 1636 1042 1697 taiitis
1056 1580 1153 1698 Batris,
1167 1646 1194 1689 ct
1206 1634 1277 1699 l'ilii,
1296 1635 1355 1691 etS
1375 1637 1453 1692 iritus
1469 1639 1555 1693 sancti
1570 1646 1597 1694 et
1616 1641 1700 1695 beatae
1721 1649 1750 1696 ct

108 1715 178 1784 pes,
194 1726 243 1766 seii
267 1710 420 1764 electores:
437 1725 447 1757 i
472 1705 596 1761 Necnon
619 1720 700 1776 super
725 1705 835 1761 civitate
858 1706 909 1760 llo
924 1726 946 1786 Β
960 1704 1083 1826 ploriosie
1105 1705 1218 1776 virginis
1237 1705 1336 1770 llariae,
1357 1653 1500 1762 lentorum
1518 1722 1626 1778 quoquc
1642 1721 1749 1779 aposto

120 1787 254 1843 mana,et
270 1775 463 1849 regncSiciliae
480 1791 541 1831 cuni
562 1775 685 1830 omnibus
698 1776 732 1830 ad
748 1775 834 1843 ipsam
850 1789 909 1844 spe-
970 1789 1046 1828 orum
1059 1774 1132 1829 Petri
1152 1784 1179 1829 et
1198 1775 1284 1842 Pauli,
1306 1785 1333 1830 ct
1354 1776 1481 1832 Ecclesiae
1503 1777 1630 1833 Romame
1651 1779 1749 1850 legium

120 1850 329 1906 etantibustam
349 1846 417 1901 citra
438 1846 553 1915 pharum
575 1859 656 1915 quam
689 1845 769 1898 ultra.
790 1864 799 1896 i
823 1844 910 1900 lieno-
960 1843 1114 1914 homagium
1128 1844 1197 1900 iacic
1211 1846 1270 1911 tibi,
1293 1845 1401 1900 dominc
1418 1862 1479 1902 ineo
1501 1846 1655 1903 Innocentio
1674 1864 1750 1930 papae

120 1918 270 1974 minatione
288 1917 392 1973 scilicet
414 1915 502 1970 audiri
521 1925 609 1983 coepta
631 1913 719 1984 primo
733 1928 804 1968 anno
822 1915 911 1984 ponti-
960 1913 1065 1983 quinto,
1086 1915 1192 1983 tuisque
1206 1915 1409 1971 successoribus
1428 1916 1557 1971 canonice
1575 1918 1748 1980 intrantibus,

121 1986 218 2050 ilcatus
234 1986 380 2043 lnnocentii
407 1984 440 2040 lll
463 1983 578 2106 (Repetit.
602 1983 649 2062 lib.
666 2000 684 2047 i,
700 1998 744 2052 ep.
765 1983 839 2053 lta),
864 1984 910 2053 qui
961 1992 989 2039 et
1001 1983 1052 2053 ipsi
1064 1984 1191 2039 Ecclesiae
1201 2001 1251 2055 pro
1262 1999 1345 2056 reguo
1360 1985 1469 2047 Siciliae,
1483 1994 1511 2041 et
1528 1993 1584 2040 tota
1604 1995 1675 2041 terra
1690 2003 1750 2056 quae

120 2057 243 2129 epistolae
260 2057 293 2111 ad
308 2055 407 2110 Siciliae
424 2068 512 2124 praesu
523 2069 553 2108 es
572 2053 699 2120 suineit:
718 2071 727 2103 ι
744 2053 773 2107 ln
787 2053 910 2108 eumdem
961 2061 1003 2108 est
1016 2053 1084 2108 citra
1101 2053 1229 2120 Pbanim,
1240 2069 1325 2123 usque
1344 2056 1378 2109 ad
1397 2054 1511 2110 confinia
1534 2064 1666 2111 terrarum
1676 2058 1750 2127 ejus-

120 2127 231 2182 niodum
253 2124 471 2194 archiepiscopis,
494 2123 636 2204 episcopis,
661 2123 813 2186 abbatibus,
839 2124 912 2192 prio-
962 2123 1022 2178 deni
1038 2122 1179 2188 Ecclesiam
1196 2140 1257 2194 qum
1284 2124 1378 2194 utique
1398 2140 1509 2196 reguum
1526 2133 1554 2179 ct
1571 2136 1682 2191 terram,
1705 2142 1750 2180 eit·

121 2196 206 2259 rilius,
223 2204 251 2251 et
264 2194 402 2250 universis
421 2192 595 2249 ecclesiarum
608 2193 785 2263 prmlatisper
798 2208 912 2275 reguum
962 2201 1038 2261 cepta
1050 2193 1159 2248 civitate
1180 2194 1377 2259 beneventana,
1399 2210 1461 2251 cuin
1484 2202 1540 2250 tctc
1564 2196 1701 2255 territorio
1725 2205 1750 2252 ct

121 2265 222 2322 Siciliae
233 2266 302 2321 citra
318 2265 432 2334 pharum
452 2262 626 2318 constitutis:
648 2263 686 2316 ita
709 2263 782 2331 quod
794 2263 840 2317 ubi
864 2278 913 2332 po-
962 2263 1088 2317 omnibus
1110 2263 1277 2320 districtibus
1304 2273 1332 2318 et
1355 2264 1526 2333 pertiuentiis
1548 2265 1618 2326 suis,
1644 2265 1710 2321 milii
1726 2275 1750 2321 ct

120 2335 196 2390 nitur
210 2334 245 2390 lii
268 2350 375 2404 requam
404 2331 638 2387 Siciliaeduainiiis
657 2332 851 2395 destinandum,
865 2347 914 2402 po-
963 2331 1115 2387 bteredibus
1129 2334 1195 2388 meis
1212 2334 1340 2403 predicta
1363 2335 1483 2389 Ecclesia
1507 2333 1628 2389 Romana
1643 2350 1751 2390 conces

122 2405 235 2459 natael
267 2414 339 2458 munt
353 2403 382 2457 iti
403 2401 523 2458 Siciliam
536 2411 654 2457 ettotam
669 2418 776 2474 repitent
790 2402 913 2458 ducimus
963 2401 1008 2456 sit.
1029 2422 1038 2454 r
1056 2401 1216 2473 llcmagium
1228 2403 1308 2472 hujus
1318 2403 1406 2459 simile
1419 2404 1489 2458 ideni
1500 2403 1613 2460 Carolus
1628 2406 1752 2474 prestitit

121 2473 243 2528 destinari
263 2489 343 2526 om.»
963 2471 1073 2528 Nicolao
1083 2471 1125 2538 lll,
1142 2474 1216 2528 tenui
1234 2475 1286 2529 boc
1303 2482 1408 2528 tantum
1424 2472 1580 2529 discrimine
1595 2475 1622 2529 in
1636 2476 1752 2530 subscri·

158 2542 236 2613 511
258 2541 351 2597 lllllll.
373 2541 552 2609 Quamobrem
578 2541 606 2597 in
635 2541 789 2611 apostolicis
813 2543 913 2598 litteris
963 2541 1078 2611 ptione:
1107 2560 1117 2593 ι
1145 2542 1243 2598 Actum
1272 2543 1365 2598 Roman
1388 2560 1432 2613 ap.
1454 2553 1577 2598 sanctum
1596 2545 1705 2599 Petrum
1727 2546 1753 2600 iii

122 2610 285 2669 clementiae
300 2612 334 2667 lv
362 2613 432 2683 apud
459 2612 620 2667 Dacberium
645 2612 750 2683 (Spicil.
775 2621 842 2669 tom.
866 2612 911 2677 lll,
962 2610 1051 2694 papali
1062 2612 1173 2682 palatio,
1186 2628 1230 2667 an.
1247 2613 1325 2678 itis,
1339 2629 1432 2669 nieiise
1445 2613 1505 2667 blaii
1522 2613 1566 2674 et.
1585 2612 1705 2683 ejusdem
1726 2630 1753 2669 iu

122 2696 185 2752 paq.
199 2682 274 2753 ill),
293 2682 469 2807 pluribusque
483 2684 509 2736 in
524 2682 602 2736 codd.
618 2698 684 2736 mss.
700 2684 774 2737 card.
793 2683 827 2738 de
846 2684 915 2738 llra-
964 2682 1227 2753 indict.,reqnoium
1240 2697 1361 2737 meorum
1378 2680 1527 2738 Jerusalem
1543 2698 1589 2737 an.
1607 2699 1636 2742 ii.
1654 2681 1753 2738 Siciliae
1813 2743 1817 2751 ,

141 2753 204 2808 cuia
228 2760 256 2807 et
278 2753 402 2818 alcrum,
429 2752 465 2805 nil
493 2750 660 2821 frequentius
686 2755 805 2808 occurrit
830 2767 914 2822 regno
963 2765 1099 2806 tieroxiii.
1119 2771 1128 2803 i
1148 2752 1217 2806 Nam
1230 2753 1314 2808 llaria
1334 2768 1428 2822 regum
1441 2752 1573 2807 llicroscl.
1586 2753 1672 2822 stirpe
1691 2768 1756 2821 pro·

124 2767 227 2876 {icitia
239 2828 267 2876 et
279 2829 350 2876 terra
366 2832 476 2891 quaeest
487 2822 553 2876 citra
569 2820 697 2876 Pharum.
716 2821 750 2875 Et
763 2823 833 2891 quod
845 2837 915 2893 prae·
964 2822 1064 2945 penita,
1078 2822 1214 2892 praeterito
1227 2838 1296 2877 anno
1316 2823 1421 2878 nubens
1433 2821 1596 2889 Coruinius
1608 2832 1636 2876 et
1648 2820 1754 2877 titulum

124 2891 211 2960 cipue
226 2891 403 2947 animadverit
426 2892 515 2956 debet,
533 2892 628 2946 iisdem
648 2891 675 2947 iii
698 2891 797 2946 littoris
816 2906 914 2947 census
976 2907 993 2944 ii
1015 2904 1076 2944 eum
1104 2892 1297 2948 transluderat.
1311 2891 1375 2948 llaec
1391 2901 1512 2960 tempora
1528 2893 1634 2962 excepit
1649 2890 1754 2946 funesta

124 2959 273 3030 imponitur
287 2963 335 3016 toti
351 2976 433 3043 regno
450 2969 506 3015 tam
518 2962 588 3016 ultra
601 2976 683 3030 quarn
695 2962 762 3017 citra
783 2962 838 3017 Pba
875 2978 912 3028 m,
964 2960 1262 3030 illustrissimoque
1279 2964 1354 3018 audit
1374 2961 1490 3032 Vespero
1507 2960 1605 3017 Siculae
1618 2961 1646 3015 iii
1665 2960 1752 3015 Anna

124 3031 197 3098 quod
221 3039 302 3085 antea
322 3031 434 3102 minime
461 3031 562 3086 lactum
580 3040 661 3086 erat:
680 3050 689 3082 ι
704 3031 757 3086 Pro
774 3041 832 3087 tcto
883 3048 913 3086 ro
927 3065 950 3125 C
966 3030 1034 3086 libus
1048 3031 1177 3096 celebris;
1192 3033 1262 3087 unde
1275 3033 1351 3104 regni
1370 3030 1429 3100 ejus
1448 3032 1530 3100 empit
1545 3030 1693 3087 dominatio
1714 3029 1755 3084 bi-

124 3100 243 3170 generali
263 3115 345 3155 censu
366 3101 483 3170 ipsorum
500 3101 575 3171 regui
593 3108 620 3154 et
643 3109 722 3156 terrae
746 3112 808 3158 octo
829 3101 912 3156 millia
965 3114 1037 3169 ceps,
1051 3101 1328 3158 dissensioniliusnan
1349 3100 1463 3156 modicis
1484 3102 1601 3156 obnoxia
1624 3100 1755 3154 maxime-

124 3170 266 3225 unciaium
285 3170 344 3225 auri
359 3170 393 3224 ad
407 3171 510 3240 pondus
526 3171 610 3242 ipsius
622 3172 697 3242 regui
715 3173 741 3225 in
761 3173 829 3227 lestc
841 3172 913 3228 beati
965 3185 1018 3240 quc
1030 3170 1157 3226 diuturna
1171 3186 1178 3224 ε
1192 3187 1224 3226 ea
1238 3186 1302 3226 rcro
1311 3170 1357 3239 jus
1378 3178 1479 3225 sancte
1505 3171 1577 3226 sedis
1601 3171 1755 3225 nullatenus

124 3237 208 3303 Petri,
223 3240 376 3309 ubicunque
386 3239 465 3294 Rom.
479 3238 600 3309 pontifex
618 3241 707 3306 luerit,
729 3242 777 3312 ipsi
792 3243 914 3298 Romano
966 3241 1136 3296 immutatum
1151 3242 1317 3296 minutumiie
1330 3256 1440 3296 censum
1458 3249 1631 3295 monumenta
1654 3247 1756 3295 testan-

123 3310 245 3380 pontilici
261 3309 427 3365 ctllcmanae
443 3309 570 3365 Ecclesiae
589 3311 667 3365 annis
685 3313 797 3381 singulis
811 3312 916 3382 persol-
965 3319 1019 3376 tur,
1033 3310 1263 3381 quaejampridcui
1277 3312 1305 3367 in
1321 3311 1410 3366 lucem
1424 3310 1497 3365 edita
1511 3311 1647 3365 neminem
1673 3309 1757 3363 latera
1859 3341 1865 3356 ι

123 3389 248 3434 retitur:
270 3397 279 3431 i
298 3379 425 3433 bacsane
442 3379 508 3449 lege,
523 3383 864 3437 utexcommunicatinncm
875 3383 916 3437 in·
965 3390 1087 3451 possunt.

123 3455 268 3504 currerent
291 3463 343 3503 ncii
375 3448 509 3504 solventes
534 3450 603 3504 inira
630 3451 697 3505 duos
720 3466 827 3506 menses
872 3460 916 3506 cst
1001 3449 1084 3506 llllV.
1099 3451 1132 3505 Et
1151 3465 1215 3504 sero
1228 3448 1324 3504 Petrus
1335 3449 1367 3503 lll
1379 3449 1519 3517 diagonia
1537 3463 1594 3513 rex,
1617 3447 1664 3518 qui
1686 3445 1757 3503 Con-

124 3518 244 3588 primum
256 3519 415 3584 omninum
433 3534 545 3589 regnum
560 3528 670 3589 totaque
687 3528 757 3575 terra
771 3467 916 3576 intertlicto
966 3520 1096 3574 stantiam
1124 3519 1253 3574 blaiisicdi
1276 3520 1358 3574 liliam
1383 3534 1495 3573 uxorem
1522 3517 1645 3578 duxerat,
1672 3531 1705 3571 ec
1723 3529 1756 3571 ue

125 3586 298 3655 subiaceient
323 3596 386 3658 post
407 3589 522 3643 alterum
549 3591 711 3654 terminum,
741 3606 773 3647 ac
799 3591 916 3660 denique
962 3587 1024 3658 jure
1040 3589 1160 3644 Siciliain
1174 3589 1393 3645 iiiiasuiuscum
1407 3588 1624 3651 classeadienit,
1648 3531 1756 3643 Siculos

124 3666 186 3727 post
197 3659 318 3722 tertium,
339 3676 349 3708 i
367 3659 400 3711 ab
413 3659 515 3714 eisdem
528 3674 621 3731 regno,
640 3666 667 3712 ct
683 3669 754 3714 terra
768 3660 870 3716 cadetis
882 3676 916 3715 ex
966 3659 1033 3714 alias
1047 3658 1081 3713 cb
1101 3675 1198 3713 causas
1211 3658 1245 3714 ad
1259 3659 1435 3713 delectionem
1450 3668 1559 3729 paratos
1572 3658 1686 3740 reperim
1713 3655 1756 3712 iil·

126 3734 194 3792 tcto,
212 3736 240 3783 ct
256 3743 369 3798 regnum
391 3728 487 3798 ipsum,
507 3737 535 3783 et
551 3738 623 3784 terra
643 3732 676 3785 ad
696 3730 844 3785 itomanam
865 3730 917 3784 Ec·
966 3728 1040 3784 circo
1051 3728 1124 3783 iacili
1137 3729 1244 3797 negotio
1265 3728 1380 3783 insulam
1400 3744 1455 3782 suae
1477 3735 1605 3797 potestati
1631 3724 1756 3794 subjecit,

126 3795 237 3851 elesiarii
260 3798 363 3867 integre
384 3806 412 3852 et
437 3798 522 3853 libere
542 3807 720 3855 revertentur.
743 3818 752 3852 i
768 3801 801 3854 Et
820 3799 889 3854 inira
907 3815 914 3852 :
967 3814 1047 3868 quam
1063 3800 1120 3867 ipsc
1133 3813 1357 3868 successoresque
1371 3797 1430 3867 ejus
1442 3797 1520 3852 tutati
1534 3806 1597 3851 sunt
1609 3796 1692 3851 armis
1707 3811 1756 3850 no-

128 3883 139 3916 i
160 3864 191 3920 lu
203 3867 323 3936 quolibet
336 3867 417 3921 etiam
437 3869 554 3924 triennio
573 3870 670 3924 dabitis
681 3885 729 3925 ros
741 3880 768 3923 ct
790 3870 873 3925 vestri
889 3870 916 3923 iu
966 3869 1076 3939 naqinta
1091 3883 1222 3922 annorum
1237 3869 1334 3951 spatio.
1360 3867 1429 3922 Dum
1449 3875 1539 3921 autem
1552 3874 1613 3937 post
1623 3881 1686 3920 euin
1709 3863 1752 3919 la-

127 3935 201 3990 ibeto
225 3951 309 4006 regno
327 3937 447 3992 baeredes
467 3938 589 3993 lloniano
607 3940 727 4009 pontifici
747 3956 828 3994 ununi
842 3940 917 4008 pala·
967 3940 1050 3994 cobus
1064 3936 1143 3996 iilius.
1159 3937 1313 3992 Fridcricus
1325 3935 1346 3991 ll
1360 3936 1454 4002 irater,
1467 3937 1564 3991 Petrus
1579 3934 1658 4004 bujus
1672 3934 1754 3999 blius,

126 4001 233 4060 irednm
255 4006 345 4060 album
367 4006 508 4074 pulcbrom
528 4017 555 4062 et
572 4010 683 4063 bononi.
703 4031 712 4062 i
730 4009 806 4078 Quod
825 4016 917 4065 sancto
967 4022 998 4062 ac
1019 4007 1092 4064 l‘etri
1116 4007 1187 4061 lilius
1200 4007 1353 4063 bodonicus
1368 4007 1513 4061 invasionis
1538 4006 1617 4060 titulo
1636 4005 1756 4059 Siciliam

126 4073 195 4130 adeo
205 4082 342 4130 servatum
356 4074 414 4136 iuit.
429 4085 459 4131 ut
468 4078 491 4131 si
506 4078 694 4148 quandoqraii
706 4095 739 4134 ex
752 4095 834 4134 causa
845 4079 916 4149 ipse·
966 4077 1037 4132 ultra
1059 4078 1177 4132 Pbarnm
1190 4078 1363 4142 obtiiiebant;
1378 4077 1585 4148 ilndeqaienscs
1607 4075 1721 4131 Carolus
1734 4073 1757 4128 ll

126 4152 182 4200 met
199 4144 322 4229 pontifex
340 4145 484 4202 solutionis
504 4149 647 4203 terminum
658 4158 837 4219 prorogasset,
848 4165 916 4204 nova
967 4146 1078 4216 ejusque
1097 4147 1168 4202 silius
1187 4149 1331 4213 llolicrtus,
1351 4163 1383 4201 ac
1403 4147 1491 4217 neptis
1502 4143 1757 4216 loanuallcgitimo

126 4216 320 4269 constitutione
332 4225 441 4271 caveret
457 4232 491 4272 nc
507 4217 590 4271 ullum
603 4220 678 4286 prior
695 4219 739 4273 illa
756 4219 916 4275 fundamen·
964 4217 1026 4286 jure
1040 4218 1249 4273 dominabantur
1269 4218 1338 4272 citra
1353 4216 1482 4271 Pharum.
1499 4215 1552 4271 iles
1575 4216 1683 4270 demum
1705 4213 1757 4269 ali·

126 4283 190 4339 talis
204 4285 396 4339 detrimentum
407 4286 552 4355 acciperet.
567 4285 612 4343 Sic
623 4287 770 4358 Gregorius
780 4289 804 4343 ll
815 4289 914 4412 playn.
967 4289 1075 4359 quando
1089 4288 1240 4359 composuit
1253 4288 1333 4371 513
1354 4286 1501 4359 Gregorius
1523 4285 1569 4350 lll,
1590 4301 1661 4340 auno
1675 4283 1757 4350 lats,

127 4352 208 4418 ma,
226 4369 255 4408 n.
269 4353 315 4424 lt)
330 4353 426 4410 carolo
443 4357 603 4412 solutionem
617 4357 745 4414 diileiens
760 4360 792 4413 ad
827 4368 915 4414 cstuiu
968 4357 1039 4412 inter
1058 4355 1189 4413 loaniiani
1210 4374 1330 4429 reginarii
1348 4356 1555 4413 etFiidericum
1570 4355 1613 4420 lll,
1628 4353 1757 4410 liudovici

125 4425 214 4479 sancti
234 4424 393 4478 blicbaelist
415 4442 425 4475 ι
447 4426 553 4481 Dictum
569 4429 723 4487 terminum,
742 4429 836 4497 inquit,
856 4443 916 4497 pic
930 4409 954 4469 Ῑ)
967 4426 1090 4483 fratrem.
1105 4428 1163 4495 Qiic
1177 4445 1210 4484 eit
1226 4436 1341 4483 tractatu
1356 4428 1434 4483 ualde
1457 4426 1560 4499 picliito
1580 4442 1623 4496 ap.
1640 4422 1758 4496 llaynal·

127 4507 277 4562 rogamus:
298 4495 335 4548 ita
348 4503 437 4548 tamen
452 4496 523 4565 quod
534 4512 583 4567 per
598 4500 813 4568 prorogationem
826 4497 917 4566 htijtls·
968 4499 1032 4552 dum
1057 4498 1147 4622 Ψὸἵῖ,
1165 4514 1193 4553 n.
1211 4498 1228 4553 5
1247 4502 1336 4570 seqq.)
1364 4499 1505 4569 decerpam
1520 4511 1580 4566 quae
1603 4496 1756 4560 ostendant,

127 4563 200 4617 modi
219 4563 340 4632 ejusdem
362 4563 503 4621 solutionis
521 4566 650 4623 iaciendas
662 4569 688 4622 iii
701 4568 768 4624 insto
784 4569 918 4638 apostolo
967 4579 1061 4650 aposto
1073 4569 1141 4624 icam
1157 4569 1247 4623 sedem
1267 4569 1400 4623 acerrime
1414 4568 1565 4623 vindicasse
1576 4565 1622 4635 jus
1636 4582 1713 4621 suuni
1729 4565 1757 4618 iii

126 4647 189 4687 rum
212 4633 345 4688 terminiis
362 4635 543 4704 inposterum
567 4637 719 4693 nullatcnus
743 4641 915 4706 iiiiiiiutetur;
968 4638 1066 4694 Siciliae
1080 4638 1177 4694 insula.
1194 4638 1314 4693 Siciliam
1326 4654 1394 4694 uoic
1405 4638 1556 4709 excogitato
1569 4639 1678 4692 nomine
1698 4635 1759 4689 Til-

126 4702 174 4757 sed
198 4702 246 4757 liat
272 4704 399 4774 deinceps
422 4705 515 4761 cadem
544 4707 641 4763 solutio
664 4709 690 4762 iii
708 4708 917 4779 praedictolcsto
967 4711 1087 4764 nncriam
1114 4709 1241 4779 deinceps
1267 4718 1391 4764 iocatum
1416 4710 1449 4763 iii
1473 4709 1643 4771 decernitur,
1667 4708 1704 4761 ita
1728 4713 1758 4759 ut

126 4772 310 4842 epistolarum
326 4776 404 4829 annis
416 4777 529 4846 singulis
541 4779 592 4833 sub
605 4779 693 4848 pieriis
708 4780 816 4833 statutis
835 4788 861 4833 ct
874 4796 917 4834 or·
969 4796 979 4829 ι
996 4778 1089 4835 Fredci
1097 4781 1154 4833 icus
1168 4793 1201 4834 cit
1221 4779 1272 4834 liae
1297 4794 1379 4834 caiisa
1400 4778 1473 4843 nullo
1494 4794 1613 4846 unquam
1637 4786 1757 4846 tempore

125 4843 237 4921 diiqtis,
250 4844 321 4898 sicut
340 4845 366 4898 iii
378 4846 576 4903 conditionibus
588 4858 615 4902 ct
633 4849 856 4905 conventionibus
873 4850 915 4903 iii·
966 4850 1052 4918 possit
1066 4865 1095 4904 se
1109 4850 1247 4904 intitulare
1270 4849 1346 4903 titulo
1368 4849 1442 4918 regni
1457 4847 1565 4912 Siciliae,
1580 4846 1626 4900 scd
1652 4854 1757 4900 tantuin

128 4921 169 4968 ter
181 4912 304 4969 eamdem
316 4914 464 4970 Ecclesiam
476 4925 503 4971 ct
515 4927 541 4973 te
558 4918 657 4973 habitis
671 4918 776 4988 plenius
796 4920 917 4974 contine·
966 4918 1044 4975 titulo
1060 4919 1221 4984 Trinacriam
1239 4921 1350 4990 ipsaque
1360 4920 1463 4989 regina,
1479 4917 1598 4971 liaeredes
1614 4925 1640 4969 ct
1653 4929 1757 4969 succes·

126 4991 182 5037 tur.
200 5003 209 5036 i
230 4983 265 5038 Et
276 4998 370 5039 revera
382 4987 416 5041 ad
431 4998 550 5042 nostram
563 5002 648 5057 usque
662 4997 768 5044 {etatem
782 4989 809 5042 id
833 4990 916 5044 moris
967 5003 1042 5044 sores
1056 4991 1097 5044 sui
1110 4989 1280 5044 intitulentur
1294 4996 1321 5043 et
1334 4997 1464 5042 vocemur
1477 4986 1555 5040 titulo
1573 4985 1670 5041 Siciliae
1686 5002 1693 5038 ι
1717 4984 1755 5039 ita

124 5054 284 5124 pervenisse
295 5054 361 5111 latet
378 5058 488 5111 omnino
508 5057 652 5113 neininein.
666 5058 702 5113 At
716 5059 779 5127 quia
792 5074 844 5113 ncii
869 5074 916 5128 pa·
967 5066 1056 5113 tamen
1068 5060 1138 5127 quod
1154 5059 1299 5113 intitulatio
1319 5058 1392 5127 regni
1420 5056 1518 5110 sti-ilia
1536 5057 1639 5110 iiiilluiii
1662 5054 1756 5108 afferat

123 5138 188 5179 rum
212 5123 378 5181 discriminis
400 5128 501 5182 nostris
513 5129 588 5182 biscc
600 5130 766 5198 temporibus
783 5145 844 5183 cuin
864 5130 916 5184 illis
967 5128 1151 5199 piei-judicium
1164 5128 1338 5183 iiititulaticni
1353 5127 1426 5198 regui
1441 5125 1596 5190 Trinacriae,
1613 5141 1663 5180 nec
1687 5140 1753 5178 coii-

124 5193 250 5263 pristiuis
262 5195 404 5250 intercedit
422 5197 473 5254 bac
485 5197 513 5251 in
534 5213 573 5263 re,
589 5213 694 5254 sumina
711 5200 806 5254 saltem
828 5201 916 5268 capita
968 5210 1027 5254 tra:
1043 5199 1097 5252 iuio
1109 5198 1245 5266 quodlibet
1266 5213 1377 5269 reguum
1400 5212 1448 5267 per
1461 5211 1490 5250 se
1509 5197 1663 5250 distinctum
1677 5208 1756 5249 suuni

127 5280 181 5320 iton
194 5266 309 5321 niodicae
321 5264 401 5335 buius
412 5268 569 5323 variationis
578 5269 708 5340 attingam
722 5284 832 5324 necesse
842 5271 915 5324 crit:
936 5300 938 5304 ·
966 5268 1064 5324 babeat
1078 5268 1194 5332 titulum,
1210 5282 1260 5322 uec
1274 5268 1352 5322 alteri
1371 5283 1419 5336 per
1436 5266 1549 5320 alierum
1571 5265 1723 5334 dciogctur.
1743 5282 1752 5315 i

127 5337 206 5390 rideo
221 5336 294 5390 enim
316 5337 409 5391 mirari
428 5337 541 5420 aliquos,
562 5355 615 5393 non
632 5355 709 5394 secus
722 5341 787 5394 acsi
802 5340 917 5395 diminu-
967 5340 1059 5408 ltaque
1072 5337 1218 5407 Gregorius
1231 5335 1607 5392 tractatuniratumliabcns:
1628 5332 1754 5399 «Primo,

128 5405 166 5460 tio
179 5421 280 5461 census
294 5405 328 5459 ab
342 5405 409 5476 ipsis
420 5411 531 5479 regibus
544 5409 602 5464 siue
626 5410 773 5479 apostolica
796 5410 916 5465 auctori·
968 5409 1068 5478 inquit,
1097 5408 1159 5477 quia
1178 5406 1239 5476 jura
1267 5416 1446 5462 sacrosanctae
1470 5404 1599 5459 llctuanan
1630 5404 1756 5460 Ecclesiae

129 5486 184 5532 tate
194 5475 318 5545 prolecta
329 5486 412 5543 esset,
426 5479 496 5547 quod
509 5479 604 5534 inlsum
621 5494 681 5536 esse
694 5496 755 5534 mox
767 5482 879 5550 patebit.
967 5495 1072 5551 sponsae
1086 5487 1184 5532 nostiae
1194 5493 1365 5542 conseruare,
1376 5485 1517 5548 protegere
1528 5482 1555 5527 et
1568 5471 1711 5529 deiendcre
1720 5489 1756 5529 ex

163 5547 260 5601 xilv.
279 5545 319 5600 lle
336 5549 424 5617 primo
442 5548 469 5603 id
487 5559 589 5604 ccrtuiii
604 5558 746 5619 ratumque
757 5566 815 5605 csse
826 5551 915 5616 debet,
967 5550 1047 5607 cilicii
1059 5549 1143 5604 nostri
1159 5548 1249 5604 debito
1261 5547 1421 5617 obligamur,
1433 5544 1610 5600 ordinandum
1635 5544 1755 5615 picridi-

129 5616 231 5674 Siciliae
244 5632 366 5688 regnum,
383 5632 543 5688 quoeunque
563 5621 670 5674 nominc
693 5621 855 5690 appellatum
875 5620 917 5674 in-
967 5618 1258 5690 niusquodloauuaet
1269 5612 1539 5685 Frcdcricusprirlati
1552 5622 1755 5686 recognoscant,

130 5690 265 5756 reiiiatur,
286 5688 428 5744 uidelicet:
450 5709 459 5741 ι
480 5690 579 5746 Sicilie
603 5700 630 5746 ct
656 5689 769 5762 Apuliae,
784 5691 916 5747 Calabriae
967 5689 1000 5747 ad
1015 5707 1064 5747 nos
1078 5697 1106 5746 et
1128 5688 1275 5746 Ecclesiam
1290 5686 1368 5744 lloui.
1388 5693 1511 5758 spectare
1533 5692 1560 5742 et
1572 5684 1710 5759 pertincte
1722 5685 1756 5753 tls
