3780 6120
125 279 178 336 adl

621 273 710 327 lxltltl
729 272 901 328 canotla’l.
921 303 955 313 -

970 268 1236 328 contenebrat.
1704 284 1757 340 ete.

121 388 323 467 gemuerantia
336 401 397 440 esse
411 385 596 448 decernemus,
616 384 677 451 plns
697 383 769 436 enim
787 384 912 451 cupimus
926 389 948 442 Α
963 381 1045 436 sieosi
1058 382 1091 434 ab
1103 383 1196 436 iisdem
1212 385 1372 438 :texerem-ils
1384 386 1516 447 balaitoex
1539 388 1640 442 eisdem
1654 388 1757 463 Grego-

122 465 240 518 salutem
253 459 414 519 animarum,
424 464 452 508 ct
461 462 541 508 rectae
556 453 616 506 lldei
629 453 840 506 stabilimentum
852 467 914 505 ιιιιι·

123 543 244 593 serrare,
257 541 338 596 quam
349 524 564 593 hujusamhitum
577 523 668 575 nmndi
682 519 748 590 falb,
759 521 914 589 hujusmodi

123 595 257 667 habitum]
315 596 449 648 ιιιιιιιι.»
465 592 515 646 llic
529 592 621 655 audis,
643 590 736 670 lector,
748 590 864 644 transire
886 589 914 643 in

123 667 249 726 haeresim
262 611 423 719 offerentem
436 659 639 730 occupationem
647 673 747 726 Junmn
756 659 914 713 sanctaeno-

125 751 213 794 manae
233 733 370 796 Ecclesiae,
391 740 418 786 et
431 732 587 786 haereticum
608 742 668 782 csse
681 727 823 782 dicendum
837 737 865 782 et
885 735 915 780 nt

123 806 280 864 hereticum
296 801 537 863 condemnandum,
550 800 594 866 qni
615 799 642 851 in
656 795 808 864 hujusmodi
820 812 915 851 errore

125 882 226 936 tentus,
248 873 366 926 monitus
388 885 441 923 non
456 868 566 937 corrigit
588 865 660 936 quod
674 866 797 934 deliquit.
814 865 867 921 Sed
881 866 914 920 de

123 945 168 1000 his
181 943 247 997 alias
280 941 392 996 iuribus.

160 1013 218 1066 xt.
278 1011 382 1063 relectio
412 1007 442 1062 S.
466 1005 537 1059 Petri
551 1005 668 1076 proficuo
690 1002 800 1074 regibus.
815 1035 850 1046 -
870 1007 913 1062 Ad

125 1089 293 1153 postremum
313 1094 377 1133 rero
400 1078 433 1130 ad
454 1077 540 1146 ipsum
553 1075 679 1129 Garolum
705 1076 829 1142 llagnmn
851 1090 913 1131 con·

124 1159 234 1208 uertens
253 1149 388 1203 Adrianus
415 1147 574 1208 orationem,
599 1143 791 1212 apologeticam
811 1144 912 1199 claudit

123 1221 268 1290 epistolam
281 1219 340 1272 istis
351 1217 440 1270 verbis
453 1233 459 1267 ε
482 1234 491 1265 ι
507 1215 545 1268 ile
557 1222 647 1267 restra
660 1227 724 1266 rero
739 1214 913 1280 praerectissi-

125 1305 170 1344 ma
183 1305 199 1344 a
212 1289 267 1343 Deo
278 1293 398 1356 protecta
411 1284 569 1338 excellentia
584 1283 740 1338 orthodoxae
753 1281 813 1335 lidei
829 1284 913 1336 stabi-

124 1359 203 1413 litate
217 1359 341 1412 roborata
363 1354 425 1408 freti
439 1354 589 1417 existimus,
611 1353 675 1420 quia
699 1351 774 1404 radis
789 1351 848 1419 ejus
870 1355 913 1406 llr·

124 1428 257 1491 ιιιιιιιιῐιι,
282 1425 404 1494 apravis
426 1431 453 1477 et
467 1422 618 1477 infidelibus
642 1420 795 1474 hominihus
817 1436 913 1489 nequa-

124 1512 207 1566 quam
221 1496 376 1550 concutitur
391 1493 432 1546 rel
443 1500 576 1554 moretur,
592 1491 677 1544 sedin
691 1504 722 1542 ea
737 1505 816 1557 quarn
832 1493 912 1560 erepit

123 1575 207 1620 rectae
232 1565 293 1618 fidei
318 1563 469 1617 traditionis
492 1561 643 1616 doctrinam
667 1558 815 1626 spiritualis
837 1558 910 1630 lat,

123 1632 261 1704 specialis]
277 1635 440 1687 matrissuae
455 1639 554 1684 sanetae
567 1628 704 1682 catholicae
718 1636 746 1682 et
758 1629 912 1695 apostolice

123 1703 254 1758 Romanae
271 1702 397 1757 Ecclesiae
411 1711 503 1755 tenere
515 1708 543 1753 ct
565 1698 701 1765 amplecti,
724 1697 912 1753 incunctanter
929 1720 950 1778 Β

121 1787 211 1843 usqpe
226 1773 252 1825 in
265 1772 392 1826 saeculnm
407 1770 496 1825 saeculi
511 1769 568 1823 sirie
583 1765 791 1835 reprehensione
804 1780 914 1824 maerere

123 1843 269 1896 crethmos.
291 1841 324 1894 Et
338 1841 398 1894 ideo
410 1839 570 1895 condidimus
581 1837 613 1889 dc
626 1837 673 1890 Dei
688 1836 773 1888 nostri
783 1836 911 1904 potentia,

122 1911 325 1980 quiaquantum
337 1926 400 1980 erga
412 1911 551 1964 beatorum
563 1906 714 1976 principum
730 1906 913 1973 apostolorum

124 1979 198 2035 Petri
212 1988 239 2034 et
252 1980 326 2032 Pauli
347 1978 494 2033 Ecclesiam
518 1976 597 2029 fldem
618 1975 723 2046 geritis,
746 1984 773 2028 et
793 1989 913 2030 amorem

122 2061 232 2119 semper
246 2064 294 2119 pro
307 2047 365 2116 ejus
379 2047 498 2119 pmfectu
513 2056 539 2099 ct
551 2044 724 2108 exaltatione,
739 2044 822 2113 regali
840 2046 911 2112 rrisu,

122 2118 225 2186 ubique
238 2127 381 2182 certantes,
396 2115 544 2172 habueritis
558 2132 565 2166 :
582 2122 656 2168 tanto
670 2113 773 2168 brachii
794 2114 837 2170 sui
850 2129 913 2183 pro-

143 2188 208 2242 itius
220 2189 247 2243 in
261 2188 395 2260 regalibus
416 2184 558 2254 triumphis
580 2183 615 2237 ab
628 2185 747 2238 adversis
765 2190 793 2239 et
814 2183 914 2252 iniquis

966 452 999 505 rii
1015 452 1223 520 papeepistnlis
1236 463 1298 507 sunt
1319 454 1434 521 olrjeem.
1458 456 1548 524 Atque
1560 461 1676 525 primurn
1691 475 1757 547 qoo-
1808 514 1810 519 .

965 522 1044 574 modo
1056 522 1204 575 adversarii
1221 523 1271 591 ipsi
1285 526 1374 577 eonati
1395 526 1449 578 sint
1467 524 1574 579 trahere
1588 529 1675 583 sancti
1688 532 1757 586 Gre-

964 590 1032 657 gorii
1041 591 1121 643 verba
1136 592 1163 644 in
1179 593 1220 645 soi
1244 593 1426 647 defensionem
1441 595 1551 658 erroris,
1573 595 1717 666 locumque
1729 602 1756 654 iu

964 658 1077 727 epistola
1090 661 1123 713 ad
1138 660 1329 724 Secundinum,
1341 679 1394 730 rpuo
1405 661 1547 728 feriuntur,
1559 664 1671 720 insuam
1685 671 1756 736 ipso-

964 744 1023 782 rum
1038 729 1199 784 sententiam
1218 733 1389 799 detorquere,
1397 733 1459 804 audi
1480 736 1595 789 exactis
1610 736 1699 792 citatae
1712 754 1756 792 su·

963 798 1055 921 pprius
1065 800 1261 869 pseudosynodi
1275 801 1444 865 Parisicnsis,
1460 801 1537 870 emus
1549 805 1606 859 haec
1619 815 1682 859 sunt
1696 822 1755 860 rer·

1007 881 1014 918 :
1028 867 1141 988 plioncif.
1159 868 1247 922 Puris.
1260 870 1307 923 aab
1320 869 1431 934 hadom,
1446 886 1497 941 pag
1511 872 1585 943 ιιι.)

1001 955 1010 985 ι
1038 935 1080 991 'cd
1097 938 1160 1004 quia
1183 938 1227 992 hic
1250 940 1316 993 ordo
1341 940 1483 994 uerborum
1505 942 1753 1012 isarni-apostema,

964 1014 1046 1073 atque
1063 1021 1143 1060 anon
1157 1007 1368 1077 intelligentibus
1378 1009 1507 1065 confusus
1519 1011 1602 1067 rideri
1614 1021 1713 1081 potest,
1726 1024 1756 1070 ut

964 1075 1014 1128 nisi
1027 1083 1107 1130 eante
1122 1077 1317 1141 consideretur,
1342 1079 1379 1131 ita
1393 1094 1408 1131 a
1422 1080 1558 1134 nonnullis
1574 1082 1663 1137 minus
1675 1099 1755 1152 capa·

963 1144 1041 1199 cibus
1057 1145 1170 1214 intelligi
1179 1148 1276 1214 possit,
1289 1149 1366 1216 quasi
1379 1148 1474 1202 beatus
1485 1147 1632 1219 Gregorius
1644 1152 1671 1207 id
1682 1154 1754 1222 quod

962 1216 1039 1282 prius
1058 1216 1183 1269 omnihus
1208 1215 1332 1270 illicitum
1361 1231 1420 1271 esse
1438 1219 1569 1286 praedixit,
1587 1235 1617 1273 se
1644 1221 1751 1285 fecisse,

963 1283 1068 1352 sibique
1090 1282 1204 1338 faciendi
1230 1285 1333 1340 licitum
1355 1300 1416 1340 csse
1436 1294 1570 1342 testetur:
1589 1289 1753 1360 quodquam

964 1352 1125 1415 absurdum,
1140 1369 1274 1422 quamque
1287 1362 1381 1409 contra
1399 1355 1446 1408 bei
1459 1356 1585 1412 Ecclesiae
1596 1358 1752 1426 religionem

964 1424 997 1476 de
1010 1430 1085 1475 tanto
1097 1424 1282 1478 ecclesiastico
1306 1425 1416 1479 doctore
1436 1426 1536 1479 sentire
1557 1427 1694 1497 indignum
1707 1431 1751 1493 sit,

963 1491 1053 1544 nullns
1066 1492 1111 1559 qui
1126 1491 1197 1546 dicta
1212 1493 1270 1561 ejus
1288 1493 1434 1547 scrutando
1444 1493 1604 1562 vellegendo
1617 1501 1752 1565 cognorit,

963 1561 1088 1627 ignorare
1098 1563 1273 1629 permittitur.
1282 1562 1349 1616 Nam
1363 1570 1392 1617 ut
1402 1563 1452 1616 sibi
1466 1563 1515 1632 ipsi
1530 1566 1682 1621 contrarius
1694 1582 1754 1622 esse

964 1631 1068 1690 (lebant,
1081 1628 1185 1696 justitia
1199 1632 1240 1687 rei
1254 1633 1388 1687 rectitudo
1408 1642 1507 1686 sanctae
1520 1632 1567 1688 hei
1585 1634 1754 1706 maximeque

965 1697 1093 1754 Rorrranae
1115 1701 1241 1756 Ecclesiae
1262 1702 1395 1756 sustinere
1416 1717 1469 1755 non
1491 1702 1572 1757 valet.
1598 1704 1673 1770 Quod
1693 1708 1753 1761 etsi

964 1776 1108 1837 paupertas
1122 1770 1281 1839 insipientiae
1297 1780 1396 1825 nostrae
1405 1771 1433 1825 id
1444 1771 1593 1840 intelligere
1603 1789 1655 1828 non
1672 1776 1752 1841 ralel,

964 1838 1115 1901 mellirent
1138 1850 1232 1894 contra
1245 1841 1436 1909 insipientiam,
1449 1854 1529 1908 quam
1542 1849 1635 1897 eontra
1651 1852 1753 1899 tantam

964 1921 980 1961 a
995 1907 1049 1961 Deo
1059 1907 1149 1961 datam
1164 1911 1322 1978 sapientiam
1346 1910 1485 1977 insurgere
1492 1920 1646 1979 praesumat.
1661 1912 1752 1968 Sedet

964 1976 987 2031 si
1007 1978 1094 2047 ipsum
1107 1981 1241 2033 modicum
1256 1995 1363 2033 sensum
1375 1986 1496 2032 nostrum
1509 1980 1595 2034 virtus
1604 1983 1753 2041 misericor·

964 2047 1016 2100 diae
1028 2047 1075 2100 llei
1093 2048 1288 2117 aliquantulum
1316 2048 1466 2101 illuminare
1480 2048 1752 2120 dignatur,quomodo

964 2114 992 2170 id
1004 2115 1090 2186 ipsum
1110 2120 1275 2173 contrarium
1296 2118 1347 2171 sihi
1370 2118 1483 2181 nonsit,
1505 2119 1630 2174 facillime
1654 2122 1752 2176 intelli-

963 2194 1052 2255 gelur.

162 2257 279 2312 minibus
292 2272 339 2312 ros
353 2257 495 2311 defendere
506 2263 534 2308 ιι
553 2254 747 2322 circumtegere
760 2253 914 2323 dignabitur
999 2255 1088 2310 xtlll.
1107 2255 1198 2310 «Nam
1219 2256 1283 2326 qnia
1301 2257 1335 2310 ab
1354 2255 1498 2323 imaginum
1523 2257 1679 2313 adoratione
1704 2260 1752 2314 ad-

123 2325 192 2399 git,
207 2326 340 2397 dignetur]
355 2343 361 2378 :
376 2334 406 2380 ut
419 2341 472 2378 una
493 2339 554 2378 cum
577 2323 710 2391 spirituali
731 2322 788 2377 nlla
808 2332 911 2390 nostra,
963 2333 1073 2380 orantes
1084 2328 1287 2395 compescuerit,
1305 2325 1377 2379 nulla
1392 2325 1523 2379 dubitatio
1536 2335 1587 2394 est;
1600 2330 1627 2382 in
1642 2344 1674 2383 eo
1688 2345 1752 2385 rero

123 2396 232 2450 immina
248 2397 349 2466 regina,
364 2404 506 2463 rastraque
518 2394 645 2460 praecelsa
660 2393 824 2447 nobilissima
836 2396 913 2461 prole
963 2395 1033 2461 quod
1046 2397 1079 2449 ad
1090 2394 1271 2450 Secundinum
1284 2396 1410 2464 scripsit:
1424 2393 1477 2448 Nos
1487 2397 1593 2463 quidem
1606 2413 1659 2452 non
1693 2402 1750 2455 nasi

123 2464 240 2534 longiori
254 2481 310 2521 aero
325 2465 351 2518 ιιι
365 2465 415 2519 hoc
428 2471 570 2533 regnantes
582 2464 691 2527 mrrndo,
707 2463 734 2516 in
749 2463 840 2516 futuro
853 2464 913 2519 sine
962 2464 1214 2529 anteDlrinitatem,
1228 2473 1291 2519 autc
1303 2465 1387 2534 ipsam
1400 2466 1605 2532 prosternimur,
1618 2469 1664 2523 sed
1674 2414 1751 2524 ίιιιιιιιι

123 2532 179 2588 line
189 2535 271 2590 sitam
284 2550 345 2589 cum
359 2550 441 2605 regno
452 2533 480 2588 ιιι
495 2546 557 2587 aree
568 2532 620 2601 poli
632 2533 731 2586 hahere
743 2533 910 2588 mereamini.
963 2532 1116 2600 adoramus,
1138 2548 1218 2603 quem
1238 2549 1285 2604 per
1310 2534 1463 2601 imaginem,
1479 2543 1569 2588 natum
1581 2545 1628 2591 aut
1641 2553 1750 2608 passum

123 2603 480 2660 incolumemexceflentiam
494 2610 609 2657 rostram
625 2603 709 2670 gratia
727 2617 842 2671 superna
862 2620 911 2657 cu·
962 2604 1004 2658 rel
1014 2605 1040 2658 in
1050 2606 1148 2660 throno
1161 2606 1297 2660 sedentem
1310 2605 1492 2658 recordamur.
1509 2604 1568 2666 Ubi,
1584 2614 1614 2660 ut
1650 2611 1751 2663 rtemis-

125 2675 235 2746 stodiat.
246 2695 256 2727 ι
268 2675 317 2730 ilic
329 2675 389 2728 linis
400 2674 528 2743 epistola,
544 2688 576 2727 ex
590 2688 643 2740 qua
657 2672 727 2726 ridet
738 2674 860 2741 quisquis
873 2673 912 2727 lc·
962 2688 1021 2728 sum
1041 2681 1092 2738 est,
1109 2691 1141 2730 ac
1167 2676 1188 2729 si
1212 2675 1264 2730 sihi
1280 2673 1414 2729 contraria
1438 2674 1545 2738 dixerit,
1568 2621 1750 2747 rnrelhgenne

123 2743 173 2814 git,
182 2759 262 2812 quam
274 2753 434 2799 evanescant
445 2743 573 2812 pudendae
586 2742 800 2796 adversariorum
810 2743 912 2797 calum-
962 2751 1060 2798 nostrae
1073 2760 1102 2799 se
1113 2744 1199 2814 caligo
1212 2744 1359 2800 confundit.
1376 2743 1428 2798 Sed
1452 2759 1486 2798 ne
1500 2758 1548 2798 nos
1561 2760 1614 2800 noo
1628 2760 1751 2802 necessa-

122 2815 177 2868 niae
198 2815 230 2868 de
251 2814 368 2868 Adriano
392 2815 425 2867 ah
449 2811 610 2866 adversariis
632 2812 738 2880 procaci
756 2813 826 2882 stylo
846 2828 912 2868 con·
962 2814 1002 2867 ria
1017 2814 1168 2883 ignorantia
1181 2815 1207 2869 id
1221 2830 1274 2869 non
1299 2814 1480 2881 intelligendo,
1502 2815 1602 2870 diutius
1614 2824 1747 2886 torqueat,

123 2884 242 2952 scripta,
252 2886 322 2953 quod
336 2884 392 2952 ipse
402 2884 529 2938 adrersus
543 2882 683 2951 septimam
697 2887 838 2951 synodum,
849 2897 911 2952 per·
961 2898 1056 2939 sensus
1068 2884 1188 2954 eiusdem
1198 2884 1337 2940 sententiae
1348 2883 1409 2936 talis
1428 2891 1470 2937 est
1480 2882 1552 2938 :Nos
1564 2886 1671 2953 quidem
1688 2895 1751 2941 ante

123 2962 214 3008 motus
227 2955 387 3007 auctoritate
402 2953 430 3007 S.
444 2953 575 3021 Gregorii,
590 2951 615 3004 ei
634 2952 805 3005 clausentiens
819 2957 910 3007 calon-
962 2953 1046 3021 ipsam
1059 2971 1111 3009 non
1125 2956 1330 3023 prosteminrur,
1343 2952 1418 3021 quasi
1433 2960 1495 3009 ante
1508 2954 1689 3021 Divinitatem,
1703 2957 1749 3011 scd

123 3021 179 3077 lum
190 3022 291 3087 tulerit,
304 3039 365 3078 eum
376 3022 465 3091 potius
477 3023 510 3076 ad
521 3021 701 3074 defensionem
715 3022 833 3088 ejusdem
847 3038 910 3093 syn·
962 3023 1036 3077 illurn
1059 3026 1212 3087 adoramus,
1239 3031 1290 3076 ιιι.
1305 3022 1381 3088 Quod
1400 3021 1453 3074 tale
1479 3030 1520 3077 est
1535 3038 1566 3078 ac
1590 3026 1611 3079 si
1637 3027 1692 3094 regi
1721 3026 1749 3079 in

123 3093 168 3146 odi
184 3093 268 3160 ipsius
285 3094 313 3146 S.
326 3092 379 3147 Gre
396 3093 446 3145 orii
461 3091 623 3145 testimoniis
636 3105 700 3143 usos
715 3091 804 3145 fuerit.
923 3075 947 3136 Ε
964 3094 1063 3148 throno
1077 3096 1180 3148 sedenti
1194 3094 1287 3148 dicas:
1303 3093 1356 3147 bos
1368 3092 1486 3160 quidem,
1501 3108 1517 3146 o
1530 3108 1587 3158 rex,
1608 3109 1661 3150 non
1673 3096 1750 3164 quasi

160 3162 226 3215 llLl.
254 3163 349 3233 Aliquo
370 3109 520 3215 ‹fissinrolm
545 3160 677 3213 neaerae
701 3178 780 3230 prpe.
803 3192 836 3201 —
859 3161 912 3217 Sed
964 3169 1027 3217 ante
1050 3164 1232 3226 birinilatem,
1257 3170 1320 3217 ante
1344 3171 1371 3215 te.
1385 3163 1589 3231 prosternimur,
1616 3165 1750 3218 sedilium

122 3232 196 3299 qrrod
216 3233 267 3286 hac
284 3248 331 3285 sna
344 3233 517 3300 responsione
536 3229 670 3283 Adrianus
685 3230 796 3286 nrirrime
817 3232 914 3303 tetige·
963 3235 1115 3298 adoramus,
1130 3250 1208 3302 quem
1224 3250 1273 3302 per
1290 3233 1430 3300 imaginem
1445 3239 1529 3298 toarn,
1543 3231 1605 3302 quia
1616 3235 1695 3292 homo
1710 3249 1749 3299 es,

123 3304 159 3354 rit
180 3317 212 3355 ea
227 3302 315 3357 Caroli
337 3305 417 3357 rerba
435 3301 531 3368 quihus
544 3300 664 3353 dixerat:
682 3317 691 3349 ι
709 3300 828 3356 Λιιοιιιι
848 3318 912 3358 rcro
962 3302 1203 3358 Dominum-lesum
1219 3304 1356 3359 Christum
1368 3301 1501 3356 hominem
1518 3302 1689 3358 recordemur
1701 3319 1750 3358 na·

123 3384 170 3424 eas
195 3387 362 3440 nequaquam
389 3372 509 3439 coginms
535 3368 581 3437 qui
605 3369 765 3434 noluerint»
792 3374 861 3426 ratio
885 3373 913 3427 id
963 3381 1019 3425 tum
1041 3381 1087 3427 atil
1102 3388 1220 3441 passum,
1239 3374 1280 3426 rel
1294 3375 1320 3427 ιιι
1335 3372 1431 3424 throno
1444 3372 1580 3425 sedentem
1602 3373 1678 3444 errjus
1690 3375 1750 3428 irni-

123 3443 253 3509 temporis
277 3442 428 3511 postulabat
453 3457 487 3493 ne
523 3440 642 3507 cogendo
669 3439 784 3494 schisma
804 3442 913 3513 aliquod
963 3450 1035 3495 tator
1046 3458 1075 3496 es
1095 3451 1121 3496 tu
1133 3446 1228 3497 sedens
1242 3443 1268 3495 in
1282 3444 1389 3495 linono.
1403 3439 1528 3508 quuid
1539 3441 1583 3494 tali
1599 3443 1671 3498 dicto
1686 3458 1749 3498 mox

124 3513 298 3573 eonllaretur,
321 3528 381 3565 enm
402 3520 431 3563 ut
447 3511 562 3563 vidimus
581 3508 639 3576 ejus
663 3511 802 3564 seruentle
822 3519 913 3567 essent
962 3526 1129 3580 consequens
1140 3519 1181 3565 ιιι
1193 3520 1223 3564 ut
1237 3513 1459 3578 eumdemregem
1477 3509 1591 3564 adorare
1605 3511 1750 3583 compellar

122 3581 173 3634 riri
187 3582 233 3649 qui
245 3583 356 3635 scientia
368 3582 395 3634 in
412 3582 462 3634 hoc
474 3581 531 3632 ruli
544 3579 640 3634 saeculo
665 3578 783 3633 eminere
793 3580 913 3637 rideren-
962 3579 1099 3635 sedentem
1110 3581 1136 3633 in
1148 3581 1263 3635 linono?
1273 3581 1311 3634 lta
1328 3594 1377 3633 nee
1391 3579 1417 3631 in
1436 3595 1468 3633 eo
1481 3581 1551 3647 quod
1566 3580 1664 3636 dicitnr
1676 3596 1683 3636 ε
1696 3581 1749 3637 Nos

122 3655 181 3702 tur:
191 3650 298 3706 ridebat
308 3652 377 3705 enim
391 3650 615 3718 prudentissimus
627 3647 746 3716 pontifex
756 3649 782 3704 id
794 3653 867 3719 quod
879 3669 912 3706 ex
962 3650 1069 3719 quidem
1083 3664 1136 3704 non
1148 3650 1224 3719 ‹prrasi
1239 3658 1301 3704 ante
1316 3649 1488 3702 hirinitatem
1502 3657 1565 3704 ante
1578 3651 1661 3719 ipsam
1687 3667 1749 3721 pro-

123 3717 267 3775 Auastasio
278 3721 449 3775 recitarinms
460 3720 486 3772 in
499 3718 611 3787 epistola
618 3720 651 3771 ad
662 3716 791 3772 ioannem
804 3736 910 3790 papam,
963 3720 1118 3784 sternimur,
1133 3723 1179 3774 scd
1191 3720 1264 3773 illrrm
1275 3721 1428 3781 adoramus,
1444 3727 1497 3772 etc.

122 3801 179 3852 eos,
201 3791 342 3859 dequibus
355 3791 499 3851 scrihebat,
515 3792 632 3842 nondum
646 3788 769 3842 terilatis
779 3790 838 3858 eius
853 3806 912 3846 esse
1000 3789 1059 3844 «bd
1080 3790 1225 3859 imaginum
1239 3789 1423 3843 adorationem
1438 3786 1593 3850 invitamur,
1617 3790 1679 3858 quia
1694 3791 1748 3845 sie-

123 3873 246 3927 eapaces.
273 3861 370 3914 Verum
395 3860 451 3928 ipse
471 3859 604 3911 Adrianus
620 3857 728 3926 oblique
756 3863 837 3915 rerba
867 3862 912 3917 illa
961 3868 992 3916 ut
1010 3861 1037 3913 in
1055 3859 1147 3913 nuillis
1159 3858 1255 3912 divinar
1270 3858 1436 3912 auctoritatis
1449 3857 1628 3912 solaminibus
1638 3868 1746 3914 senten-

123 3930 304 3996 reprehendit,
326 3930 387 3982 dum
406 3928 496 3983 laudat
517 3929 546 3981 S.
568 3927 690 3996 Gregorii
709 3942 784 3997 papae
802 3940 912 3986 senten-
963 3931 1014 3985 tias
1026 3929 1443 3997 ordincrerhommprapostero
1460 3927 1744 3996 scriptasinrenirnus‚

123 3997 199 4060 tiana,
214 4014 247 4052 ex
264 4014 316 4068 qua
335 3999 507 4066 colligeretur
523 3998 651 4066 imagines
664 3998 771 4065 quidem
785 4016 837 4055 non
852 4017 912 4057 esse
962 4000 1000 4054 ita
1037 4014 1125 4067 uoquc
1149 3998 1246 4052 factum
1259 4013 1327 4061 esse,
1349 4012 1382 4051 en
1397 4012 1476 4050 sensu
1499 4003 1530 4050 ut
1553 4012 1632 4066 supra
1646 3998 1746 4053 dietum

122 4066 282 4131 adorandas,
299 4068 375 4137 quasi
388 4071 488 4123 eaedem
505 4077 596 4121 essent
607 4068 641 4120 dii
658 4069 776 4134 quiriarrr,
790 4072 835 4125 sed
852 4080 911 4126 tan·
961 4015 1077 4135 ιιιῖιοι
1090 4071 1116 4122 in
1131 4068 1189 4122 loco
1214 4069 1323 4122 minime
1347 4067 1508 4122 dubitamus.
1529 4066 1594 4121 Cum
1616 4069 1686 4121 enirn
1709 4069 1745 4123 ihi

123 4144 179 4191 tunt
194 4150 254 4193 esse
268 4139 434 4193 rerrerandas
446 4140 481 4193 ob
496 4138 652 4191 relationem
671 4152 749 4204 quarn
765 4140 865 4195 frabent
877 4144 910 4196 ad
961 4143 1090 4209 scripturn
1111 4139 1164 4192 sit:
1180 4138 1233 4192 Nos
1256 4137 1363 4206 quidem
1383 4152 1435 4192 non
1452 4138 1527 4205 quasi
1541 4147 1603 4191 ante
1615 4136 1746 4191 llirinita-

123 4206 259 4262 Christum
284 4217 311 4262 ιι
328 4217 444 4270 sanictos,
467 4224 534 4276 ‹quxrs
546 4207 632 4276 effigie
654 4219 854 4275 repraesentant.
878 4213 911 4267 Et
962 4219 1025 4275 toni,
1039 4217 1101 4263 ante
1115 4209 1198 4278 ipsam
1212 4207 1403 4276 proternimur.
1428 4206 1493 4272 Quis
1513 4222 1565 4260 non
1580 4197 1748 4260 animadve?-

123 4275 184 4330 loeo
203 4286 282 4333 caute
299 4277 431 4331 Adrianus
444 4294 497 4332 non
517 4278 607 4330 isonat
624 4278 786 4344 omniaque
810 4281 910 4335 baben·
961 4280 1051 4343 tat,'id
1064 4279 1150 4348 ipsum
1163 4277 1248 4346 magis
1261 4275 1411 4338 refutando,
1425 4292 1505 4345 quarn
1528 4277 1692 4347 imperando,
1706 4277 1746 4331 rel

123 4352 167 4401 tur
181 4346 208 4401 in
224 4347 318 4403 ultimo
331 4347 447 4416 capitolo
470 4346 590 4418 epistole
607 4347 705 4409 Gamli,
716 4351 762 4403 sed
776 4365 806 4401 ea
822 4350 908 4405 solum
961 4351 1097 4404 adorando
1109 4348 1230 4403 eamdem
1240 4347 1423 4401 adorationem
1435 4347 1581 4417 imaginum
1594 4348 1694 4402 dictum
1705 4363 1747 4400 es-

122 4430 182 4484 que
193 4414 330 4484 pertinent
345 4422 378 4469 ad
387 4422 547 4472 sententiam
564 4415 592 4469 S.
605 4415 737 4482 Gregorii,
749 4432 829 4485 quarn
844 4421 911 4475 reci·
924 4418 948 4478 [l
961 4434 999 4483 se,
1014 4422 1051 4474 ita
1064 4426 1093 4472 ut
1104 4419 1204 4473 dietum
1216 4426 1256 4471 est
1268 4417 1280 4470 l
1292 4415 1398 4482 Quanto
1412 4417 1497 4486 magis
1510 4416 1590 4488 (sieut
1609 4431 1690 4485 supra
1704 4418 1745 4470 fa-

122 4486 148 4556 pi
160 4493 219 4539 ιιιιιι
229 4500 246 4541 a
258 4488 354 4541 Garolo
364 4494 419 4540 turn
437 4490 471 4542 ab
485 4487 692 4555 adversariislut
702 4490 907 4562 prolitcbantur)
962 4498 1035 4543 ctum
1049 4487 1155 4559 [fatum]
1168 4486 1221 4558 est)
1243 4488 1309 4540 ordo
1328 4487 1470 4541 rerhorurn
1485 4502 1534 4541 suo
1549 4487 1705 4542 restituatur
1718 4487 1745 4540 in

124 4553 219 4625 synodi
242 4554 356 4611 Nicerne
376 4557 506 4612 ridebat:
523 4560 562 4612 ιιι
588 4558 659 4611 enim
683 4556 801 4626 loquitur
815 4560 910 4613 Adria·
961 4559 1182 4620 ordinc,omnern
1205 4571 1391 4626 quemcunque
1412 4557 1447 4610 cb
1466 4557 1574 4611 nimiam
1592 4557 1748 4627 simplicita-

122 4637 191 4680 nust
204 4642 213 4674 ι
226 4625 258 4680 Et
269 4625 369 4682 idcirco
390 4642 451 4681 eum
466 4627 633 4696 agnorirnus,
648 4635 768 4681 restrrea
788 4629 842 4683 Deo
852 4644 909 4683 ser-

122 4703 191 4749 rata·
214 4697 425 4764 orthodoxaeque
458 4697 555 4766 regalis
574 4696 740 4752 excellentiae
762 4713 821 4753 csse
846 4714 909 4767 pro-

123 4766 221 4833 prium,
236 4766 262 4819 in
284 4781 316 4821 eo
339 4767 384 4820 obi
400 4775 478 4821 rectae
497 4769 557 4823 fidei
572 4769 650 4836 plene
662 4769 768 4835 penitus
785 4771 908 4823 confessa

122 4845 294 4897 censeamur
319 4836 517 4891 sanctissimum
541 4837 661 4906 Gregorii
688 4839 789 4906 sequi.»
815 4839 908 4892 l'isonr

122 4914 163 4959 est
174 4913 262 4959 autern
276 4923 381 4960 sunnon
394 4909 514 4975 pontifici
529 4909 564 4963 ad
579 4917 684 4976 tempus
699 4908 866 4961 dissimulare
880 4909 907 4962 in

121 4990 166 5039 eo,
180 4984 210 5028 ut
234 4974 314 5030 iidem
338 4993 391 5031 non
412 4989 573 5046 cogerentur·
595 4977 907 5046 saerasimaginesquas

121 5044 221 5100 habere
230 5047 348 5102 solerent
369 5049 490 5110 adorare,
505 5065 537 5103 co
554 5049 626 5118 quod
643 5047 682 5101 sic
696 5056 818 5102 errantes
838 5063 907 5101 non·

121 5113 185 5169 durn
198 5115 268 5170 inter
282 5116 423 5172 haereticos
441 5126 518 5172 erant
544 5118 712 5173 annumerati
725 5117 794 5171 sicut
820 5119 911 5174 icono-

122 5185 224 5249 clastae,
242 5187 290 5241 sed
302 5187 487 5243 tolerabantur
509 5190 626 5258 quandiu
644 5186 740 5242 dirinae
762 5189 854 5257 gratia
867 5188 910 5242 lu-

122 5256 193 5311 mine
203 5256 412 5321 illustrarentur,
425 5261 497 5327 quod
512 5267 605 5329 postea
622 5259 784 5312 factumest.

156 5325 236 5380 xtlt.
263 5325 376 5382 Frustra
398 5327 517 5383 laborant
541 5328 683 5382 aduersarii
712 5343 743 5380 ιιι
769 5326 910 5398 Gregorius

120 5396 243 5477 prodetur
252 5396 379 5451 motator
399 5414 534 5451 sacrorum
547 5399 699 5467 irnapirmm.
712 5428 746 5438 -
759 5396 910 5453 Confulatis

122 5468 203 5536 igitur
221 5466 255 5520 iis
266 5481 326 5536 quae
338 5468 373 5521 ah
385 5469 545 5523 adversariis
567 5468 594 5520 in
606 5467 698 5521 codem
715 5467 783 5522 libro
802 5468 911 5538 Gapitu·

121 5536 172 5593 lari
192 5552 225 5592 ex
250 5536 374 5607 Gregorii
397 5552 474 5608 pape
496 5537 604 5605 scriptis
625 5534 807 5604 olrjicerentur
824 5539 911 5592 eidem

120 5608 421 5678 adrianopontifreimd
431 5624 463 5663 ea
479 5607 558 5663 ruodo
568 5609 758 5661 transcundum
768 5622 827 5676 quae
835 5607 912 5676 longe

119 5688 180 5753 pasl
195 5676 315 5750 ejusdem
328 5679 465 5751 gmxrtil'tcrs
483 5680 585 5734 obitum
599 5678 625 5731 in
641 5677 818 5734 errxrciliahnlo
836 5676 911 5732 Pari·

961 4639 1015 4684 tem
1029 4635 1174 4691 errantem,
1188 4627 1214 4679 in
1227 4641 1259 4680 eo
1272 4627 1342 4695 quod
1355 4629 1463 4680 beatum
1478 4635 1578 4682 sanetae
1594 4627 1640 4681 Dei
1655 4626 1747 4682 Eccle-

961 4700 1007 4754 siae
1020 4699 1155 4753 «foetorem
1168 4697 1307 4750 adversum
1321 4711 1350 4751 se
1361 4696 1447 4765 ipsum
1460 4698 1575 4752 sensisse
1585 4698 1745 4760 estimabat,

960 4768 1095 4838 corrigere
1107 4768 1205 4836 poterit
1215 4768 1226 4819 ι
1238 4767 1349 4833 insuper
1362 4770 1442 4819 etiam
1454 4782 1475 4819 ιι
1488 4781 1648 4834 quemquam
1663 4767 1747 4820 subti-

961 4839 1012 4893 lius
1030 4838 1220 4905 intelligentem
1236 4837 1287 4890 froc
1302 4836 1479 4904 negligentias
1503 4835 1624 4889 ιιιιιιιιιιι
1643 4834 1745 4888 intente

961 4910 1048 4977 legere
1059 4910 1129 4962 ronti
1150 4908 1224 4972 isset,
1239 4905 1363 4960 facillime
1375 4921 1403 4959 se
1416 4905 1501 4973 ipsum
1516 4902 1686 4972 dijudicante,
1697 4919 1746 4957 cur

960 4979 1103 5046 aliquando
1118 4923 1196 5031 ahter
1206 4976 1330 5039 senserit,
1341 4976 1374 5029 ad
1387 4975 1505 5028 sobrium
1528 4973 1692 5028 intellectum
1704 4986 1746 5025 re·

961 5047 1176 5115 rocarcpeterit.

998 5116 1089 5170 xbtl.
1107 5134 1116 5165 ι
1140 5115 1167 5168 Si
1182 5116 1241 5183 quis
1253 5121 1341 5168 autem
1364 5112 1447 5183 (quod
1469 5112 1575 5181 quidem
1592 5126 1606 5164 a
1625 5123 1689 5164 sane
1702 5124 1744 5162 sa-

963 5185 1100 5255 pientibus
1120 5187 1246 5239 omnibus
1271 5180 1352 5253 absit)
1380 5184 1465 5252 inagis
1486 5197 1563 5235 suum
1582 5195 1689 5234 sensum
1704 5194 1747 5259 se-

962 5256 1079 5325 quondo,
1096 5253 1170 5308 illum
1188 5254 1302 5308 voluerit
1315 5254 1503 5315 condemnare,
1518 5264 1598 5329 quarn
1619 5265 1648 5304 se
1661 5263 1747 5302 eorru-

962 5341 1035 5397 gcre,
1055 5323 1119 5379 nulli
1134 5324 1244 5377 dubium
1254 5324 1319 5391 quin
1331 5323 1366 5377 ab
1379 5322 1511 5384 universa,
1527 5334 1643 5373 rnamme
1656 5326 1746 5397 tamon

962 5412 978 5451 a
996 5404 1088 5450 sancta
1104 5393 1151 5447 Dei
1172 5392 1292 5448 Romana
1312 5391 1431 5447 Ecclesia
1449 5390 1545 5444 debeat
1561 5389 1744 5443 condemnari.

962 5463 1134 5535 Nequaquam
1147 5463 1218 5517 enim
1244 5463 1302 5517 heri
1321 5469 1408 5531 potest
1430 5467 1459 5514 ut
1478 5460 1520 5523 bre
1535 5459 1593 5514 due
1607 5456 1747 5513 sententiae

963 5536 1071 5590 sibimet
1082 5534 1225 5589 contrariae
1241 5548 1294 5586 non
1310 5531 1435 5594 mistamt,
1455 5545 1508 5583 una
1520 5544 1573 5653 epra
1586 5528 1699 5598 populus
1711 5525 1746 5582 ah

964 5607 1121 5660 adoratione
1140 5604 1295 5671 imaginum,
1314 5617 1348 5655 nc
1362 5601 1493 5665 criminis,
1512 5600 1519 5653 ι
1554 5600 1667 5668 agendo,
1684 5612 1747 5651 reus

964 5683 1107 5745 appareat,
1136 5673 1326 5742 prohibentem
1349 5670 1434 5724 altera
1458 5685 1521 5726 rere
1544 5685 1603 5738 quae
1621 5667 1694 5723 illum
1718 5661 1746 5720 id
