3780 6120
136 342 207 401 1299
574 348 605 403 B.
625 349 751 407 canunt
769 349 876 407 dsunt
893 350 970 408 OPP.
990 351 1082 410 stes
1099 355 1133 412 lt.
1149 356 1272 416 secate
1288 359 1322 416 lt.
1702 359 1775 417 lim

134 461 338 524 elesia‚torlrsla
355 474 420 534 pax,
433 461 554 519 charitas
566 464 665 519 violata
676 482 684 519 ε
695 474 724 521 et
735 475 789 520 uon
802 465 921 521 mimad·
934 469 958 528 d
971 468 1119 527 hemionis
1144 473 1301 528 maturitate
1318 482 1480 531 statuerant
1496 474 1565 531 liam
1578 490 1670 548 essue
1683 476 1770 550 Euge

134 540 290 596 uerterunt,
304 533 349 602 qrri
363 546 423 588 eam
435 533 577 603 epistolam
589 535 699 590 numine
718 536 817 590 summi
834 539 924 605 ponti·
975 538 1037 593 nius
1048 541 1260 610 eamepistolam
1278 543 1352 600 misit
1369 558 1377 599 t
1393 553 1421 599 et
1434 544 1514 616 patilo
1524 556 1586 615 post
1597 545 1771 605 Adrianusll

133 602 617 673 lloisseriltunt,eoargumeutooon
636 605 723 660 solum
733 604 923 675 diciteque
974 610 1105 677 synodum
1115 613 1310 668 oecumenicam
1326 622 1450 669 octavam
1464 615 1607 671 Consmrrti
1683 616 1771 673 lice·

133 684 223 754 tanuen
246 671 363 754 elileltur
380 673 450 741 quod
465 674 701 756 metridelrimus)
719 672 851 798 imagines
865 693 924 733 om·
974 676 1128 757 lebrandam
1146 683 1259 746 curarit,
1280 682 1308 736 in
1320 700 1374 752 qua
1386 686 1505 754 synodus
1518 686 1633 756 septima
1666 687 1771 744 eeultu

133 755 198 797 num
208 742 242 795 de
252 741 341 796 medio
351 757 411 799 esse
423 741 569 808 tollendas,
591 745 662 813 quod
677 759 727 812 tpst
742 751 847 799 neunt.
868 747 924 813 Nee
975 749 1120 828 imaginum
1135 750 1232 805 iterum
1244 754 1391 820 approbata
1401 762 1453 808 est.
1471 754 1592 825 lienium
1605 755 1772 814 Anastasius

133 819 224 865 mosen
237 821 424 880 argumentum
437 811 501 867 iliud
515 813 616 882 aliquid
629 813 709 867 valet.
975 816 1196 874 llilrlrotlreearius
1210 820 1348 878 Romanus
1359 824 1385 877 in
1399 820 1556 892 pretatione
1567 840 1606 879 ru
1620 824 1722 896 syumli
1734 826 1773 883 ad

169 880 299 946 Qusrorts
322 881 393 936 enim
412 881 478 937 niltil
499 885 602 952 periret
623 883 657 938 de
678 881 744 946 nde,
762 886 925 952 speeteha·
972 883 1103 941 louttnem
1127 889 1182 943 vtlt
1207 889 1373 959 pontificem,
1394 893 1441 962 spui
1459 893 1620 950 Adrianull
1644 895 1773 964 prex'une

133 951 230 1014 ritate,
246 949 269 1005 sl
287 950 358 1006 nullu
380 952 452 1022 pieta
475 952 518 1007 rel
541 953 604 1007 llela
616 962 688 1007 esset
709 952 806 1022 imago,
832 964 923 1011 tamen
973 967 1150 1022 suceesserat,
1166 962 1262 1014 scribit
1274 961 1300 1017 in
1314 963 1410 1017 eadem
1424 962 1557 1018 metentis
1570 959 1658 1021 luisse
1672 980 1774 1022 munes

132 1019 239 1090 qttando
251 1021 323 1090 picta
336 1021 379 1076 uel
397 1021 523 1086 domest,
540 1031 636 1091 penem
651 1023 678 1077 in
694 1021 784 1085 iidem,
800 1024 846 1091 qui
862 1041 921 1080 eam
973 1024 1110 1082 Romanos
1129 1029 1280 1096 pontifices.
1295 1051 1304 1083 ι
1321 1030 1396 1098 Qum,
1417 1033 1514 1102 inquit,
1528 1049 1612 1103 super
1626 1034 1768 1090 venerabi

133 1099 213 1160 negat
224 1105 285 1146 esse
299 1093 491 1156 venerendam,
507 1092 633 1162 quoniam
648 1093 734 1147 donor
753 1091 878 1163 imaginis
888 1096 923 1151 ad
973 1094 1037 1148 liuor
1052 1097 1199 1167 imaginum
1212 1100 1372 1157 adoratione
1391 1118 1510 1172 presens
1530 1105 1653 1174 synodus
1668 1105 1769 1170 dooet,

130 1168 303 1232 prototypum
326 1161 450 1223 retertur,
474 1163 546 1232 quod
566 1161 750 1217 veremudum
776 1176 837 1218 esse
855 1165 922 1221 sities
973 1164 1326 1236 incauposmticaresua
1341 1173 1427 1236 sedes,
1441 1173 1511 1229 sieut
1522 1173 1653 1229 nonnulla
1666 1175 1770 1244 scripta

131 1229 221 1295 docet,
237 1231 543 1287 ctadtersarinsnunn
595 1232 657 1286 t.Et
671 1233 821 1303 potestisne
835 1235 922 1304 ipsum
972 1235 1103 1299 itrrsuunt,
1124 1239 1273 1308 antiquitus
1296 1242 1402 1305 mouit,
1417 1251 1445 1298 et
1457 1242 1619 1298 universalis
1645 1243 1769 1300 Eeehsia

131 1299 307 1360 sirtillitudiue
335 1301 475 1356 illustrari.
504 1301 532 1356 Si
572 1302 667 1356 illelius
699 1301 798 1370 aliquis
825 1305 924 1361 divium
972 1319 1078 1428 semiper
1096 1317 1222 1362 senerata
1245 1319 1304 1376 est,
1330 1321 1357 1366 et
1382 1312 1513 1367 haeoenus
1527 1323 1691 1378 teneratur,
1708 1311 1770 1384 qui·

133 1368 289 1440 scripturn,
303 1371 460 1442 utEpistoia
471 1371 505 1426 ad
517 1371 713 1432 Philemonem.
727 1387 780 1425 non
791 1383 920 1437 exstaret,
971 1374 1030 1429 lust
1041 1392 1085 1430 um
1107 1377 1240 1434 duntaxat
1255 1379 1392 1436 Gallorum
1406 1382 1544 1452 exceptis,
1559 1384 1662 1453 quilius
1676 1383 1770 1455 utique

133 1440 198 1522 tritril
213 1440 347 1510 deperiret
362 1441 479 1523 deiide,
499 1455 556 1510 spe,
578 1450 606 1496 et
627 1441 760 1497 charitate
773 1456 781 1494 ε
792 1450 821 1496 et
831 1451 922 1500 umen
971 1447 1091 1501 nondum
1105 1455 1149 1503 est
1164 1449 1261 1505 horum
1274 1450 1375 1506 veritas
1390 1451 1519 1507 revelata.
1535 1471 1547 1504 ι

132 1523 195 1578 quta
211 1524 283 1564 nune
294 1517 393 1575 exstat,
407 1526 455 1581 qut
477 1524 537 1566 eam
551 1519 661 1581 negaret
681 1524 741 1565 esse
756 1527 817 1567 cum
839 1529 921 1568 rette-

133 1580 237 1634 ratione
247 1580 445 1648 suspiciendam
457 1620 464 1646 ,
478 1591 605 1650 peccaret
619 1581 646 1636 in
660 1579 752 1645 iidem,
766 1591 794 1636 et
816 1581 839 1636 si
856 1597 921 1651 pro-
1271 1559 1386 1620 wm
1405 1560 1449 1618 Ἦ·

152 1657 224 1704 terea
239 1650 420 1705 dissensiones
431 1652 568 1707 orirentur
579 1692 586 1713 ,
599 1665 651 1705 non
664 1657 736 1705 esset
747 1651 864 1720 Epistola
878 1655 923 1708 an
1007 1647 1103 1704 Restat
1122 1664 1188 1718 pars
1204 1650 1298 1707 sltinm
1311 1692 1318 1717 ,
1331 1653 1382 1709 hoe
1391 1663 1434 1708 est
1444 1653 1558 1724 epistola
1572 1653 1706 1713 Ludorici
1719 1656 1771 1715 irn-

129 1663 259 1801 ficicmla,
277 1721 324 1775 sed
339 1719 473 1793 imperitia
499 1719 687 1777 dissidentium
705 1723 874 1792 coarguenda
893 1730 922 1778 et
1006 1719 1104 1774 satoris
1118 1721 1152 1775 ad
1167 1720 1313 1789 Eugenium
1327 1723 1493 1792 pontificem,
1505 1733 1533 1778 et
1544 1724 1630 1780 altera
1645 1725 1769 1795 eiusdem

133 1790 301 1846 instruenda.
423 1851 425 1855 ,
995 1789 1100 1844 udovici
1111 1788 1145 1846 ad
1154 1789 1298 1846 larentiam
1310 1802 1337 1847 et
1347 1791 1442 1847 lunam
1454 1795 1596 1877 episcopos
1608 1813 1614 1849 :
1628 1796 1658 1851 iu
1669 1796 1770 1867 odone

72 1925 76 1931 .
168 1858 308 1915 Postremo
330 1858 357 1917 in
380 1858 475 1914 eadem
501 1858 546 1915 illa
567 1858 681 1930 epistola
763 1862 921 1917 rehenditur
936 1849 959 1912 B
972 1858 1248 1939 nihilobservandum
1261 1862 1450 1927 ooeurrit,nisi
1464 1865 1768 1937 altudineisquaethm

132 1928 333 1993 Cerrrstsmtinus,
348 1937 376 1984 et
394 1928 550 1998 materejus
567 1930 659 1996 irene,
680 1874 762 2000 norff
771 1933 859 1987 etiieto
872 1948 921 1988 suo
974 1928 1115 1994 dicunlul's
1127 1946 1187 2000 ‘1¹¹³'
1202 1931 1324 1987 redolere
1338 1933 1463 1989 videniur
1480 1934 1589 1990 fraudes
1614 1938 1770 1992 wiltu

129 1998 241 2066 jusserit
261 2014 353 2056 sacras
370 1999 500 2068 imagines
510 1999 588 2070 juxta
607 2001 714 2057 concilii
732 2002 865 2073 generalis
875 2004 922 2058 de·
974 1999 1174 2055 hemttoorum.
1192 2000 1267 2057 Unde
1282 2003 1355 2057 veuit
1377 2003 1404 2058 in
1431 2013 1548 2059 mentem
1570 2006 1709 2076 suspicari
1733 2020 1769 2061 ns

132 2078 245 2133 eretum,
260 2084 321 2124 curn
343 2069 518 2126 veneratione
529 2084 588 2127 esse
607 2069 754 2127 babeudas.
777 2070 842 2138 Qus
856 2087 922 2128 sane
974 2070 1043 2125 torte
1062 2070 1103 2127 rel
1128 2078 1202 2125 totus
1218 2071 1264 2127 hie
1281 2072 1387 2129 libellos
1409 2075 1446 2129 sit
1459 2075 1602 2140 confictus,
1616 2075 1671 2139 rel,

132 2140 922 2277 let-lidi²dllduttlii’didl‘:lili
974 2140 1447 2268 tltdllliliedddltmd
1463 2152 1560 2201 ³⁰⁰¹¹³
1577 2144 1612 2199 ²¹¹
1636 2145 1694 2201 ‘¹¹³5
1714 2146 1720 2158 ’
1740 2162 1767 2201 ¹¹¹

178 2227 203 2262 ιι
272 2228 279 2263 ι
397 2248 404 2264 .
474 2229 480 2265 ι
528 2228 555 2265 ιιι
720 2229 736 2266 u
909 2243 922 2253 -
1451 2253 1458 2266 ·

131 2280 279 2336 stantinum
292 2225 424 2336 efolrerteu
438 2282 552 2336 summis
562 2272 685 2337 laudibus
697 2228 785 2348 ellenp,
796 2227 867 2352 guod
878 2298 922 2336 sa·
1011 2279 1064 2335 Sed
1076 2281 1134 2335 siue
1145 2280 1181 2337 sit
1191 2296 1270 2336 uerus
1282 2283 1360 2346 liber,
1371 2282 1427 2336 sire
1438 2283 1583 2348 emimus,
1597 2283 1659 2340 sire
1670 2284 1767 2355 partim

131 2364 238 2406 erasum
250 2349 396 2432 imaginum
409 2349 536 2421 religioso
546 2351 629 2436 cultui
646 2351 761 2415 faveant,
772 2360 800 2407 et
809 2347 921 2406 Adriani
974 2350 1104 2432 sincerus,
1119 2352 1217 2432 partim
1229 2351 1403 2415 adulterinus,
1419 2352 1484 2408 illud
1497 2369 1581 2408 uuum
1592 2365 1704 2409 euustat
1713 2371 1767 2411 nun

131 2419 921 2562 sitiit‘fidelitatis„addititiam
973 2420 1768 2575 &illitatiilll.¹l÷lllltiilll,“dlttd⁰t

159 2566 232 2626 rtem,
250 2575 330 2630 quum
343 2568 374 2615 ut
388 2575 510 2616 summus
522 2560 641 2632 pontifex
662 2563 774 2618 moleste
798 2561 869 2616 ierre
891 2577 921 2617 se
974 2559 1075 2626 sulse,
1100 2561 1168 2614 ordo
1190 2576 1348 2630 perversus,
1371 2563 1528 2618 emumdem
1547 2572 1767 2619 testunomomtu

131 2573 212 2694 Sicut,
230 2631 302 2700 qnod
316 2631 351 2686 ab
365 2632 528 2703 imperatore
548 2633 654 2688 decreta
676 2633 852 2688 conciliorum
876 2647 922 2702 ge·
974 2630 1069 2685 embra
1083 2631 1227 2699 repetitio,
1242 2632 1320 2688 facile
1341 2633 1489 2703 potuissent
1506 2633 1673 2703 persudere
1693 2643 1767 2704 typo-

131 2701 263 2756 ncraliuru
283 2714 298 2755 a
319 2701 383 2757 sede
402 2700 549 2773 apostoliea
570 2703 717 2773 approbata
730 2709 871 2759 seruentur
890 2716 922 2756 se
1023 2702 1094 2770 pho,
1107 2701 1130 2754 si
1142 2701 1506 2766 ismmmuneeommodum,
1518 2713 1612 2758 elnon
1625 2704 1767 2774 proprium

131 2768 328 2826 defendantur?
983 2785 1077 2825 uerum
1091 2781 1256 2840 spectasset,
1270 2781 1299 2828 ut
1312 2773 1363 2829 silli
1376 2774 1412 2827 ab
1425 2773 1530 2828 edendo
1539 2771 1676 2829 eusmudi
1688 2788 1767 2844 opere

167 2841 220 2897 Sed
232 2842 256 2897 si
267 2856 363 2911 pamm
374 2843 519 2913 prudentes
542 2842 700 2899 collectores
720 2842 846 2905 iuemnt,
867 2855 922 2896 nou
974 2847 1028 2895 tem
1066 2850 1148 2895 naret.

131 2904 182 2963 luit
198 2911 355 2967 inconstans
367 2913 522 2982 apostolicae
535 2913 606 2969 sedis
618 2915 731 2970 antistes
748 2931 755 2968 ι
773 2912 922 2982 permansit
1010 2914 1018 2980 l
1083 2911 1174 2965 endem
1193 2914 1392 2984 pseudosynodo
1408 2911 1555 2968 Porisieosi
1574 2913 1656 2984 pluro
1680 2911 1766 2968 serilit

131 2978 205 3034 enim
215 2979 243 3035 in
254 2981 289 3038 iis
306 2996 366 3054 oute
377 2984 591 3054 predecessores
610 2999 664 3040 nou
677 2985 736 3040 sins
747 2997 844 3054 magna
857 2948 958 3037 deli·c
974 2979 1107 3036 Boronltn
1123 2980 1199 3036 annu
1212 2983 1264 3039 stt
1275 2995 1299 3040 et
1311 2983 1387 3050 825.)

590 3259 899 3341 CONVENTUS
936 3256 1278 3349 Panlsttiltsts,

317 3449 616 3496 sxcuttsttrtssmtts
650 3453 689 3495 AC
723 3444 1004 3500 vlcroslostssntts
1040 3446 1167 3502 trsoot's
1204 3439 1395 3491 AfflBi‘Lilil'S
1430 3442 1587 3492 suousm

386 3613 554 3679 nomiltls
574 3611 825 3676 litdnowtco
845 3612 897 3674 ΕΤ
914 3607 1152 3673 fluduututo
1171 3607 1505 3673 IMPERATORIBUS.

163 3882 338 3939 iiossurriae
351 3875 848 3946 ildeirssimloratoresrestri,uualiter
973 3890 1036 3939 rus,
1053 3873 1186 3944 simulque
1197 3883 1226 3929 et
1253 3873 1376 3944 populus,
1406 3874 1598 3931 auctoritatem
1628 3887 1764 3938 sumu

126 3954 206 4011 alniis
219 3950 347 4007 Kalendis
368 3948 527 4004 Novembris
546 3948 616 4020 apud
640 3946 805 4002 Parisiorum
825 3962 859 3999 ur
869 3962 920 4001 ‚eru
971 3944 1105 4014 synodum
1120 3943 1251 4009 leserunt,
1266 3942 1293 3998 iu
1305 3959 1358 4014 qua
1371 3945 1441 4002 sieut
1457 3944 1495 4000 illi
1509 3945 1626 4001 mullum
1641 3948 1763 4006 deviare-

125 4022 203 4097 loma
216 4029 380 4093 preceptum
396 4028 493 4074 vestrae
504 4017 696 4088 magnitudinis
718 4017 744 4071 iu
759 4031 840 4070 unum
854 4031 920 4070 eon·
971 4023 1045 4080 runt,
1080 4013 1106 4067 ui
1125 4013 1255 4085 imagines
1274 4023 1430 4071 sanctorum
1454 4015 1481 4070 iu
1506 4015 1551 4072 iila
1568 4016 1622 4072 alia
1651 4019 1760 4101 synodo,

125 4095 257 4157 sentimus,
271 4092 439 4161 nataliterque
454 4089 487 4144 de
498 4089 607 4159 negotio
623 4102 637 4141 a
650 4084 742 4142 vested
755 4088 854 4155 pietate
867 4101 915 4140 no-
967 4100 1027 4155 quae
1038 4030 1088 4139 star
1094 4082 1271 4139 Constamino
1283 4092 1335 4140 aro
1348 4086 1490 4142 memorati
1497 4084 1671 4143 Constantini
1692 4087 1759 4145 lacta

125 4164 167 4221 liis
179 4163 307 4233 injuncto,
322 4161 354 4216 de
365 4175 446 4217 errttsa
457 4159 583 4216 videlieet
600 4159 756 4227 imaginum,
769 4157 914 4225 egerimus,
967 4164 1020 4219 est,
1033 4157 1142 4237 penitus
1152 4154 1315 4223 abdicandas
1326 4170 1386 4211 esse
1402 4156 1591 4218 decreverunt,
1603 4157 1644 4213 sic
1655 4157 1758 4214 istinon

126 4235 329 4290 alrnemoriam
344 4239 442 4286 vestre
454 4229 621 4285 celsitudinis
641 4227 803 4282 reducimus.
820 4225 873 4280 Sed
887 4233 916 4279 ut
969 4225 1143 4280 mediocriter
1153 4234 1323 4289 erraterunt,
1336 4225 1382 4296 qui
1395 4240 1443 4281 eas
1457 4241 1512 4281 non
1525 4226 1615 4282 solum
1632 4227 1759 4289 eulieta-

124 4305 219 4362 strelius
235 4303 313 4359 rtobis
328 4299 500 4356 umutilestum
515 4299 740 4366 ierosolimam
752 4310 916 4352 causamve·
967 4295 1102 4357 dormiet
1118 4303 1225 4349 moetas
1237 4293 1385 4367 nuncupari
1401 4304 1558 4357 sanxerunt,
1573 4297 1758 4354 verumetiam

124 4389 181 4432 stru
202 4376 299 4446 pietas,
312 4387 372 4442 quae
386 4386 450 4440 erga
464 4371 511 4425 liei
533 4357 686 4437 satrcld'quo
709 4381 765 4421 sua
788 4365 916 4420 Ecclesiae
968 4363 1175 4420 sanctimoniam
1187 4364 1222 4418 ab
1236 4363 1277 4420 eis
1292 4364 1446 4435 sendipiscl
1463 4365 1580 4435 professi
1596 4376 1673 4422 sunt
1688 4366 1758 4423 litut

124 4460 244 4500 atriorem
269 4441 457 4497 ardentissime
480 4440 585 4511 flagrat,
607 4437 639 4492 ad
655 4439 705 4511 noe
726 4435 886 4506 inorrireodu
900 4451 915 4488 u
931 4471 955 4530 ο
968 4434 996 4490 id
1009 4451 1102 4489 rerum
1116 4448 1177 4489 esse
1189 4436 1261 4503 quod
1274 4435 1432 4491 nitebantur
1443 4442 1579 4502 astruere,
1591 4435 1757 4493 demensus

143 4516 240 4569 citrium
253 4527 365 4566 accensa
379 4509 468 4575 leserit,
476 4508 655 4565 necessarium
665 4506 800 4571 duximus,
809 4505 914 4560 initium
968 4514 1040 4570 rent,
1065 4505 1189 4574 quedam
1207 4513 1363 4561 sauemrum
1382 4505 1587 4576 seripturarum
1606 4507 1756 4563 tmtintonia

122 4526 233 4653 Retinere
252 4582 291 4637 rel
317 4595 490 4651 cognoscere,
515 4586 543 4634 et
565 4579 624 4633 ideo
642 4578 758 4647 primum
774 4575 915 4646 epistolam
965 4583 991 4630 et
1007 4583 1160 4630 sattctorum
1175 4572 1285 4629 Patrum
1310 4576 1380 4630 dieta
1395 4574 1429 4629 ad
1450 4590 1529 4631 suum
1542 4578 1757 4648 superstitiosum

123 4650 223 4710 domim
237 4650 348 4706 Adriani
363 4664 448 4720 popm,
464 4664 545 4731 quarn
557 4648 661 4719 pridem
681 4661 731 4716 pro
754 4645 916 4715 imaginibus
965 4659 1085 4700 errorem
1101 4643 1313 4700 eonllrmandum
1329 4644 1461 4700 uiolenter
1474 4656 1660 4716 sumpserunt,
1679 4655 1707 4702 et
1719 4647 1756 4703 ei-

122 4723 257 4796 erigendis
279 4719 458 4778 Constantino
479 4717 634 4791 imperatori
652 4725 680 4771 et
700 4716 812 4772 ilerenae
835 4716 914 4770 matri
964 4715 1025 4770 dem
1038 4729 1087 4770 suo
1107 4714 1182 4784 operi
1198 4714 1412 4783 incompetenter
1439 4724 1612 4797 aptaverunt,
1634 4716 1757 4788 quonnn

122 4793 227 4864 eiusad
241 4804 334 4850 eorum
354 4791 571 4862 deprecationem
586 4788 614 4842 iu
631 4787 820 4842 transmarinis
831 4786 916 4857 parti·
963 4799 1018 4840 uon
1027 4799 1061 4839 eo
1074 4800 1156 4841 seusu
1181 4799 1235 4853 quo
1247 4784 1330 4849 dieta,
1349 4800 1400 4840 nee
1414 4784 1756 4856 eosnulleetumuoasao·

121 4866 172 4923 bats
182 4865 288 4927 direxit,
303 4878 394 4918 coram
404 4861 481 4916 nobis
492 4860 544 4931 legi
557 4858 680 4923 lecimus,
690 4865 718 4913 et
730 4868 859 4928 errantum
868 4872 916 4911 no
963 4855 1015 4910 elis
1029 4853 1156 4910 Patribus
1172 4855 1295 4924 exposita
1310 4856 1344 4910 alr
1356 4853 1409 4912 illis
1421 4870 1483 4913 esse
1495 4855 1653 4926 produntur
1671 4855 1745 4929 prola

121 4947 185 4992 strar
197 4935 322 5008 parvitati
343 4948 388 4988 res
397 4932 492 5004 patuit,
501 4928 650 4999 sieutjuste
664 4927 913 4999 reprelienditillus,
963 4933 991 4979 ta
1003 4926 1046 4980 rel
1059 4924 1203 4983 intellecta.

121 5007 168 5079 spui
180 5007 233 5062 ima
252 5007 311 5061 ines
322 5013 476 5059 sanctorum
490 5000 635 5056 temerario
647 5015 714 5055 ausu
727 4998 817 5054 inillis
830 4997 915 5068 parti-
983 4995 1127 5078 'Eamdeur
1140 5009 1222 5064 porro
1232 4994 1363 5076 synodum
1374 5009 1436 5050 eum
1447 5002 1551 5050 sancte
1562 4997 1703 5079 memoria
1714 5010 1757 5067 ge

121 5078 172 5133 lists
187 5022 365 5146 eonffringere,
382 5082 410 5127 ct
423 5072 530 5143 penitus
545 5071 654 5126 abolere
668 5074 912 5139 praesumpserunt,
962 5073 1035 5120 uitur
1046 5074 1134 5120 vester
1144 5080 1272 5119 euramse
1284 5079 1395 5134 suusque
1406 5059 1508 5134 perlegi
1530 5063 1757 5146 iecissetetmul-

120 5148 161 5203 sie
175 5148 320 5202 indiscrete
333 5143 453 5199 noscitur
464 5141 560 5198 iecisse
574 5141 649 5204 ineo,
660 5139 732 5208 qtrod
745 5137 914 5208 superstitio-
963 5136 998 5191 tis
1011 5137 1038 5190 in
1047 5135 1121 5200 loeis,
1135 5144 1165 5189 ut
1179 5135 1290 5202 dignum
1313 5144 1372 5190 erat
1393 5135 1625 5217 reputehendttset,
1641 5143 1671 5193 et
1687 5150 1757 5206 qua-

120 5232 151 5271 se
164 5232 212 5272 eas
223 5219 337 5273 adorare
348 5213 443 5283 jussum
452 5228 502 5282 pro
514 5226 628 5282 quamun
642 5211 725 5264 etiam
739 5223 820 5263 causa
831 5223 913 5279 syno·
961 5207 1024 5261 dam
1035 5205 1232 5275 capitulaque
1243 5205 1449 5273 reprehensioni
1461 5206 1603 5273 patebant,
1610 5214 1755 5277 pennotus-

121 5285 186 5341 dum
199 5285 357 5359 corrgregari
374 5282 512 5355 praecepit,
525 5291 554 5337 et
563 5297 612 5337 sua
625 5279 785 5334 auctoritate
801 5279 850 5334 sulr
865 5275 912 5345 ju·
960 5285 1014 5341 set,
1027 5274 1371 5358 eaquependngillrertupr
1388 5275 1516 5356 anesten
1534 5275 1625 5332 eidem
1639 5275 1756 5357 Adriano

121 5353 264 5426 rejuraado
277 5357 392 5418 oetrsuit,
407 5362 437 5408 ut
447 5353 625 5424 erigerentur,
640 5359 668 5404 et
682 5351 871 5412 adorarentur,
885 5356 912 5404 et
961 5362 1036 5418 papae
1046 5347 1200 5411 direxisset,
1215 5354 1245 5400 ut
1259 5343 1444 5414 illruspudreo
1455 5352 1483 5400 et
1493 5344 1661 5402 auctoritate
1670 5360 1755 5402 eorm·

120 5437 220 5483 munte
233 5443 321 5483 nuncu
342 5434 462 5490 aceritus,
475 5440 536 5478 euru
548 5438 595 5478 eas
614 5422 719 5504 erigere
734 5419 848 5482 licitum,
865 5420 912 5472 ad
961 5426 1099 5487 gerentur,
1119 5418 1176 5500 ipse
1190 5430 1282 5470 rursus
1296 5414 1410 5494 latendo
1421 5414 1542 5484 illisqui
1554 5414 1616 5498 ejus
1629 5416 1756 5473 instincta

119 5512 198 5551 orare
211 5513 275 5552 reru
289 5514 321 5550 ne
334 5512 364 5551 as
374 5497 419 5551 sit.
433 5495 549 5549 Inseruit
562 5494 644 5547 etiam
656 5506 682 5544 ιιι
690 5491 784 5546 eadem
796 5489 911 5559 epistola
960 5494 1015 5543 tam
1029 5495 1217 5558 superstitiosa
1231 5494 1340 5554 tamque
1368 5500 1515 5554 rneongrua
1530 5492 1687 5542 testamenta
1704 5497 1756 5567 nte

120 5567 242 5636 spondam
257 5567 410 5622 testimonia
426 5572 580 5620 sanctorum
588 5570 707 5634 patrum,
719 5568 850 5631 querutum
864 5574 911 5614 ιιι-
960 5557 1149 5628 nonnopen
1164 5557 1344 5638 asseruerant,
1357 5570 1407 5624 per
1430 5553 1537 5625 singula
1549 5554 1669 5639 capitula
1687 5552 1755 5613 intl-

120 5637 161 5693 l·is
184 5636 264 5693 datur
276 5636 397 5708 intelligi,
417 5634 494 5691 ratde
512 5635 623 5699 absona,
635 5641 662 5688 et
674 5631 709 5687 ad
733 5630 835 5688 remde
857 5644 910 5701 qua
960 5627 1049 5683 lorum
1062 5636 1264 5709 exeusationem
1275 5625 1514 5706 respondereque
1528 5625 1626 5707 rolant,
1642 5642 1699 5683 ιοι
1717 5630 1756 5681 te

121 5708 261 5778 agebatur,
277 5705 388 5763 minime
399 5705 575 5776 pertinentia.
955 5713 1022 5753 rnen
1034 5713 1095 5768 que
1107 5697 1207 5779 deense,
1227 5703 1342 5752 cunatm
1361 5703 1414 5777 est.
1428 5694 1506 5751 Talia
1518 5710 1620 5777 grnppe
1634 5694 1754 5766 qudam

88 5811 89 5814 =
154 5775 285 5848 litherius
300 5786 415 5848 namque
429 5773 550 5846 epistolae
563 5781 648 5840 testu,
662 5769 908 5845 inpersunetcle·
958 5774 1035 5836 emit,
1050 5783 1153 5836 quarn
1171 5766 1279 5824 illurn
1291 5764 1471 5836 suentem
1481 5773 1698 5838 opposun.qne
1713 5774 1755 5823 rt·
