3780 6120
165 247 216 304 995

596 242 626 296 ll.
646 239 771 297 ChllOLl
791 234 897 294 lthiil
914 237 991 294 OPP.
1010 237 1099 294 PARS
1116 238 1147 293 ll.
1169 237 1289 294 ascuto
1307 236 1338 292 tt.

164 351 250 409 moria
263 349 403 406 recolenda
419 365 427 402 ι
446 349 483 403 ita
500 356 530 403 ut
550 347 573 402 si
589 348 633 402 his
646 346 801 410 abutamur,
822 355 906 401 toturn
925 345 951 399 id
967 355 988 409 A
1003 348 1121 401 seeundo
1147 346 1191 401 ille
1217 347 1244 399 ia
1269 347 1364 400 orbern
1391 355 1513 403 nostrum
1539 358 1690 412 remearet,
1720 349 1800 420 trrqas

163 422 263 478 ascribi
281 420 376 475 debeat
398 427 490 473 nostro
508 418 584 482 vitio,
599 432 653 471 nen
673 417 724 486 ipsi
748 418 872 484 objecto?
893 415 951 469 Nurr

165 491 280 548 diffiteor
297 490 369 559 quod
392 489 415 543 si
436 488 563 558 populum
581 487 700 542 viderem
720 496 903 541 transversum
925 485 953 538 in

162 561 282 630 aliquam
295 559 450 613 abusionem
462 559 535 628 rapi,
552 573 604 611 non
618 556 774 625 impeditum
788 556 819 610 iri
833 572 875 611 me
889 556 953 609 reli·

182 626 258 694 intre,
275 644 328 698 quc
343 629 429 682 secius
443 627 529 682 fracta
546 627 637 681 statim
651 634 678 680 11
693 627 856 680 comminuta
872 626 955 680 simu-

175 715 236 755 acra
255 714 362 769 pessum
381 698 489 762 darem,
508 697 659 765 exemplum
678 706 705 750 et
724 696 860 764 specimen
877 696 955 749 datu·

166 785 222 834 rus,
236 769 315 822 nullis
327 783 359 822 ca
373 768 475 822 viribus
492 768 606 836 poliere;
627 775 721 819 contra
735 780 799 818 vero
812 780 873 818 cunr
889 764 954 816 nulli

167 847 327 895 nocumento
344 847 390 890 aut
404 836 564 891 olferrdicrrlo
581 844 658 900 sunt,
677 835 722 889 sed
744 836 769 888 in
791 836 889 888 bonam
910 849 955 888 ac-

166 918 243 977 cepta
265 917 367 977 partem
391 906 518 960 decorant
541 914 568 959 et
592 905 739 975 insigniunt
763 903 877 971 templa,
901 919 954 956 non

165 978 371 1034 commissurum
392 985 421 1028 ut
439 991 471 1030 ea
491 986 591 1030 temere
610 975 749 1038 demoliar,
769 974 886 1041 alioquin
905 973 955 1026 sub

165 1049 272 1103 eosdem
286 1047 358 1116 leges
371 1045 500 1114 quidquid
514 1054 556 1100 est
568 1059 657 1098 rerum
674 1045 850 1097 humanarum
865 1043 956 1097 venire

165 1133 305 1172 necessum
326 1127 413 1177 esset,
434 1116 557 1184 idemque
580 1114 638 1168 tieri
659 1112 791 1182 judicium
814 1130 820 1165 r
842 1120 956 1182 possunt

165 1188 236 1242 enim
254 1201 346 1241 omnes
361 1192 414 1238 tam
429 1186 497 1240 bene
510 1200 590 1254 quant
609 1198 686 1238 secus
699 1184 841 1252 usurpari,
862 1197 954 1236 rerum

165 1272 196 1312 ea
212 1257 293 1310 etiarn
308 1256 397 1309 cautio
416 1255 563 1309 adhibenda
583 1263 654 1308 esset
673 1267 707 1305 ne
721 1253 838 1321 aliquam
859 1252 955 1320 imagi·

165 1340 227 1381 nem
241 1324 466 1386 commentitiam,
483 1324 607 1378 tabellam
620 1322 781 1387 fabulosam,
798 1330 899 1391 tapetes
915 1337 957 1375 re·

166 1412 225 1450 rum
251 1409 383 1463 nusquam
407 1402 543 1463 gestarum
567 1393 772 1446 admitteremus
792 1392 819 1445 in
847 1392 953 1460 terrrpla.

166 1466 230 1520 line
243 1464 314 1518 enirn
328 1464 388 1534 plus
400 1463 466 1516 satis
479 1478 554 1517 suam
568 1462 718 1517 barbariem
731 1471 758 1515 et
771 1462 955 1530 paganismum

167 1534 298 1602 resipiunt
313 1549 320 1586 :
335 1534 400 1603 quin
415 1548 446 1587 ea
460 1533 549 1587 omnia
570 1533 603 1585 ad
618 1532 708 1584 sirum
724 1545 851 1599 expressa
871 1538 898 1584 et
912 1547 957 1583 ar-

166 1605 309 1673 chetypum
322 1603 470 1672 oportebat.
482 1602 613 1657 Ceterum
625 1602 695 1670 quod
706 1603 856 1655 vestiantur
867 1600 957 1656 linteis

1004 417 1093 487 magni
1106 416 1233 471 facinoris
1246 416 1461 485 promulgatione
1477 419 1598 474 omnium
1611 434 1723 483 eorum,
1739 436 1800 490 quas

1004 502 1122 567 unquam
1135 486 1230 556 gessit,
1246 486 1498 554 precellentissimi.
1517 487 1599 542 Certo
1612 497 1704 543 autem
1719 490 1798 559 polir-

1003 571 1058 610 cerr
1070 556 1134 610 mibi
1146 571 1267 636 possum,
1279 556 1392 612 candide
1404 557 1498 620 lector,
1509 558 1573 612 boni
1587 558 1635 612 tibi
1646 559 1801 614 consultum

1004 625 1037 679 iri
1052 626 1123 680 hune
1135 625 1243 685 lrbrum,
1260 625 1371 694 ejusque
1383 624 1524 680 lectionem
1535 625 1684 696 jucundam
1699 627 1760 685 fore
1770 639 1799 684 et

1003 695 1230 750 exhilaratricem.
1245 695 1361 749 Verbum
1376 712 1459 750 unum
1474 705 1558 751 restat
1573 696 1750 759 efferendum,
1764 714 1799 756 ne

1004 765 1064 834 quis
1078 765 1122 820 bic
1133 773 1246 819 venetur
1259 765 1396 820 dubitandi
1411 767 1598 831 occasionem,
1617 768 1690 836 quod
1705 769 1798 822 ridelis

1004 842 1048 889 ret
1057 835 1229 904 reperiuntur
1237 833 1332 889 Latina
1344 836 1546 900 commentaria,
1558 851 1644 907 eaque
1655 838 1796 908 impressa,

1004 905 1124 974 septimas
1143 905 1237 974 synodi
1258 903 1559 973 Constantinopolitanae
1595 909 1649 962 hoc
1666 909 1747 963 nohis
1764 910 1798 962 ab

1003 975 1080 1029 lrene
1093 973 1203 1042 ejusque
1216 973 1270 1029 frlio
1282 973 1459 1029 Constantino
1473 976 1554 1043 impp.
1609 979 1798 1047 nstantinopo-

1005 1044 1106 1106 litanis,
1119 1058 1233 1112 quorum
1248 1044 1392 1112 plurimum
1406 1044 1462 1099 illic
1473 1045 1557 1099 valuit
1569 1047 1729 1110 auctoritas,
1742 1063 1799 1102 sor·

1006 1113 1071 1177 tite,
1085 1114 1180 1168 llicaeae
1192 1120 1281 1167 tamen
1295 1113 1415 1184 habire),
1430 1115 1475 1168 ubi
1487 1131 1541 1170 non
1553 1131 1586 1172 eo
1598 1117 1689 1171 omnia
1702 1118 1798 1172 ordine

1005 1194 1151 1237 narrantur
1165 1198 1220 1252 quo
1237 1198 1286 1252 per
1303 1182 1429 1238 Carolum
1451 1184 1575 1254 llagnurn
1595 1184 1796 1241 describuntur.

1006 1251 1083 1318 Quod
1097 1254 1158 1308 inde
1172 1253 1302 1308 accidisse
1313 1253 1437 1322 conjicio,
1452 1254 1493 1309 vel
1507 1255 1579 1326 quod
1597 1256 1683 1325 ipsius
1695 1264 1756 1313 acta
1771 1258 1798 1311 iu

1006 1323 1193 1393 ipsooriginaii
1207 1323 1312 1377 diverse
1323 1332 1431 1390 excepta
1443 1322 1540 1379 fuerint
1550 1332 1577 1379 et
1590 1326 1690 1382 litteris
1701 1325 1798 1381 tradita

1007 1395 1089 1464 (quod
1111 1396 1168 1446 fere
1189 1395 1219 1445 tit
1240 1393 1266 1447 in
1289 1393 1387 1446 talibus
1410 1395 1532 1462 negotiis,
1557 1396 1685 1450 incolurni
1709 1404 1798 1452 umen

1006 1462 1161 1532 sententia),
1175 1472 1268 1531 postea
1282 1472 1370 1517 autern
1384 1461 1480 1518 Latine
1495 1464 1597 1519 reddita
1611 1480 1618 1519 :
1631 1465 1673 1519 rel
1685 1467 1759 1536 quod
1771 1467 1798 1522 iu

1006 1547 1102 1586 manus
1117 1533 1288 1602 imperatoris
1303 1541 1407 1587 tautum
1418 1535 1591 1601 pervenerint
1605 1550 1713 1591 summa
1725 1551 1800 1605 que·

1006 1602 1069 1657 dam
1082 1603 1184 1670 capita,
1204 1618 1263 1672 quae
1279 1602 1398 1656 breviter
1414 1604 1625 1673 perstringerent
1641 1604 1798 1661 Graecorum

166 1674 237 1736 lotis,
255 1675 334 1727 sertis
347 1683 375 1728 et
388 1671 498 1725 floribus
518 1671 702 1735 redimiantur,
719 1671 865 1740 diebusque
880 1671 956 1725 lestis
970 1694 994 1751 Β
1007 1672 1123 1754 decreta,
1138 1673 1220 1727 veluti
1236 1673 1329 1726 nuntia
1344 1676 1477 1740 quasdam,
1490 1689 1551 1743 qnae
1565 1675 1713 1730 succinctis
1725 1677 1801 1746 pagi-

166 1745 300 1812 eomptius
317 1751 456 1804 ornentur,
472 1745 506 1797 ob
521 1742 600 1811 idque
615 1741 690 1810 plura
709 1742 827 1810 possint,
844 1740 956 1795 faculta-

167 1823 274 1882 temque
288 1828 364 1867 suam
378 1812 486 1866 sedibus
498 1813 602 1865 varient
615 1811 754 1882 imagines,
769 1812 813 1865 hir
824 1812 957 1881 potentio-

166 1897 219 1944 res,
236 1882 299 1936 alibi
315 1882 475 1951 igrtariores,
491 1897 586 1935 recens
598 1881 718 1950 sculptas,
735 1897 815 1950 quant
829 1896 917 1936 erese
931 1888 958 1933 et

167 1958 299 2006 vetustate
319 1959 531 2014 marcescentes,
550 1959 596 2005 aut
616 1951 764 2021 fumigatae,
785 1953 835 2005 hac
852 1959 898 2005 aut
912 1950 957 2003 illa

167 2023 280 2076 ruateria
294 2019 426 2083 conflate,
440 2036 474 2074 ne
486 2036 648 2090 quemquam
664 2021 753 2076 verbis
768 2021 881 2082 titillent,
898 2035 959 2074 ver-

167 2091 264 2160 tigines
282 2091 340 2144 istae
354 2100 381 2145 et
399 2091 530 2144 vecordia
546 2091 610 2144 mibi
630 2091 739 2160 probari
759 2107 812 2144 non
829 2099 957 2160 possunt,

167 2175 254 2229 neque
267 2161 376 2215 dubium
393 2169 433 2215 est
447 2176 510 2229 qum
528 2160 616 2214 omnis
633 2160 799 2228 gesticulatio
814 2163 856 2214 vel
873 2161 959 2230 irrrprr·

168 2229 265 2286 dentiae
282 2230 451 2285 adumbratio
469 2231 547 2299 longe
563 2231 726 2284 sunrrnovcri
740 2230 851 2295 debeat,
870 2229 959 2299 cujus-

168 2317 185 2353 rr
197 2301 241 2354 odi
256 2300 338 2354 eriam
357 2301 382 2354 in
395 2301 510 2381 privatis
527 2301 649 2354 domibus
667 2299 771 2364 uisitur,
793 2314 886 2354 eorum
901 2317 959 2356 onr-

1008 1757 1050 1796 nrs
1071 1740 1244 1796 afferuntur:
1263 1741 1313 1804 vel,
1336 1742 1426 1806 tertio,
1448 1745 1519 1810 quod
1538 1751 1643 1798 tanturn
1664 1746 1800 1801 studuerit

1008 1812 1095 1881 ipsum
1115 1819 1303 1880 argumentum
1323 1813 1455 1876 mutuari,
1475 1822 1615 1882 statusque
1634 1828 1727 1868 rerum
1746 1817 1801 1885 pri-

1007 1883 1118 1947 marios,
1139 1897 1207 1951 quos
1226 1881 1376 1935 convellere
1399 1883 1482 1936 voluit
1503 1885 1634 1939 adversus
1656 1885 1799 1953 septimana

1007 1950 1158 2016 Nicenam,
1182 1962 1239 2005 tum
1262 1951 1390 2006 adversus
1412 1951 1479 2006 alias
1499 1968 1592 2008 omnes
1613 1955 1799 2020 adversarias,

1009 2022 1090 2077 ductu
1116 2029 1144 2076 et
1168 2021 1294 2089 auspiciis
1317 2021 1525 2089 precedentium
1551 2024 1749 2093 imperatorum
1773 2027 1801 2080 in

1008 2090 1118 2147 Oriente
1132 2092 1292 2147 celebratas.
1307 2091 1374 2145 Cum
1392 2091 1476 2161 igitur
1489 2094 1516 2147 in
1534 2094 1701 2163 amplissima
1719 2096 1801 2150 totius

1008 2162 1082 2216 orbis
1096 2160 1251 2216 monarchia
1263 2177 1295 2215 ea
1306 2162 1419 2230 questio
1434 2163 1592 2217 excitaverit
1605 2164 1761 2219 teterrimas
1775 2172 1802 2220 et

1008 2231 1232 2286 virulentissimas
1247 2231 1435 2287 contentiones
1451 2243 1478 2287 et
1495 2234 1578 2297 rixas,
1597 2248 1704 2303 pugnas
1721 2243 1802 2304 atque

1009 2301 1183 2370 imperiomm
1199 2301 1385 2355 inclinationes
1397 2310 1424 2355 et
1436 2305 1590 2357 eversiones
1603 2305 1747 2368 invexerit,
1761 2314 1802 2358 at·

168 2369 242 2423 nium
268 2370 313 2440 qui
339 2370 536 2424 Christianismi
561 2369 637 2424 titulo
664 2384 724 2424 sese
751 2370 890 2424 venditant
914 2372 960 2426 de-
1009 2385 1060 2439 que
1075 2371 1154 2425 bodie
1166 2372 1352 2434 recrudescat,
1367 2379 1393 2425 et
1412 2372 1500 2441 pariat
1515 2381 1618 2427 tantum
1633 2377 1802 2442 tempestatis

168 2440 288 2507 spuenda
301 2448 327 2494 et
339 2440 440 2508 putida.
1009 2440 1036 2495 irr
1049 2440 1202 2496 Christiana
1216 2440 1362 2509 republica,
1378 2449 1457 2510 atque
1470 2442 1573 2497 lernam
1587 2446 1733 2512 quamdam
1750 2460 1802 2498 ma·

203 2507 262 2561 lam
282 2509 362 2578 igiurr
379 2510 501 2579 colligam
521 2525 581 2563 cum
598 2512 748 2564 orthodoxa
766 2509 854 2565 Garuli
872 2510 959 2580 liagrri
1009 2509 1096 2565 lorum
1118 2525 1167 2579 per
1189 2512 1342 2565 universum
1367 2513 1475 2577 orbem,
1489 2509 1700 2580 'impensissime
1724 2513 1802 2568 nohis

168 2587 196 2631 et
211 2579 292 2632 totius
304 2578 447 2634 Gallicanae
461 2579 586 2634 Ecclesiae
599 2582 670 2635 illius
683 2581 811 2650 temporis
824 2581 958 2649 opinione,
1009 2579 1152 2635 laetandum
1170 2588 1212 2635 est
1229 2581 1300 2650 quod
1315 2581 1371 2636 haec
1388 2583 1569 2637 controversia
1588 2582 1699 2637 definita
1716 2593 1745 2638 et
1756 2584 1801 2638 de-

168 2655 198 2702 ut
210 2648 433 2717 quemadmodum
451 2650 532 2703 credo
547 2665 594 2704 cas
611 2651 637 2705 in
655 2653 812 2706 abusionem
836 2652 960 2706 ferendas
1010 2651 1152 2705 terrrrinata
1171 2650 1248 2705 nobis
1264 2651 1433 2719 proponitur,
1451 2651 1573 2714 consilio,
1591 2652 1686 2707 labore
1702 2661 1731 2707 et
1747 2668 1802 2710 ma·

168 2733 221 2772 non
234 2733 308 2783 esse,
322 2718 360 2772 ita
375 2720 456 2773 ctiam
471 2722 588 2775 arbitror
602 2736 654 2775 non
671 2721 816 2784 tollendas,
839 2722 891 2774 uisi
913 2722 961 2774 ab·
1005 2718 1104 2787 jestate
1121 2720 1178 2788 ejus
1195 2720 1334 2788 principis,
1357 2736 1411 2790 qno
1430 2737 1483 2775 nou
1503 2722 1565 2775 tulit
1585 2723 1801 2790 praestantiorem

168 2803 233 2842 usus
251 2788 363 2857 gliscat:
377 2789 424 2844 sed
440 2791 467 2842 irr
485 2804 546 2844 enm
563 2806 639 2845 usum
653 2790 833 2845 traducendas
851 2805 957 2854 censeo,
1010 2799 1057 2843 arrt
1068 2791 1254 2859 triumphalem
1267 2790 1353 2861 magis
1364 2790 1531 2845 Christianus
1541 2792 1634 2846 orbis:
1648 2807 1710 2847 cum
1721 2793 1801 2847 etiam

169 2868 199 2911 ut
212 2859 348 2913 memoriae
363 2859 482 2914 subsidio
494 2868 676 2929 compareant,
692 2861 851 2930 decorisque
863 2861 959 2930 gratia.
1010 2860 1125 2928 primum
1141 2859 1261 2930 decalogi
1275 2861 1418 2913 articulum
1432 2869 1579 2929 respectet,
1595 2862 1698 2933 licique
1709 2861 1803 2932 optiui

169 2926 258 2993 Quare
274 2929 414 2997 utriusque
428 2929 574 2998 imaginum
588 2930 779 2999 usurpationis,
796 2940 851 2983 tum
866 2932 958 2994 bone,
1010 2945 1082 2983 rrtar.
1097 2931 1197 2984 cultum
1211 2938 1237 2984 et
1249 2929 1442 2983 adorationem.
1457 2930 1569 2997 Quicum
1583 2932 1711 2999 precihus
1725 2945 1804 3004 agere

170 3006 227 3051 turn
248 2999 328 3052 etiam
350 2999 441 3060 rrralae,
464 3000 587 3068 prudenti
608 3007 636 3054 et
655 3000 786 3063 consulto,
809 3001 835 3054 id
855 3007 958 3054 tantum
975 3032 997 3094 C
1012 2999 1139 3053 debentes
1151 3008 1180 3052 ut
1189 2999 1341 3067 prinripum
1352 3008 1505 3055 nostrorum
1515 3003 1596 3056 eorda
1610 3002 1638 3055 in
1650 3001 1711 3072 ejus
1725 3017 1804 3056 mana

169 3066 304 3121 sublatum
329 3068 446 3136 cupienti
464 3069 535 3136 quod
559 3071 668 3123 noxium
692 3079 748 3131 est,
767 3067 960 3138 perjucundum
1013 3070 1063 3121 sita
1075 3073 1228 3123 exstirnulet
1241 3071 1275 3123 ad
1288 3071 1376 3138 magni
1390 3069 1461 3124 illius
1474 3072 1647 3140 imperatoris
1659 3073 1748 3141 reipsa
1760 3087 1805 3126 er·

171 3136 237 3190 mibi
251 3137 363 3199 ridetur,
378 3139 530 3206 denegatio
543 3138 688 3209 imaginum
702 3140 877 3207 imposturam
892 3141 962 3192 harre

171 3212 198 3259 et
221 3216 402 3260 commentum
424 3221 440 3260 e
461 3209 561 3263 mundo
583 3207 726 3279 profligare
746 3223 753 3261 :
774 3223 875 3276 gnarus
898 3209 962 3262 item

171 3283 302 3343 quantum
323 3277 428 3344 publice
450 3277 602 3332 interfuerit
623 3279 645 3332 si
668 3279 735 3333 tanti
755 3279 884 3348 principis
907 3288 962 3331 tum

171 3346 299 3399 eximium
314 3361 380 3416 opus
400 3363 415 3401 a
432 3346 523 3403 blattis
541 3357 588 3402 aut
602 3349 681 3403 tineis
695 3350 899 3417 decoqueretur,
916 3358 962 3402 aut

172 3413 224 3470 alia
243 3417 338 3486 quavis
354 3417 430 3474 clade
450 3418 527 3473 nobis
545 3418 776 3481 intersereretur,
799 3433 880 3472 ausus
902 3433 962 3472 sum

172 3485 226 3539 ista
239 3500 318 3540 sacra
333 3495 506 3541 monumenta
520 3488 546 3541 in
560 3488 646 3544 lucem
662 3503 803 3550 revocare,
820 3490 963 3557 triumphis

172 3556 372 3611 cohonestanda
383 3557 478 3612 iterum
488 3572 538 3626 per
547 3566 633 3613 totum
642 3561 744 3620 orbem,
757 3565 784 3613 et
796 3559 850 3614 Deo
863 3559 964 3627 optirno

173 3624 244 3678 laudi
257 3626 373 3680 maxime
385 3642 502 3689 cessura,
515 3636 541 3682 ct
552 3629 602 3698 ipsi
613 3630 767 3699 irrrperaturi
778 3629 963 3698 potentissimo

173 3703 202 3748 et
211 3694 442 3752 christianissimo
455 3697 551 3752 horrori
565 3699 664 3753 futura.
682 3699 709 3754 ld
724 3714 787 3753 vero
801 3700 890 3768 operis
903 3712 963 3752 mea

174 3778 255 3834 opera
277 3766 327 3821 sibi
346 3780 447 3835 suoque
466 3769 554 3823 ordini
573 3770 725 3824 restitutum
745 3779 799 3832 est,
819 3783 872 3822 uon
889 3775 964 3822 certe

174 3847 253 3902 quam
276 3835 345 3890 belle
364 3835 526 3892 instructum
548 3841 689 3908 oportebat
710 3847 813 3893 tautum
834 3837 964 3908 principis

173 3918 255 3974 opus,
276 3907 322 3961 sed
341 3916 470 3976 quantum
484 3908 611 3964 rirecnlis
629 3910 695 3966 meis
709 3909 810 3964 conniti
827 3909 917 3977 potui,
934 3916 963 3962 ut

1013 3140 1181 3205 prirnerrdum
1201 3139 1368 3207 exeruplunr,
1390 3154 1442 3207 qno
1459 3141 1513 3195 illis'
1527 3156 1599 3195 curae
1615 3143 1652 3195 sit
1670 3151 1698 3196 et
1718 3143 1805 3196 studio

1014 3209 1120 3262 turbam
1132 3217 1160 3263 et
1173 3208 1375 3263 altercationem
1391 3209 1537 3279 religionis,
1555 3225 1605 3279 per
1624 3220 1712 3265 toturn
1730 3212 1806 3266 Chri·

1014 3278 1184 3334 stianismum
1202 3289 1385 3348 grassantem,
1404 3294 1578 3350 componere,
1596 3282 1723 3351 sanguini
1741 3282 1805 3336 lide·

1015 3346 1080 3401 lium
1097 3365 1221 3417 parcere,
1240 3348 1435 3404 ecclesiasticas
1456 3351 1618 3419 irrrposturas
1633 3358 1662 3405 et
1678 3351 1806 3405 doctrine

1015 3421 1193 3487 corruptelam
1207 3419 1354 3481 eliminare,
1371 3417 1476 3473 obviam
1491 3435 1572 3488 porro
1589 3420 1719 3475 bunranis
1735 3435 1806 3476 com·

1016 3490 1114 3543 mentis
1139 3489 1247 3558 prodire
1269 3504 1330 3543 curn
1353 3503 1422 3557 puro
1446 3494 1526 3543 verbo
1551 3490 1598 3543 liei
1625 3491 1807 3560 pugnantibus

1016 3561 1104 3627 quoad
1119 3560 1175 3613 lieri
1194 3559 1293 3627 poterit
1307 3572 1314 3610 a
1330 3573 1432 3627 suaque
1450 3558 1606 3613 inexhausta
1622 3559 1807 3615 miserioerdia

1014 3629 1169 3697 propediem
1185 3629 1263 3696 buius
1281 3628 1319 3682 rei
1338 3628 1514 3683 curriiriuudre
1526 3630 1641 3698 gratiam
1658 3630 1714 3683 illis
1725 3638 1754 3686 et
1768 3632 1808 3680 vi·

1015 3713 1060 3752 res
1079 3699 1213 3767 impertiat
1230 3714 1276 3752 rex
1294 3697 1338 3752 ille
1355 3701 1477 3753 surrrr'rurs
1490 3698 1620 3753 [fontinus
1639 3710 1748 3765 rroster,
1765 3697 1806 3753 eui

1015 3776 1126 3832 aeterno,
1142 3768 1303 3834 immortali,
1319 3767 1460 3829 invisibili,
1475 3769 1524 3822 soli
1542 3769 1660 3836 sapienti
1674 3769 1741 3834 heo,
1756 3768 1807 3822 rir-

1015 3844 1059 3892 tus
1068 3845 1096 3892 et
1107 3838 1245 3898 fortitudo,
1260 3839 1356 3901 bonor,
1367 3838 1517 3893 benedictio
1526 3848 1554 3891 et
1564 3838 1715 3908 gratiarum
1727 3838 1805 3901 aeto,

1013 3915 1042 3961 et
1054 3908 1139 3978 gloria
1153 3908 1180 3962 in
1193 3907 1290 3963 secula
1303 3908 1472 3963 seculorum.
1487 3907 1583 3962 Amen.

503 4197 827 4276 rnsrrnorvrr
856 4199 1102 4276 veranum
1131 4160 1474 4277 senrnronuu.

855 4367 1121 4388 ψ

210 4464 332 4523 Cinorus
345 4465 463 4531 Maurus,
476 4466 554 4531 libr,
567 4480 627 4535 cap·
638 4465 665 4532 6,
678 4481 707 4521 se
716 4464 796 4534 hujus
804 4465 966 4535 capitularis
981 4466 1122 4533 otissimo
1134 4465 1189 4520 illio
1201 4473 1346 4537 nostroque
1357 4465 1489 4537 spirituali
1500 4469 1632 4537 compatri
1643 4466 1744 4529 Cannio
1755 4474 1809 4548 regi

175 4547 313 4592 auctorem
335 4536 385 4589 bac
405 4535 521 4590 uindicta
545 4537 668 4590 asserit:
694 4553 703 4586 r
728 4537 891 4592 venerandae
911 4552 966 4591 rne-

175 4607 269 4662 moriae
288 4604 417 4674 genitoris
437 4605 521 4659 nostri
541 4605 716 4659 illustrissimi
734 4620 815 4674 etque
831 4605 965 4661 excellen-

176 4675 272 4732 tissimi
288 4674 352 4737 riri,
367 4673 453 4744 Pipini
469 4674 540 4744 regis
554 4690 634 4740 cura;
655 4685 682 4729 et
698 4675 829 4729 industria
844 4677 899 4731 sire
916 4677 966 4731 ad·

175 4754 256 4801 rerrtu
277 4745 303 4798 in
321 4743 425 4799 Gallias
442 4745 656 4800 reverendissimi
674 4753 701 4799 et
720 4746 883 4801 sanctissimi
898 4747 964 4810 viri,

176 4815 306 4885 Stephani
328 4815 456 4870 Romame
476 4815 550 4869 urbis
568 4817 706 4876 antistitis,
724 4824 776 4870 etc.
802 4836 811 4867 ι
836 4816 967 4885 Loquitur

175 4887 209 4942 (le
223 4886 321 4940 unione
335 4887 556 4941 caeremoniarum
582 4884 726 4941 Gallicane
753 4885 879 4940 Ecclesiae
905 4902 965 4942 cum

176 4956 307 5012 llomana.
321 4983 356 4995 -
370 4955 401 5009 Et
415 4956 461 5009 lib.
475 4970 512 5018 rr,
525 4971 584 5025 cap.
599 4958 616 5011 5
632 4974 638 5010 :
658 4975 667 5007 r
685 4957 713 5010 ln
727 4971 819 5011 eorum
832 4956 969 5025 plerisque

175 5026 242 5083 loeis
264 5026 309 5095 qui
335 5040 364 5079 se
390 5026 551 5097 imaginibus
575 5026 718 5082 luminaria
741 5034 768 5081 et
793 5027 969 5095 thymiamata

175 5097 273 5152 offerre
290 5095 445 5167 gloriantur,
465 5112 480 5150 a
497 5097 595 5164 quibus
610 5113 673 5163 nos,
693 5097 781 5167 quiid
799 5094 888 5151 facere
903 5113 970 5152 eon-

176 5167 335 5230 temnimus,
352 5166 505 5221 scandalum
526 5168 580 5235 pati
595 5178 731 5237 putamur,
750 5167 787 5221 ita
804 5167 863 5222 loca
878 5168 969 5223 divino

176 5237 259 5292 cultui
280 5237 431 5305 mancipata
449 5237 623 5318 despicabilia
642 5247 720 5301 sunt,
738 5247 768 5291 ut
788 5239 857 5292 sieut
876 5238 970 5309 legatis

175 5307 287 5368 nostris,
309 5307 365 5361 sive
385 5306 438 5361 illis
457 5321 504 5375 qur
527 5315 647 5376 tempore
662 5307 815 5363 reverendae
833 5309 970 5362 memoriae

176 5375 350 5431 illustrissimi
363 5376 413 5430 viri
426 5378 511 5446 patris
524 5377 590 5441 mei,
606 5377 662 5433 sive
676 5380 715 5434 eis
749 5378 775 5431 ui
788 5394 803 5431 a
818 5378 897 5432 nubis
910 5377 969 5432 illas

176 5455 239 5528 sunt
253 5446 380 5501 destinati
396 5446 423 5500 in
438 5454 528 5516 partes
543 5443 689 5518 [Graecini.
704 5393 883 5503 relerentibus
895 5462 970 5502 eom·

178 5528 306 5581 perimus,
321 5525 402 5571 etet

212 5584 348 5640 sorranus
363 5586 372 5639 l
405 5599 455 5653 apa
469 5585 548 5642 Rom.
563 5587 589 5642 in
604 5587 749 5658 capitulari
765 5587 969 5657 responsionum

178 5652 212 5707 ad
225 5653 275 5708 hcc
287 5655 375 5710 Caroli
387 5599 476 5727 ltagni
490 5657 645 5729 capitulare
659 5677 665 5712 :
684 5677 693 5710 r
711 5658 825 5713 Domino
837 5657 970 5713 excellen-

1017 4538 1181 4593 Francorum
1198 4543 1225 4592 et
1242 4535 1478 4604 Longobardcrum
1496 4552 1528 4592 ac
1546 4538 1664 4606 patricio
1677 4541 1811 4602 Romano-

1017 4622 1092 4670 rum,
1111 4606 1244 4660 ddrianus
1262 4621 1341 4676 papa.
1360 4625 1370 4658 ι
1386 4606 1420 4660 lit
1438 4614 1499 4674 post
1517 4621 1625 4676 pauca:
1650 4628 1659 4660 r
1677 4611 1809 4669 braum

1017 4678 1147 4732 directum
1162 4691 1176 4727 a
1193 4682 1281 4730 restra
1297 4675 1504 4730 clementissima
1518 4677 1648 4744 praecelsa
1663 4683 1749 4753 regali
1765 4698 1812 4755 po-

1017 4746 1102 4801 tentia
1121 4744 1225 4800 fidelem
1246 4743 1405 4800 familiarem
1425 4754 1561 4809 vestrum,
1578 4747 1706 4805 vilelicet
1725 4753 1813 4823 111111-

1017 4817 1122 4870 bertum
1136 4815 1259 4869 abbatem
1273 4822 1301 4868 et
1314 4814 1467 4869 ministrum
1480 4815 1605 4884 capelle,
1624 4821 1673 4888 qui
1693 4835 1762 4890 pene
1779 4824 1812 4878 ab

1017 4886 1083 4957 ipsis
1102 4883 1221 4939 infantie
1239 4885 1398 4938 rudimentis
1417 4885 1444 4939 in
1461 4884 1562 4954 palatio
1575 4897 1669 4944 restro
1681 4893 1813 4948 enutritus

1018 4965 1076 5022 est,
1090 4962 1117 5010 et
1128 4955 1156 5008 iu
1169 4954 1294 5009 omnibns
1305 4954 1425 5009 consiliis
1437 4956 1534 5010 restris
1547 4967 1675 5027 receptus
1688 4977 1697 5016 a
1712 4971 1741 5018 et
1754 4964 1814 5018 iden

1019 5027 1088 5082 sieut
1104 5042 1119 5080 a
1136 5025 1213 5079 robis
1228 5024 1339 5078 inomni
1353 5024 1536 5080 familiaritate.
1548 5028 1690 5098 recipitur,
1706 5032 1745 5086 ita
1758 5041 1814 5087 eta

1019 5097 1097 5151 nobis
1116 5096 1281 5163 reciperetur
1293 5103 1320 5148 et
1332 5095 1512 5150 condecenter
1528 5096 1721 5154 honoraretur.
1739 5101 1814 5157 Unde

1019 5181 1069 5235 pro
1086 5165 1169 5220 nimio
1185 5178 1277 5218 amore
1291 5178 1370 5232 quern
1386 5180 1450 5235 erga
1462 5175 1580 5221 vestram
1598 5169 1756 5225 mellifluam
1770 5186 1815 5242 ge

1021 5237 1105 5289 rimus
1120 5233 1236 5303 regalem
1250 5234 1451 5300 excellentiam,
1465 5237 1534 5291 sicut
1546 5237 1679 5305 misistis,
1697 5257 1760 5296 curn
1775 5241 1815 5296 ni·

1020 5305 1075 5360 mio
1100 5318 1193 5358 amore
1219 5303 1368 5360 dulcedinis
1394 5307 1500 5361 erimine
1527 5321 1589 5360 euro
1614 5311 1688 5365 susci
1708 5312 1813 5373 ientes,

1021 5383 1102 5445 prout
1120 5374 1221 5437 voluit,
1244 5383 1271 5428 et
1290 5375 1406 5443 qualiter
1428 5390 1489 5430 curn
1513 5390 1609 5447 magna
1631 5377 1816 5436 familiaritate

1023 5446 1099 5501 nobis
1110 5451 1282 5499 enarrantem
1298 5445 1395 5510 voluit,
1413 5461 1478 5501 anre
1493 5445 1617 5528 placabili
1629 5457 1658 5504 et
1669 5458 1761 5506 mente
1770 5451 1814 5504 be·

1023 5518 1102 5638 rigna
1119 5530 1181 5568 eum
1198 5515 1374 5594 suscepimus,
1386 5524 1499 5585 etquasr
1511 5522 1600 5571 restra
1616 5520 1753 5589 corporali
1770 5517 1827 5592 1111

1023 5585 1145 5640 colentia
1165 5585 1243 5639 nobrs
1261 5595 1389 5639 narrante
1406 5594 1528 5640 nostrum
1547 5587 1573 5640 ei
1592 5590 1742 5658 patieutrus
1759 5602 1814 5642 ere·

1023 5657 1139 5712 didimus
1149 5653 1302 5721 consilium,
1315 5655 1347 5709 arl
1359 5654 1508 5725 profectum
1525 5667 1627 5713 sarrrt‘c
1644 5669 1746 5715 nostre
1764 5658 1813 5713 fle·
