3780 6120
151 341 203 398 559
596 339 625 392 Β.
645 337 771 394 calleci
792 335 896 391 lilexi
917 334 991 390 OPP.
1010 333 1100 390 Pstis
1120 335 1140 390 f.
1162 334 1287 394 sectio
1303 336 1349 394 lii.
1605 361 1609 368 ·
1742 343 1801 400 ste

152 459 273 505 temnere
288 448 489 520 mandent.
501 446 578 514 Quod
589 448 637 502 sie
654 447 946 516 plenilnninm‚qnarto
963 452 980 503 l
998 444 1100 500 eandm
1109 456 1137 501 et
1150 448 1184 504 ab
1195 447 1316 506 Ecclesia
1327 463 1388 506 esse
1403 451 1570 523 abjiciendos
1586 468 1729 514 marcinus
1739 457 1772 527 ⁶3
1787 481 1798 514 a

152 536 258 595 decimo
271 538 428 601 scilieetdie
442 537 548 602 lunari,
567 544 689 591 sanctum
712 535 816 591 l‘ascira
838 536 949 590 nrinime
999 537 1052 591 etsi
1068 545 1158 593 tamen
1176 543 1372 598 contentiosius
1396 543 1510 600 adversa
1531 560 1563 600 ea
1578 562 1639 618 quae
1653 548 1722 605 bene
1737 559 1800 608 sunt

152 633 187 688 sit
199 633 373 696 celebratum,
385 631 431 686 sed
442 629 626 700 praetermisso
636 629 730 684 eodem
748 627 949 698 quintodecimo
1000 633 1100 682 matuta
1112 630 1299 698 perstiterunt,
1312 633 1493 691 atrocioribus
1505 650 1587 706 porro
1604 635 1721 709 [bamt.,
1730 638 1801 716 iore]

153 723 205 786 die,
222 723 250 777 in
266 721 320 778 alio
335 721 473 792 Quantis
486 721 644 790 septimanae
654 720 805 784 Dominico,
822 719 894 789 quod
906 729 949 774 est
1001 719 1195 776 summissuros
1220 722 1456 780 interdictionibus
1478 737 1652 783 censuerunt.
1678 728 1748 785 Nam
1772 741 1801 788 ct

152 813 414 878 vicesimosecundo
429 813 499 867 luam
520 811 574 876 die,
597 810 732 880 paschalis
760 809 821 865 festi
851 809 948 880 gandia
1001 814 1377 889 beatissimusllionysinsca
1397 821 1533 891 quamde
1562 824 1667 879 ratione
1689 823 1802 884 Pasebae

152 903 625 976 pronuntianturcelebranda.erod
637 904 658 958 si
671 902 783 957 interius
795 910 950 972 menteper-
1000 906 1101 975 promit
1112 908 1234 979 epistola,
1248 909 1284 963 ita
1298 909 1336 964 ait
1352 928 1359 964 ε
1383 931 1391 961 t
1409 910 1608 969 Adnodeeimo
1618 914 1804 972 Kalendarum

152 998 279 1066 penditur
292 996 382 1068 magni
393 1012 425 1052 ae
442 996 588 1051 venerandi
602 995 701 1049 Nicacni
722 993 828 1048 concilii
844 1000 949 1047 trecen·
1000 994 1134 1066 Aprilium
1143 998 1188 1054 die
1197 1009 1356 1056 cunctorum
1368 1000 1549 1059 Orientalium
1565 1006 1803 1079 sententia,aequi·

154 1097 243 1143 torum
254 1088 348 1143 decem
361 1093 389 1142 et
404 1095 467 1142 octo
481 1094 636 1140 sanctornm
646 1084 759 1138 latrum
780 1081 860 1137 simul
885 1095 949 1136 con·
1000 1089 1084 1144 neem
1105 1106 1201 1147 eureus
1228 1092 1347 1150 ,efflans
1372 1104 1567 1165 consequatur,
1592 1096 1800 1153 (pomerum,

152 1178 320 1233 venientium
327 1177 496 1247 pronlulgald
506 1173 676 1235 paschalium
684 1170 948 1235 festivitatmnralio,
1001 1181 1119 1236 maxime
1126 1182 1316 1254 AEpyptiopum
1329 1184 1467 1256 peritiam,
1482 1187 1542 1257 qni,
1554 1194 1583 1241 nl
1595 1188 1675 1258 hujus
1687 1172 1802 1246 calcula.

153 1270 247 1343 Ploelll
263 1271 345 1326 dssbl⁰
367 1269 456 1323 ⁰¹¹¹¹¹l⁵
471 1283 549 1323 fimf
573 1265 714 1334 0¹⁰¹¹l⁸i¹¹0
736 1264 897 1334 imbldulffl
916 1265 949 1319 ‘lb
1001 1275 1084 1330 tionis
1097 1279 1176 1346 gerari
1193 1279 1319 1348 doctique
1343 1287 1414 1343 sunt,
1431 1279 1619 1350 inquirendam
1645 1283 1802 1353 specialiter

154 1360 337 1417 haesitantium
355 1358 482 1413 cordibus
502 1354 657 1419 aufelelssl3
677 1355 723 1410 sed
746 1355 809 1410 dtttu
829 1354 950 1426 plerique
1001 1365 1147 1419 adnotatur
1162 1366 1185 1432 f,
1203 1367 1229 1421 in
1246 1383 1299 1436 quo
1310 1368 1417 1422 etiamsi
1433 1368 1494 1423 luna
1509 1371 1713 1438 quartadecima
1728 1373 1800 1429 cele·

154 1452 263 1524 propria
278 1458 478 1508 commentam
492 1449 790 1519 acuti,perspieaceset
808 1449 950 1503 rrrundetuu
1001 1455 1134 1510 beandum
1147 1455 1261 1522 Pascha,
1279 1461 1501 1531 sanctasynodus
1513 1460 1644 1518 8lllemaa
1667 1464 1727 1520 sine
1745 1481 1805 1521 am-

155 1545 276 1602 soientiae
303 1543 390 1613 gnari,
419 1541 549 1612 spiritalis
576 1556 641 1596 vero
668 1538 827 1595 eruditionis
852 1538 948 1609 ignari,
1002 1547 1133 1617 begnitate
1151 1548 1335 1604 qemavpa,

155 1635 299 1692 vendicare
322 1633 470 1697 desudant,
489 1632 619 1687 olitanam
642 1631 753 1686 l‘atrum
776 1630 950 1687 traditionem
1036 1636 1183 1700 Attendite,
1203 1639 1371 1695 dilectissimi
1391 1641 1479 1705 nobis,
1491 1651 1519 1695 et
1534 1641 1599 1697 illud
1613 1644 1684 1713 qnod
1704 1646 1805 1702 beatus

154 1727 290 1785 desidiosa
306 1726 412 1796 ignavia
430 1732 605 1794 preteream,
617 1732 644 1778 et
659 1739 721 1778 vera
738 1721 877 1777 incirdacio
900 1723 949 1778 ob·
1002 1728 1141 1784 Protcrius
1160 1729 1352 1786 Alexandrinas
1368 1732 1491 1787 ecelesiae
1511 1732 1625 1801 praesul,
1645 1734 1813 1804 praedeces:

155 1822 283 1876 umbrare
298 1818 413 1875 initiant.
968 1805 990 1864 Β
1004 1821 1060 1876 sori
1073 1832 1167 1876 nostro
1181 1821 1338 1876 beatissimo
1354 1821 1438 1876 leoni
1452 1837 1538 1892 papa,
1550 1823 1585 1878 eb
1595 1823 1648 1894 piae
1660 1827 1804 1882 memoriae

190 1910 218 1964 ln
236 1908 441 1979 eodemquippe
460 1923 558 1978 taragna
575 1906 952 1964 Nicaeaeconcillodecenno-
1003 1908 1132 1966 Marciani
1159 1900 1289 1982 principis
1311 1908 1434 1980 jussum,
1457 1911 1576 1979 direxit;
1601 1923 1661 1983 post
1682 1916 1803 1987 plurima

154 1999 260 2055 vcnnali
276 2001 353 2070 cyclo
365 1997 475 2054 Patrnm
490 1999 650 2054 confirmato
667 1998 812 2062 sententia,
827 1998 864 2052 lta
882 1999 952 2052 iuter
1002 2005 1074 2060 enim
1100 2005 1137 2059 ita
1162 2005 1201 2059 ait
1218 2018 1226 2057 :
1246 2002 1341 2059 «Olim
1363 2003 1462 2075 qnippe
1484 2003 1615 2060 Dominus
1641 2004 1725 2077 (m
1751 2020 1804 2076 per

155 2098 254 2144 caetera
271 2089 370 2146 ibidem
386 2087 472 2145 fertur
486 2089 792 2161 promulgatnmrquod
816 2105 870 2144 non
893 2104 951 2143 am·
1003 2094 1112 2165 lfoysen
1135 2092 1238 2166 [lariti.
1263 2092 1326 2147 odd.
1349 2102 1456 2164 tempus
1483 2093 1620 2167 paschale]
1643 2095 1800 2166 significans

155 2180 226 2248 plius
236 2194 318 2250 quam
330 2195 416 2249 usqne
431 2180 465 2233 ad
479 2181 635 2235 vicesimam
648 2180 763 2250 primam
785 2180 854 2235 lutire
880 2179 952 2234 diem
1002 2183 1067 2240 dicit
1081 2181 1178 2255 (Ecod.
1192 2183 1242 2255 xri)
1255 2199 1262 2237 ε
1277 2182 1376 2239 ffcttsis
1395 2186 1445 2239 iste
1461 2185 1531 2239 robis
1544 2185 1647 2238 initiam
1658 2188 1802 2255 ruentium,

156 2268 238 2338 lartius
249 2283 333 2324 sacre
347 2268 503 2326 festivitatis
520 2271 650 2325 solemnia
666 2270 813 2325 dilatentur
826 2280 851 2322 ⁰.
866 2269 953 2336 Quam
1001 2277 1102 2347 prim-ee
1122 2278 1171 2331 evit
1185 2276 1213 2330 in
1228 2277 1359 2330 meraciter
1379 2277 1458 2340 onai,-
1477 2285 1502 2330 et
1521 2275 1603 2347 {acies
1621 2275 1724 2332 Pascite
1743 2278 1801 2334 llo-

155 2361 266 2416 Paschae
276 2363 442 2441 ratimesuet
452 2361 952 2417 Antiochenamdemumvencrandum
1002 2365 1073 2419 ritino
1086 2365 1142 2419 fleo
1162 2375 1217 2430 teo,
1234 2374 1330 2436 quarto
1344 2365 1446 2419 decimo
1466 2366 1508 2420 die
1527 2367 1801 2437 marcescentem

155 2451 237 2523 397
247 2444 427 2508 corroborans
437 2450 591 2518 concilium,
611 2452 682 2507 inter
699 2451 811 2522 reliqua,
826 2448 863 2505 ita
876 2449 950 2514 inibi,
1001 2463 1063 2525 post
1086 2471 1171 2526 pauca
1198 2455 1338 2527 sntqnmit
1361 2458 1454 2512 dicens
1469 2473 1477 2512 ε
1492 2476 1501 2508 t
1518 2459 1547 2513 Si
1571 2459 1679 2528 qnando
1700 2460 1727 2515 in
1753 2462 1802 2517 die

155 2546 182 2600 in
194 2548 282 2616 priruo
295 2545 398 2602 scilicet
412 2545 821 2616 capitulo,constatexaratum:
834 2543 954 2601 «Omnes
1003 2546 1143 2602 flaminica
1158 2556 1255 2617 quarta
1277 2546 1380 2602 iliciana
1398 2546 1461 2601 farm
1482 2556 1602 2618 reperta,
1622 2548 1649 2603 in
1671 2550 1801 2620 sequenti

155 2637 202 2707 qni
226 2637 286 2693 arisi
305 2635 406 2693 fuerint
432 2636 579 2693 dissolvere
604 2635 789 2692 definitionem
816 2633 902 2690 sancti
926 2642 954 2690 et
1003 2637 1152 2708 septimana
1175 2644 1217 2692 est
1236 2637 1372 2693 dilatanda
1394 2636 1535 2703 festivitas,
1549 2641 1619 2694 sieut
1641 2648 1669 2695 et
1691 2650 1800 2698 veteres

156 2730 246 2800 rtragni
275 2729 377 2786 liicaeni
411 2729 530 2795 concilii,
553 2729 708 2799 congregati
733 2729 784 2782 sub
809 2726 952 2797 praesentia
1002 2728 1098 2784 Patres
1110 2728 1197 2784 nostri
1215 2728 1347 2794 fecerunt,
1360 2730 1592 2799 quartasdecimas
1608 2730 1688 2788 lunas
1698 2748 1800 2788 oecur-

155 2824 271 2896 piissimi
294 2832 323 2879 et
339 2823 561 2880 venerandissimi
579 2823 709 2894 principis
726 2822 906 2889 Constantini,
921 2824 954 2879 de
1004 2832 1094 2878 rentes
1106 2824 1133 2877 in
1145 2823 1227 2876 aliam
1240 2822 1408 2878 Dominicam
1422 2822 1617 2881 transferentes
1633 2825 1655 2878 ἰ.
1673 2845 1683 2876 r

156 2914 294 2971 salntifcra
321 2915 410 2972 sancti
431 2914 543 2970 Paschae
565 2914 744 2978 solemnitate,
767 2916 953 2971 exeommuni·
1040 2913 1115 2970 Unde
1130 2921 1246 2979 constat,
1261 2912 1445 2981 dilcct'ssimi,
1457 2929 1510 2971 non
1525 2915 1641 2985 atriplins
1656 2913 1737 2986 buius
1750 2932 1800 2972 re-

157 3092 385 3158 eemnnvcrmalis,
400 3108 447 3148 seu
461 3106 560 3148 aurem
573 3108 710 3155 numerus.
723 3093 758 3147 ab
779 3093 872 3147 eadem
887 3106 949 3162 syn·
1003 3093 1045 3148 las
1062 3093 1089 3147 in
1106 3104 1240 3219 apparatu
1258 3092 1419 3148 Baroniante
1442 3092 1508 3149 edit.
1531 3093 1632 3150 bacen.
1654 3093 1729 3167 (paq.
1743 3094 1800 3149 tlt

156 3161 210 3218 odo
226 3163 376 3228 institutus,
392 3163 535 3218 Ambrosio
546 3171 614 3218 teste
628 3164 681 3234 (ep.
694 3163 728 3217 ad
740 3163 824 3232 episc.
841 3161 947 3234 AEmil.)
961 3151 986 3216 C
1001 3162 1100 3274 seqq).
1158 3179 1203 3218 aa.

157 3233 537 3374 :itiittltiiilfiitl
552 3231 951 3359 litabiliilliiiilti
1001 3233 1800 3375 ,a„iiailiattlitait‘iiiilliiisatiata

157 3374 308 3429 Ecclesiam
321 3376 382 3429 vide
400 3389 444 3444 ap.
465 3375 546 3428 (Iani.
572 3374 651 3429 Naris
677 3373 710 3427 dc
736 3371 858 3433 Porclteli
879 3373 951 3426 lati·
1001 3386 1093 3430 monet
1109 3374 1183 3429 falsae
1195 3375 1302 3430 illorum
1318 3373 1463 3443 opinionis,
1476 3345 1526 3445 ’qni
1540 3382 1642 3431 sanctae
1658 3376 1717 3431 sedi
1735 3392 1800 3430 earn

158 3460 251 3498 norum
271 3444 353 3515 rpclo.
371 3446 448 3499 Tem.
462 3445 491 3510 ll,
506 3444 571 3499 edit.
588 3446 685 3498 Veron.
699 3442 795 3498 Nostra
813 3443 885 3498 enim
898 3459 951 3498 non
1001 3445 1153 3500 versionem
1169 3446 1316 3514 appingunt
1329 3445 1364 3499 ab
1376 3444 1432 3513 ipsa
1444 3443 1503 3511 eius
1517 3445 1632 3517 onprie.
1647 3445 1714 3503 Vide
1723 3461 1798 3501 com·

159 3514 272 3570 interest
290 3515 465 3586 multiplicem
482 3517 514 3570 de
530 3515 661 3571 l’ascltatc
674 3515 825 3570 doctrinam
845 3515 898 3570 lruc
911 3514 951 3568 af·
1002 3525 1087 3570 ment.
1100 3529 1184 3585 praev.
1197 3522 1284 3585 (litun.
1297 3514 1331 3568 15
1346 3514 1446 3583 seqq).
1460 3516 1499 3570 lo.

158 3583 240 3639 ferre.
259 3584 373 3652 Quando
392 3586 534 3656 pontifices
548 3585 678 3640 desierint
693 3599 741 3640 eas
762 3585 867 3639 litteras
889 3598 952 3653 pas·
1039 3597 1051 3626 ⁶
1070 3585 1166 3640 bamb.
1185 3584 1260 3657 addit
1271 3603 1278 3639 ε
1291 3585 1458 3638 decreuerunt
1475 3583 1711 3656 semem-puericie
1729 3601 1798 3639 aaa·

158 3655 249 3710 ebales
274 3655 382 3711 mittere
402 3659 429 3711 in
453 3656 627 3726 provincias,
644 3656 788 3710 incertnm.
801 3653 951 3709 Adriartmn
1002 3658 1123 3728 altipert
1136 3654 1212 3709 illam
1227 3655 1295 3710 diem
1309 3653 1503 3718 celebrandurn,
1519 3664 1543 3709 et
1560 3657 1710 3710 mine...

158 3740 224 3781 vcro
251 3741 285 3781 cx
312 3727 394 3782 veteri
409 3728 532 3782 institnto
546 3726 573 3781 id
588 3727 684 3783 fecisse
699 3725 763 3781 ltine
777 3725 887 3781 evidens
897 3734 951 3780 est.
1040 3726 1050 3766 ¹
1071 3725 1134 3781 llec
1145 3727 1244 3788 corriel
1256 3733 1409 3795 possunter
1416 3725 1538 3796 sequenti
1550 3724 1682 3795 Epistola.
1692 3724 1799 3781 (iners.

158 3795 242 3850 ilcan.
1040 3796 1167 3851 fLamb.
1184 3781 1474 3866 addittirrqttt'rendmn
1493 3811 1559 3849 esre.
1580 3794 1684 3850 itatem
1695 3812 1801 3867 qaoque

144 3877 145 3880 ’
195 3866 310 3921 ¹bocue
322 3876 476 3938 corruptus.
490 3867 676 3934 Quorumdam
691 3866 718 3921 in
734 3865 870 3936 llispaniis
893 3867 951 3923 lime
1001 3867 1150 3939 specialiter
1161 3866 1313 3928 adnotatur,
1332 3865 1401 3935 qaod
1412 3866 1434 3918 ri
1449 3865 1512 3919 leae
1527 3864 1725 3936 quertadecirnn
1739 3866 1798 3920 aab

159 3943 218 3990 erat
229 3938 374 4000 sententia,
387 3947 417 3992 nt
435 3940 458 3994 si
481 3939 658 4008 pletailnninm
673 3938 805 3992 existeret
827 3938 870 3992 die
890 3938 952 3992 sab·
1003 3939 1064 3993 lato
1075 3937 1219 4007 cortinqnt,
1232 3937 1347 4006 sequenti
1359 3933 1496 3989 flaminica
1514 3935 1577 3988 inita
1590 3935 1683 4006 quinta
1696 3935 1801 3989 decimo

157 4006 225 4072 bati,
241 4014 323 4078 atque
332 4007 400 4063 adeo
414 4009 447 4063 fl
460 4009 525 4064 lutra
538 4009 680 4063 sabbatum
691 4015 773 4069 esset,
784 4009 883 4076 pascha
897 4020 951 4062 non
1003 4005 1186 4063 celebrandam
1198 4007 1233 4059 rit
1245 4005 1359 4066 Parcite,
1369 4004 1439 4074 qaod
1450 4006 1526 4059 ctiam
1537 4014 1630 4058 macte
1641 4005 1771 4074 synodus.

158 4075 344 4134 celebraretur
366 4079 488 4148 sequenti
510 4077 545 4132 ts
567 4077 619 4139 dic,
632 4078 696 4132 licet
714 4085 787 4130 esset
801 4075 951 4142 flaminica,
1038 4076 1129 4131 lllon
1155 4084 1197 4130 est
1224 4076 1270 4130 laic
1295 4074 1363 4129 alins
1389 4089 1471 4144 quam
1495 4074 1639 4146 lliouysius
1665 4074 1715 4129 lixi
1744 4090 1800 4140 rus,

158 4146 207 4202 ted
219 4145 415 4203 differretnriu
432 4160 487 4203 xtn
504 4148 587 4204 diem.
606 4147 681 4202 lianc
693 4145 848 4217 opinionem
868 4159 953 4215 oppu-
1003 4146 1080 4212 cttjtts
1100 4162 1115 4200 e
1135 4146 1229 4202 istolas
1251 4160 1337 4214 nuper
1363 4144 1516 4200 laudabam.
1530 4145 1566 4198 tit
1581 4145 1702 4214 pontifex
1744 4144 1800 4200 aud

160 4223 226 4288 qaut
238 4216 371 4342 pontifex
396 4232 510 4288 eamque
536 4219 639 4289 synodo
664 4214 780 4271 Nicaeum
813 4215 952 4271 adversari
1003 4218 1084 4272 dubie
1130 4216 1316 4270 lexanlrinnm
1333 4215 1510 4269 crediditis
1527 4230 1622 4296 earnm
1639 4223 1732 4269 antem
1745 4216 1803 4297 pri·

158 4293 237 4342 osten
259 4290 289 4342 it.
305 4287 369 4343 llaec
390 4295 529 4343 marronea
545 4287 668 4357 sequenti
696 4285 830 4355 epistola,
855 4285 901 4340 ubi
919 4287 953 4342 de
1003 4303 1046 4342 mu
1062 4286 1246 4341 restituendus
1260 4285 1305 4342 bie
1321 4285 1407 4348 locns,
1426 4300 1479 4339 erin
1500 4301 1534 4340 ex
1550 4286 1671 4353 ernsdem
1684 4284 1799 4340 Adriani

159 4357 254 4412 eodem
268 4365 426 4426 argumento
450 4358 548 4412 itenrm
568 4357 720 4421 disseritur,
734 4355 870 4425 mergere
889 4355 953 4412 lice·
1003 4356 1126 4427 epistola,
1144 4365 1173 4411 nt
1192 4364 1284 4411 monet
1300 4355 1444 4411 Gretserus
1462 4363 1489 4410 et
1501 4354 1663 4410 lambecius
1675 4356 1820 4425 exsequi-³

160 4426 210 4480 bit.
226 4425 352 4481 Peccavit
369 4429 441 4483 carim
455 4427 584 4483 librarios
602 4426 747 4485 omissione
762 4426 950 4497 quorumdam.
990 4439 1057 4499 ⁴tur,
1071 4428 1171 4495 ubique
1184 4428 1257 4480 enim
1273 4425 1384 4480 mutilus
1399 4439 1431 4480 ac
1443 4425 1606 4495 depravatus
1617 4426 1749 4480 occurrit.
1761 4425 1802 4481 lta

160 4493 264 4550 dieas.
965 4499 1086 4571 pigitur
1100 4497 1264 4568 Dionysius:
1282 4515 1291 4546 a
1305 4497 1370 4563 Quae
1383 4494 1470 4567 (larnai
1483 4497 1545 4565 qnia
1563 4510 1625 4551 cnm
1640 4495 1706 4551 solis
1718 4510 1803 4551 cnm

196 4564 319 4622 bLamb.
336 4568 417 4624 tabet
430 4586 438 4623 ε
450 4568 531 4633 tane,
542 4568 650 4624 mileto
667 4567 817 4638 centiperit,
835 4565 889 4620 alio
909 4567 952 4622 dic
1006 4585 1059 4624 non
1077 4567 1217 4638 aqualiter
1229 4567 1354 4628 volvitur,
1370 4575 1507 4621 tantorum
1524 4566 1630 4621 dierum
1642 4565 1740 4635 spatiis
1754 4581 1803 4622 oo·

160 4635 308 4703 Dortiuico,
324 4637 441 4694 videficet
452 4639 644 4710 quintodecimo
658 4638 727 4691 frene
739 4636 793 4691 die.
1006 4654 1114 4694 cursum
1129 4638 1247 4692 vernalis
1265 4636 1420 4706 aequinoctii
1434 4646 1625 4706 consequatur,
1638 4638 1687 4706 qni
1701 4651 1717 4690 a
1733 4637 1810 4692 dno·

199 4705 307 4764 ettam
322 4708 354 4782 (l.
373 4725 398 4765 c.
417 4726 445 4780 p.
458 4708 521 4779 1186)
535 4708 736 4773 animadvertit,
753 4722 838 4776 usqne
857 4708 891 4762 ad
906 4723 951 4762 an,
1005 4710 1111 4764 decimo
1123 4706 1302 4762 Kalendarum
1316 4707 1449 4776 Aprilium
1460 4705 1505 4761 dle
1524 4716 1684 4762 canetenim
1703 4704 1803 4763 Orien·

160 4777 223 4843 151,
236 4777 326 4836 leone
339 4779 436 4851 lfagno
486 4780 586 4845 artace,
599 4779 709 4834 Latinos
723 4779 793 4834 inter
812 4794 843 4833 ac
860 4778 954 4833 (irien-
1006 4780 1099 4834 talium
1116 4779 1314 4841 sententiistct
1335 4775 1655 4847 rnarximeAEqyptionrm
1678 4777 1726 4847 qni
1747 4777 1803 4830 cal·

160 4848 439 4906 talcscontroversnm
463 4850 534 4905 nisse
544 4851 643 4922 pasclra
655 4850 718 4905 luna
728 4849 832 4904 decima
847 4848 953 4919 quinta,
1004 4849 1148 4905 erilaitionis
1164 4864 1219 4918 prae
1231 4848 1357 4902 cenninus
1367 4847 1443 4917 gnari
1457 4856 1528 4909 snm,
1550 4847 1705 4918 specialiter
1717 4848 1803 4900 adtro-

161 4935 194 4974 ac
207 4920 318 4976 Victorii
330 4922 457 4992 Aquitani
471 4923 560 4977 verbis
574 4921 669 4985 ntitnr,
682 4920 759 4990 queis
776 4919 894 4975 ostendit
905 4934 953 4975 cnr
1005 4928 1086 4974 tatnr.
1110 4919 1138 4973 ln
1155 4935 1210 4988 qno
1225 4919 1330 4973 etiamsi
1352 4917 1415 4971 inm
1437 4917 1542 4972 decirm
1565 4927 1662 4986 qnarta
1684 4916 1803 4971 sabbato

160 4988 251 5044 Latini
263 4992 363 5060 pascha
381 4991 522 5049 differrent
542 4992 576 5047 ad
601 4991 692 5046 lurtum
715 5007 783 5045 xxti.
808 5009 817 5041 i
837 4988 950 5058 Potius,
1004 4988 1149 5058 convaleant
1166 4989 1248 5059 (qnod
1273 4987 1357 5044 semel
1379 4988 1406 5041 in
1423 4988 1567 5057 noaraglnta
1587 4987 1802 5071 quinquennale

159 5059 256 5130 inquit,
273 5062 300 5116 in
323 5062 415 5118 latram
431 5077 487 5118 xxn
508 5063 579 5120 diem
597 5060 658 5118 festi
671 5061 806 5133 paschalis
820 5061 952 5126 extendi,
1003 5061 1126 5116 accidere
1146 5057 1321 5114 manifestum
1343 5056 1408 5130 esti,
1435 5060 1560 5140 sequenti
1576 5057 1623 5112 dre
1644 5057 1812 5122 flaminica,-

158 5146 240 5201 quam
255 5132 421 5188 bontlnicarn
435 5134 589 5204 passionem
608 5141 670 5188 ante
687 5134 779 5187 lainam
794 5147 839 5186 xiv
857 5131 953 5186 ullate-
1002 5130 1082 5186 idest
1094 5130 1237 5185 undecimo
1249 5129 1384 5185 Kalendas
1398 5126 1499 5196 Aprilis
1511 5128 1575 5182 ltine
1588 5127 1691 5183 decima
1704 5126 1812 5196 qeima

158 5217 210 5258 nus
225 5203 358 5260 inchoari.
378 5224 387 5257 v
409 5202 498 5271 Quare
512 5204 692 5274 llispanorum
706 5219 784 5258 error
799 5202 953 5258 comuzunis
1002 5201 1194 5257 celebrandum
1207 5201 1308 5269 paseha
1321 5201 1416 5254 eadem
1427 5206 1522 5254 sancta
1534 5199 1655 5271 synodus
1665 5197 1730 5253 siae
1743 5211 1805 5252 am·

158 5272 724 5330 olimeratbatinornrn.dtsextotantlem
737 5271 950 5343 saeculocyclum
1001 5269 1399 5352 biguitatefipnavit.rccnn.
1434 5303 1463 5350 ⁹-
1599 5337 1606 5351 ·
1782 5338 1790 5351 .

158 5342 712 5428 abionpsioadlllexamlrinumamussim
722 5342 905 5400 reformatum,
920 5352 950 5397 nt
1041 5342 1049 5381 ἰ
1071 5340 1211 5395 Protcnns
1223 5339 1422 5394 alexandrinus
1430 5353 1508 5408 Jnssu
1525 5337 1655 5393 llarcraul
1670 5336 1804 5409 lupum,

159 5420 235 5466 notat
257 5417 327 5471 idem
339 5416 418 5473 Neris
430 5416 467 5488 (p.
485 5414 560 5489 itt),
573 5415 600 5470 in
613 5416 688 5470 ltalia
699 5415 849 5484 praesertim
864 5414 950 5468 admi·
1000 5424 1081 5534 :luem
1094 5410 1216 5481 pontifex
1232 5410 1312 5492 enixe
1328 5417 1455 5464 oraverat
1472 5417 1502 5490 ut
1522 5422 1579 5464 rem
1598 5407 1758 5478 pasclralern
1777 5408 1804 5492 ei

159 5482 948 5555 serant,servaruntqneorthodoaiusqueadlialendarium
1019 5481 1144 5550 iliqcnter
1165 5479 1372 5535 cxarrnnandam
1392 5486 1576 5534 eomnrttteret
1599 5477 1688 5550 (fatet
1705 5476 1812 5533 beaute

159 5547 293 5608 Liliaunm
313 5571 328 5609 a
349 5557 480 5627 Gregorio
503 5556 562 5614 xiil
583 5557 735 5628 probatum,
752 5571 785 5610 ae
805 5561 947 5626 propterea
1001 5554 1078 5621 epist.
1100 5561 1157 5623 poet
1168 5550 1225 5622 tis),
1239 5550 1373 5606 celebrem
1389 5548 1462 5604 illam
1474 5546 1618 5619 epistolam
1633 5547 1717 5604 femi
1733 5549 1806 5604 teri·

159 5620 260 5676 dietum
282 5623 472 5694 Greporirrrrent
489 5646 503 5683 a
519 5629 585 5681 trunti
607 5627 750 5681 assertoris
773 5625 892 5681 nornine.
907 5624 948 5679 irl-
1000 5622 1064 5691 psit,
1079 5621 1155 5689 caritas
1174 5622 1296 5675 meminit
1314 5620 1386 5676 [leda
1405 5620 1456 5693 llic
1477 5629 1528 5673 rot.
1552 5627 1683 5690 ωηο,
1708 5617 1756 5691 42)
1774 5628 1810 5676 et·

159 5693 233 5748 circo
242 5692 380 5750 Adrianus
394 5695 527 5765 llispanos
540 5697 602 5765 iure
616 5699 704 5767 negarit
720 5693 948 5764 essoletnmjarn-
1001 5707 1062 5761 qne
1076 5691 1231 5761 pornideent
1248 5690 1338 5759 coegit
1354 5691 1527 5760 acquiescere
1540 5689 1567 5744 itt
1583 5686 1803 5745 Paarhneoele·

160 5763 205 5820 diu
220 5776 502 5822 morena-revocantes.
516 5768 712 5841 bidellionyrii
735 5767 832 5837 Exigui
847 5766 947 5837 episto-
1000 5760 1237 5818 lacrimantes.
1252 5761 1316 5817 lude
1333 5759 1569 5833 ildrianaspanca
1588 5761 1648 5817 bme
1662 5760 1802 5830 decerpsit
