3780 6120
154 284 212 348 sta
324 287 402 346 coo.
423 282 609 344 177701-
623 276 769 348 honum,
789 278 878 350 ΕΜ,
899 277 967 339 ssu
985 275 1102 338 coust
1119 275 1371 338 sanctinus—
1385 275 1461 338 EPP.
1480 277 1632 338 nonunt.
1740 280 1795 340 dli

155 405 267 462 eventa
279 400 441 471 inpartibus
456 396 541 454 italie
560 393 725 451 adveneritis
736 407 749 436 ⁸
759 435 768 460 ‚
779 393 870 449 omnia
892 407 954 463 quae
968 406 993 468 A
1005 391 1073 447 Nam
1085 393 1119 448 de
1130 392 1309 463 langobardo
1328 393 1376 450 illo
1392 395 1438 464 qni
1459 409 1521 450 carm
1544 396 1639 450 mdem
1653 398 1798 458 Anmmsic

155 498 240 553 beato
258 492 341 550 Petro
354 490 429 561 regni
441 488 571 545 caelorum
582 486 716 557 clavigero
726 494 755 540 et
776 486 855 540 nobis
875 483 954 554 polli-
1005 482 1088 538 misso
1099 490 1193 537 nostro
1204 482 1468 554 adr-osproperarit,
1480 483 1796 554 nomineGaidilridus',

156 586 206 646 citi
216 581 295 652 estis,
309 584 343 639 ad
354 581 478 638 ellectum
491 580 638 652 perducere
647 577 818 633 maturabitis
837 595 844 630 ι
861 576 954 632 laetitia
1005 572 1076 628 unde
1100 573 1178 627 nobis
1200 573 1382 644 significastis,
1402 581 1433 628 nt
1448 573 1513 628 dunt
1537 574 1565 627 in
1588 582 1682 630 noane
1702 574 1799 632 luisset

156 677 233 734 enirn
247 673 334 746 patris
344 667 530 739 estprolectio
548 667 676 731 liliorum,
690 673 718 719 et
734 665 768 721 de
787 678 880 720 corurn
892 679 956 733 pro·
1003 662 1115 733 palatio,
1129 663 1251 718 lraudern
1269 666 1366 733 agebat
1383 664 1516 719 aduersus
1531 672 1650 718 uestram
1673 665 1799 735 regalita-

155 774 239 822 tectu
256 760 389 820 naturalis
399 759 512 814 allectus
527 756 690 827 congaudet;
707 763 871 825 quapropter
883 753 955 809 salu·
1005 759 1070 817 tem
1086 752 1199 821 insuper
1215 761 1243 808 ct
1254 761 1345 808 restro
1364 754 1496 809 suasisset
1513 755 1619 809 notario
1637 754 1717 810 salsas
1731 771 1798 811 con-

158 856 195 914 tis
211 864 265 912 tuse
276 861 455 925 agnoscentes
465 848 658 922 perfectionem
670 847 774 902 hilares
789 846 888 901 redditi
909 862 956 900 su·
1005 845 1087 900 licere
1105 845 1225 910 litteras,
1242 861 1291 916 per
1307 861 1376 918 quas
1390 862 1439 901 nes
1452 846 1577 916 cupiebat
1598 847 1625 901 in
1642 846 1798 901 scandalum

157 960 230 1010 mus
248 946 410 1014 etquiapro
424 946 607 1012 augmentcet
620 937 784 994 exaltatione
797 937 955 992 matrissuae
1005 937 1145 992 vobiscum
1177 938 1299 1002 mittere,
1324 939 1397 1008 quod
1416 946 1523 993 auertat
1544 939 1690 1001 Divinitas,
1711 952 1799 1007 neque

157 1046 261 1094 unctae
272 1035 321 1089 liei
331 1032 461 1088 Ecclesiae
478 1032 507 1085 in
516 1030 620 1084 ltaliam
637 1028 781 1083 destinatis
797 1042 952 1097 properare,
1004 1027 1158 1083 inuenietur
1170 1029 1251 1083 bomo
1265 1028 1310 1097 qui
1324 1043 1373 1083 nus
1386 1029 1472 1099 possit
1484 1045 1534 1098 per
1544 1029 1668 1099 quemvis
1688 1029 1798 1082 mardurn

156 1136 189 1184 rat
198 1125 357 1200 perliciatur
367 1123 453 1192 magis
464 1121 603 1191 magisque
616 1127 750 1188 optamus.
767 1118 819 1174 Sed
839 1119 910 1172 Deus
928 1123 956 1171 et
1005 1117 1136 1173 aduersus
1154 1133 1201 1172 ros
1229 1119 1255 1172 in
1279 1119 1446 1173 iracundiam
1472 1133 1629 1187 prouocare,
1648 1118 1695 1172 sed
1721 1118 1799 1172 testis

157 1217 292 1274 Dominus
302 1220 397 1269 noster
406 1210 484 1268 lesus
497 1209 623 1265 Christus
645 1208 726 1264 iaciat
747 1209 825 1263 nobis
851 1209 877 1261 in
893 1222 957 1276 pro-
1005 1211 1085 1265 nubis
1102 1219 1144 1265 est
1156 1209 1227 1265 heus
1243 1211 1287 1279 qui
1307 1211 1413 1265 occulta
1432 1211 1571 1265 bominum
1589 1209 1736 1281 cognoscit,
1751 1225 1800 1280 per

156 1309 262 1380 pinque
280 1307 414 1362 derestra
427 1303 698 1374 praesentiagandene
709 1310 738 1357 et
749 1317 803 1357 nna
816 1303 956 1357 uobiscum
993 1301 1111 1360 nullum
1130 1308 1320 1371 argumentum
1336 1315 1397 1355 enm
1421 1301 1555 1357 infidelem
1575 1302 1652 1358 robis
1669 1304 1799 1373 regneri-

155 1388 317 1456 'lninrn'cem
330 1396 479 1452 exsultare.
1006 1406 1081 1456 mus;
1097 1390 1154 1456 sed,
1170 1399 1200 1445 ut
1213 1391 1323 1446 breuius
1335 1392 1467 1457 dicamus,
1484 1392 1505 1446 si
1524 1392 1567 1446 ille
1577 1393 1622 1461 qui
1635 1393 1669 1448 ab
1679 1401 1800 1447 curatore

932 1527 938 1538 .
1006 1488 1054 1534 tuo
1065 1481 1146 1535 beato
1158 1481 1238 1534 Petro
1256 1480 1289 1534 ad
1303 1495 1352 1535 ros
1363 1481 1515 1535 destinatur
1530 1481 1593 1535 talia
1610 1481 1693 1553 ΒΜ,
1712 1483 1800 1536 susci-

193 1532 339 1589 Dendmis
351 1546 449 1600 nempe
467 1530 577 1593 nostris,
593 1528 700 1583 Andrea
712 1527 839 1583 videlicet
862 1542 956 1597 cccpr-
990 1571 993 1577 .
1173 1570 1179 1582 .
1256 1569 1262 1581 ,
1366 1570 1371 1582 ,
1741 1572 1747 1584 ‚
1779 1572 1785 1583 .

560 1620 575 1658 b
742 1619 747 1630 .
776 1617 783 1632 .
817 1618 823 1631 .
1005 1585 1072 1640 pere
1093 1578 1203 1636 ulerunt,
1218 1570 1283 1640 quad
1298 1571 1522 1625 considerandum
1538 1580 1580 1625 est
1595 1572 1628 1625 de
1640 1570 1802 1626 nelandrssr·

158 1623 406 1695 mm'aeupard0
417 1635 550 1691 ‘'gumen‘’
578 1620 672 1682 ’unde
687 1620 764 1673 ηοω
776 1619 955 1673 “mnndum
1006 1662 1060 1716 mis
1079 1669 1107 1715 et
1124 1661 1206 1716 nianis
1228 1661 1390 1731 strophariis
1410 1661 1535 1716 Paschali
1552 1670 1579 1715 et
1600 1661 1738 1726 saratino,
1753 1663 1799 1731 qui

159 1713 309 1776 direxistis,
320 1721 419 1767 utcnm
432 1709 523 1766 missis
534 1710 633 1765 uestris
643 1708 831 1765 possessorem
844 1707 954 1764 iratrem
1007 1754 1086 1818 mna,
1100 1762 1130 1808 m
1149 1763 1176 1808 et
1189 1767 1237 1808 vos
1254 1769 1304 1823 W
1316 1753 1487 1807 honorandos
1499 1760 1604 1808 vestros
1622 1755 1712 1822 ,pm
1733 1754 1799 1820 inq.

159 1813 294 1959 mx
301 1806 564 1959 zffiffiaaffi
584 1795 956 1960 ffiffifsmcrfflffiffleffi
971 1778 993 1839 B
1007 1841 1121 1906 nuastis,
1147 1840 1174 1894 in
1189 1841 1240 1895 hac
1251 1840 1373 1895 Romana
1387 1840 1455 1894 urbe
1468 1855 1548 1911 agere
1562 1841 1621 1896 ansi
1634 1850 1708 1905 sunt,
1720 1841 1801 1912 quale

160 1984 351 2056 dirigeremus,
377 1981 414 2036 ita
435 1978 581 2049 adimplere
604 1981 724 2035 velocius
748 1979 953 2035 destinavimus.

161 2076 212 2132 Sed
222 2075 481 2144 Pardusegumenus
491 2080 601 2141 propter
613 2070 825 2126 imbecillitatem
834 2071 955 2139 corporis

161 2166 350 2239 sniproticisei
366 2165 476 2220 minime
492 2164 585 2228 ualuit,
607 2171 635 2217 et
651 2162 801 2219 direximus
818 2162 846 2216 in
867 2162 955 2216 vicem

162 2257 231 2313 illius
245 2255 440 2313 valentianum
452 2255 618 2324 episcopum.

1006 1946 1143 1999 nunquam
1159 1931 1194 1986 ab
1215 1930 1327 1985 exordio
1349 1929 1442 1984 mundi
1465 1930 1587 1984 auditum
1610 1931 1801 1995 scelerasse

1005 2028 1033 2075 et
1047 2020 1111 2073 dunt
1127 2019 1190 2073 talia
1202 2019 1322 2088 egissent
1336 2025 1363 2072 et
1374 2017 1474 2072 uestris
1488 2019 1628 2073 obtutibus
1643 2034 1672 2073 se
1687 2017 1801 2086 conjun-

1005 2108 1128 2172 xissent,
1152 2123 1206 2162 non
1234 2106 1401 2177 ambigentes
1422 2121 1472 2176 pro
1494 2113 1570 2163 reatu
1592 2122 1672 2176 quem
1695 2106 1799 2177 operati

1005 2209 1078 2265 sunt,
1093 2215 1141 2254 ros
1153 2198 1288 2268 deprecati
1303 2205 1367 2253 sunt
1380 2206 1410 2253 ut
1423 2212 1470 2254 ecs
1483 2198 1509 2252 in
1522 2209 1643 2254 nostram
1655 2199 1800 2254 reduceres

1005 2290 1137 2359 gratiam3
1156 2289 1203 2344 sed
1224 2289 1311 2359 magis
1331 2297 1524 2343 coramrestra
1542 2290 1685 2359 praesentia
1704 2299 1732 2345 et
1749 2304 1801 2344 nc-

191 2385 261 2440 illud
281 2400 348 2440 sero
359 2383 432 2454 qnod
449 2383 482 2439 de
494 2383 639 2439 Anastasio
660 2381 744 2439 naisso
758 2392 852 2438 nostro
871 2382 950 2437 nohis
1005 2379 1070 2435 stris
1087 2379 1178 2433 missis
1192 2377 1403 2433 detractionibus
1419 2379 1553 2433 vacabant
1569 2388 1597 2434 ct
1617 2381 1702 2436 miror
1720 2378 1799 2436 ualde

164 2475 312 2539 indicastis,
329 2475 402 2546 quod
420 2474 508 2542 aliqua
526 2473 705 2542 importabilia
725 2474 806 2528 rerba
826 2488 886 2542 quae
901 2489 954 2528 non
1005 2469 1077 2538 quod
1096 2468 1167 2532 illos,
1182 2469 1229 2538 qui
1242 2469 1307 2522 talia
1318 2477 1345 2523 et
1355 2467 1476 2524 inaudita
1489 2468 1524 2523 de
1538 2469 1582 2525 his
1594 2484 1686 2524 coram
1700 2470 1800 2526 uestris

165 2563 322 2635 expediebat
348 2564 425 2619 robis
437 2563 518 2635 363
541 2563 649 2617 locutus
670 2561 775 2626 luisset,
793 2561 866 2617 unde
877 2561 955 2615 ualde
1004 2558 1144 2614 obtutibus
1161 2558 1336 2629 proierebant
1349 2560 1442 2626 uerba,
1461 2560 1488 2614 iu
1507 2562 1612 2632 magnis
1629 2561 1733 2617 deliciis
1748 2562 1799 2616 ha-

164 2655 250 2710 tristea
263 2652 356 2709 eflecti
370 2652 469 2718 inistis,
485 2661 573 2722 etpro
584 2653 636 2707 hoc
649 2651 737 2707 adbuc
751 2652 821 2721 apud
834 2667 954 2707 roseum
1004 2648 1070 2704 bere
1094 2649 1261 2718 dignosceris
1282 2651 1305 2703 ⁸.
1325 2649 1367 2704 lin
1396 2652 1483 2706 nescit
1506 2661 1595 2706 restra
1618 2654 1800 2723 praecellentia

166 2743 288 2799 eunetis
304 2752 316 2783 ⁸
331 2744 413 2797 nimis
424 2751 518 2798 noster
528 2742 663 2814 frangitur
676 2743 793 2808 animus,
809 2743 871 2798 dum
884 2742 955 2798 Lan-
1005 2740 1068 2810 quia
1088 2739 1111 2794 si
1125 2755 1294 2811 quaecunque
1317 2756 1445 2811 persona,
1460 2743 1493 2798 de
1506 2742 1628 2812 qualibet
1648 2752 1738 2816 gente,
1752 2745 1801 2800 ad·

167 2834 271 2902 rohardi
295 2842 325 2888 et
353 2833 522 2888 llavcnnates
549 2833 686 2900 latentur,
713 2834 867 2905 inquientes
891 2834 956 2904 quia
1004 2845 1084 2884 tersa
1108 2838 1155 2884 aut
1179 2829 1269 2884 inania
1288 2831 1322 2886 de
1336 2840 1425 2887 uestra
1449 2833 1548 2888 eximia
1572 2834 1732 2890 celsitudine
1755 2851 1801 2891 re·

166 2924 231 2979 rullo
254 2923 340 2979 modo
360 2938 410 2978 xcx
436 2923 463 2976 in
486 2922 632 2993 apostolica
653 2930 794 2991 permanet
810 2923 954 2989 charitate,
1005 2920 1111 2977 tulisset
1123 2922 1214 2986 rerba,
1232 2922 1340 2993 dignam
1355 2925 1382 2978 in
1395 2940 1456 2980 eum
1469 2928 1807 2994 exercentemindictarn,

167 3012 222 3068 drm
232 3011 294 3081 ejus
307 3012 420 3066 missum
432 3012 503 3080 apud
513 3026 543 3066 se
553 3011 665 3067 detinet.
679 3011 733 3067 Sed
745 3027 833 3082 neque
845 3013 880 3067 ab
890 3012 956 3081 ipsis
1004 3014 1126 3070 vinctum
1145 3030 1307 3086 eamusque
1323 3016 1357 3070 ad
1371 3025 1489 3072 vestram
1505 3018 1698 3075 direxissemus
1712 3019 1802 3076 excel-

167 3102 250 3158 l¹¹¹⁰⁴fi
268 3101 392 3158 Midili
405 3102 723 3171 ⁰⁰llss⁰⁵⁰l¹¹¹ieil³¹¹i⁵⁸⁰2
734 3110 764 3157 ¹¹2
779 3100 879 3158 missus
892 3117 992 3191 pro-c
1007 3109 1128 3175 lentiam,
1143 3111 1214 3166 sicut
1230 3118 1258 3164 et
1272 3113 1305 3166 de
1314 3111 1428 3168 Paulino
1440 3111 1557 3184 egimus.
1575 3113 1694 3183 Proque
1707 3114 1802 3182 depre-

167 3188 328 3248 wofflltli
346 3190 418 3246 bfflli
432 3189 516 3256 Petri,
538 3189 706 3260 ¹¹¹³8¹¹¹¹⁸V0¹
727 3205 837 3260 dirius·
859 3205 956 3260 a‘1¹¹³’
1006 3216 1102 3257 cantur
1128 3207 1210 3270 atque
1232 3199 1408 3270 conjuramus
1440 3203 1649 3271 praecellentiam
1671 3212 1800 3269 uestram,

167 3298 266 3354 mque
279 3291 362 3355 seule
374 3284 500 3338 delenitis
519 3281 626 3347 suisseii
642 3279 790 3350 selll'ubffll
803 3283 881 3337 ¹¹⁰¹>ss
893 3297 956 3337 ⁰1¹¹ss
1007 3292 1162 3349 dulcissime
1177 3293 1224 3356 iili,
1239 3308 1287 3362 per
1301 3293 1500 3363 redemptorem
1514 3294 1657 3350 Dominum
1675 3303 1800 3350 nostrum

165 3383 250 3430 ’Νη
262 3373 417 3429 wlfissilssdl)
430 3372 592 3441 ‘imiimi‘
604 3373 774 3429 severissime
786 3388 847 3427 0⁰¹⁰
863 3372 957 3428 Silici-
1006 3381 1099 3439 lesum
1112 3383 1261 3449 Christum,
1286 3391 1317 3439 ut
1340 3383 1455 3439 viriliter
1473 3385 1528 3440 lieo
1551 3385 1628 3441 uubis
1653 3385 1802 3454 inspirante

164 3465 250 3521 “¹¹¹⁶
265 3462 348 3534 limi
365 3479 465 3519 ⁰⁰¹²¹11¹
481 3464 506 3519 θῑ
525 3470 671 3535 tehillim,
685 3478 747 3520 ⁰¹¹¹ss
767 3465 956 3536 willemus·
1007 3477 1174 3548 exsurgatis,
1197 3486 1224 3533 et
1247 3477 1355 3534 miserae
1367 3486 1395 3534 et
1414 3477 1552 3548 llagitlosac
1571 3478 1800 3548 praesumptionis,

192 3661 207 3690 ¹
231 3647 365 3703 Extremo
390 3648 430 3703 Au
449 3655 509 3704 usto
530 3663 622 3705 mense
643 3657 689 3703 aut
717 3647 869 3732 Septembri
894 3651 958 3706 duta
1007 3653 1129 3725 epistolis
1145 3652 1259 3708 latorem
1277 3651 1363 3707 luisse
1376 3652 1441 3707 hine
1456 3659 1546 3721 potest
1563 3651 1669 3720 colligi;
1690 3651 1801 3707 sienim

155 3716 267 3795 {idetur
276 3718 336 3773 baec
344 3664 556 3789 epistofaquam
567 3734 611 3773 an.
624 3719 676 3773 777
687 3721 794 3776 ascrrbo
805 3735 866 3776 cum
878 3721 958 3776 Coin-
1043 3721 1128 3778 ntilex
1142 3723 1256 3777 detineri
1273 3722 1360 3776 ndlruc
1375 3737 1454 3776 suurn
1470 3723 1584 3778 missum
1596 3723 1719 3790 queritur
1730 3736 1802 3775 anno

148 3786 198 3844 lto
210 3796 241 3844 et
257 3786 353 3859 Pagio,
366 3789 430 3858 qnia
446 3805 489 3845 res
500 3789 568 3844 bene
578 3799 669 3860 gestas
682 3790 762 3846 rideo
786 3791 813 3845 in
839 3791 957 3848 Saxonia
1007 3740 1069 3853 2917.
1083 3792 1243 3861 jampridem
1263 3792 1346 3860 igitur
1361 3791 1424 3846 illuc
1440 3789 1580 3859 proiectus
1597 3800 1665 3856 erat,
1679 3792 1802 3858 adeoque

145 3857 230 3928 tpad
245 3856 407 3923 arrnalistas,
434 3859 569 3929 praecipue
583 3859 715 3915 Francos.
730 3869 754 3914 et
770 3859 897 3926 curren..
925 3877 958 3916 ac
1006 3862 1170 3933 praecedenti
1189 3860 1284 3916 saltem
1300 3875 1381 3914 anrrc.
1399 3860 1482 3914 Gran.

139 3927 305 3998 emptam
325 3927 430 3983 itineris
449 3929 476 3983 in
488 3928 591 3984 ltaliam
605 3931 762 3986 instituendi
779 3932 957 4001 opportunius
1046 3933 1056 3973 l
1081 3931 1131 3986 llic
1153 3940 1196 3986 est
1217 3930 1261 3985 ille
1283 3929 1416 3983 habitator
1432 3931 1543 3983 ciuitatis
1567 3929 1691 3991 Pisone,
1720 3941 1801 3997 quem

135 3990 438 4120 woentingere
455 3999 528 4054 haud
549 3999 637 4068 potuit
658 4000 767 4065 Carclo,
788 4017 833 4072 qur
858 4002 956 4056 bellum
1007 4000 1180 4059 Gausiridum
1208 4008 1236 4054 ct
1259 3997 1439 4054 Gausiredum
1482 3999 1639 4068 nominabat
1665 3997 1802 4053 Adrianus

223 4068 348 4122 itabatur
382 4084 409 4123 rn
441 4069 592 4124 Saracenos
617 4069 768 4141 Hispaniae,
798 4073 869 4141 quud
897 4086 954 4141 seq.
1007 4072 1119 4128 aniii
1140 4068 1381 4194 (ephialffi,
1401 4085 1462 4124 cum
1473 4069 1617 4123 Anamasio
1634 4068 1717 4122 misso
1736 4083 1802 4137 apo-

129 4136 232 4190 tnno
250 4139 371 4206 susoepit
387 4154 420 4192 ac
439 4139 555 4193 ieliciter
576 4139 670 4208 gessit,
694 4156 848 4211 quanquam
864 4143 890 4195 in
915 4158 958 4197 re·
1008 4143 1104 4200 stolio)
1117 4141 1301 4195 reducendum
1366 4139 1432 4194 itad
1445 4138 1572 4195 Cantium
1586 4138 1673 4192 adhuc
1687 4136 1801 4191 initalia

120 4194 228 4268 dita,
249 4205 414 4262 Wasccnum
428 4207 533 4262 insidiis
545 4216 587 4263 est
638 4210 704 4264 titus
728 4211 755 4264 in
769 4213 892 4266 saltubus
905 4211 958 4280 Pp·
1008 4215 1160 4285 degentem.
1183 4211 1266 4273 idem,
1286 4224 1366 4279 quem
1389 4224 1487 4279 genere
1503 4208 1709 4280 Langobardunr
1737 4207 1802 4261 hinc

123 4272 269 4341 Nnaeis,
285 4277 350 4332 dnm
365 4277 393 4330 in
415 4277 578 4336 rebellantes
601 4225 840 4334 ggxcnessumma
857 4281 956 4336 celcri-
1008 4278 1351 4344 inissediscimus,Carclc
1366 4279 1393 4333 in
1408 4279 1589 4350 suspicionem
1604 4285 1715 4331 venerat
1729 4275 1802 4331 irau-

120 4337 216 4400 'Qte
241 4347 393 4402 exercitum
414 4348 571 4414 reduceret;
593 4349 653 4404 ride
674 4349 817 4418 epistolam
840 4352 954 4421 praeced.
1008 4351 1111 4407 dulenti
1126 4351 1244 4406 hominis
1263 4366 1296 4404 ac
1312 4349 1423 4404 dissidia
1445 4349 1601 4403 meditantis
1622 4347 1694 4402 inter
1713 4347 1804 4416 rmnti-

118 4400 230 4473 (Uwi-
242 4414 281 4486 ⁸)·
294 4415 377 4472 Clito·
1008 4423 1086 4478 licem
1098 4431 1125 4476 et
1136 4420 1256 4476 Francos
1268 4437 1275 4472 :
1289 4435 1373 4489 quare
1384 4419 1451 4474 nihil
1464 4420 1564 4473 mirum
1576 4418 1599 4474 si
1609 4419 1643 4472 de
1653 4417 1803 4487 apostolico

194 4486 215 4567 ὗ.
233 4485 402 4567 hegumeno,
428 4489 457 4545 id
477 4498 520 4545 cst
539 4489 733 4543 nrcnachcrum
756 4488 885 4559 praelecto
907 4506 955 4546 seu
973 4471 1091 4548 Dctiam
1114 4492 1218 4555 misso,
1240 4490 1288 4614 qui
1316 4490 1419 4545 socium
1443 4489 1549 4544 itineris
1573 4505 1634 4544 euru
1660 4488 1801 4550 babuerat,

115 4552 294 4611 Quhsttte.
309 4555 410 4613 Gncrs.
1008 4562 1140 4634 suspicari
1155 4561 1236 4628 aliqui
1266 4569 1401 4628 coepcrut;
1420 4560 1542 4627 adeoque
1553 4559 1642 4614 oblata
1659 4558 1804 4614 occasione

197 4624 308 4681 ‘canc
324 4626 388 4698 legit
403 4643 410 4682 ε
426 4629 563 4685 educatrir
583 4631 678 4701 repulia
693 4631 756 4685 certi
774 4630 960 4698 linetTeng-
1007 4648 1085 4688 nouae
1107 4631 1269 4713 legationis,
1294 4629 1374 4684 dictis
1408 4629 1510 4698 aliquot
1533 4645 1629 4698 parum
1655 4629 1803 4696 prudenter

112 4686 299 4765 *agelium
316 4697 469 4754 beccerha
492 4701 520 4755 in
540 4719 557 4756 n
576 4703 666 4756 cestris
696 4647 827 4771 recolitur
846 4701 958 4772 uestigiis
1007 4703 1210 4766 aecedentrbus,
1226 4700 1301 4754 iilum
1317 4699 1387 4768 apud
1400 4700 1590 4756 sedetinebat.
1605 4697 1740 4753 Adrianus
1752 4715 1801 4752 au-

113 4762 315 4821 thisse
327 4767 466 4823 admonet.
1007 4781 1063 4829 tem
1076 4770 1220 4827 Gausirido
1232 4770 1351 4825 breuiter
1363 4779 1391 4823 ct
1404 4785 1459 4823 suae
1473 4769 1605 4823 duntaxat
1623 4767 1743 4823 scienciae
1758 4784 1803 4822 arr·

196 4834 209 4872 ⁶¹
224 4836 309 4891 Recte
321 4845 349 4891 et
358 4846 508 4908 opportune
518 4841 625 4895 monuit
636 4839 789 4897 Gentilctus
800 4839 851 4909 legi
865 4840 892 4894 in
905 4856 956 4896 ms.
1007 4841 1135 4898 ctoritate
1154 4839 1276 4903 deienso,
1291 4838 1465 4893 Anastasium
1486 4838 1601 4893 detineri
1613 4839 1745 4906 queritur,
1762 4839 1804 4891 iu-

114 4887 228 4977 (ξω.
242 4906 277 4959 nd
291 4907 383 4961 urana
394 4909 490 4979 regalia
507 4911 632 4981 vestigiis,
648 4909 726 4979 juxta
739 4910 900 4979 elegantiam
925 4911 957 4965 il·
1008 4912 1129 4968 auditum
1149 4920 1212 4965 ante
1229 4923 1292 4964 eum
1308 4909 1379 4964 diem
1396 4909 1543 4972 allirrnans,
1564 4917 1593 4963 ut
1613 4917 1714 4962 sanctae
1728 4908 1803 4962 sedis

149 4975 319 5041 leseriet
332 4975 542 5049 Tengnagelium
557 4981 709 5036 correxisse
725 4980 834 5052 (melius
849 4981 956 5034 dixerat
1006 4982 1114 5053 legatus
1132 4979 1310 5035 detineretur.
1332 4979 1444 5033 Summa
1462 4987 1513 5043 est,
1532 4978 1662 5033 uiolatum
1676 4977 1722 5046 jus
1737 4992 1803 5048 gcn·

121 5030 334 5171 Qpnuaffl
346 5047 528 5105 hunclocum.
546 5049 724 5106 Possessorsi
747 5050 836 5105 uidem
850 5049 956 5174 eqjsco-
1008 5053 1075 5106 tium
1095 5050 1157 5121 jure
1176 5050 1294 5107 doluisse
1314 5049 1435 5119 pontiliei
1452 5046 1564 5119 ejusque
1586 5064 1697 5104 causant
1718 5054 1752 5102 art
1771 5062 1802 5100 se

126 5107 252 5188 byssi
325 5118 442 5174 oabbas
463 5122 670 5176 revertebantur
680 5124 714 5176 ab
762 5120 852 5176 rbein
893 5136 955 5176 ran-
1007 5130 1131 5195 spectare
1144 5136 1199 5176 ncn
1210 5119 1405 5176 dissimulasse.
1418 5118 1457 5172 ln.
1784 5164 1788 5171 .

132 5182 306 5245 e¹²t¹buon
317 5195 423 5242 contra.
435 5187 519 5244 Cena.
1044 5194 1057 5232 ⁸
1071 5192 1125 5247 Par
1142 5193 1195 5246 boe
1209 5190 1436 5260 nequissimorum
1454 5187 1611 5254 hominum,
1629 5189 1675 5258 qui
1689 5195 1728 5240 tot
1743 5199 1801 5238 sce

182 5317 191 5328 ,
204 5262 215 5288 ‘
228 5253 388 5312 Masurius
400 5260 548 5315 cubicular.
565 5276 599 5314 an
628 5260 681 5314 775
694 5260 813 5316 redierat
826 5276 859 5315 ex
872 5258 955 5314 Fran·
1006 5263 1107 5319 lcribus
1119 5260 1285 5330 coinquinati
1305 5259 1489 5315 fraudulenter
1501 5258 1591 5314 Caroli
1605 5259 1719 5340 gratiam
1733 5253 1800 5336 iniq·

142 5323 209 5372 θη
229 5339 287 5380 curn
300 5325 408 5382 Andrea
429 5330 564 5402 episcopo,
588 5330 665 5399 cujus
689 5330 790 5401 collega
812 5330 837 5384 le
856 5331 955 5385 ationis
1006 5342 1078 5397 rant,
1094 5347 1240 5400 coramque
1259 5346 1292 5385 eo
1306 5329 1451 5400 missisque
1474 5329 1631 5398 apostolicas
1651 5343 1683 5383 eo
1704 5326 1801 5380 irleutr·

153 5378 309 5450 fuerarmb
321 5394 476 5453 boemanni
490 5402 678 5467 precedentis.
692 5401 760 5455 Anni
771 5347 891 5468 eiusrfenr
904 5400 955 5455 775
1006 5405 1068 5458 dem
1089 5401 1334 5473 proficiscentibus,
1354 5402 1387 5456 de
1405 5400 1492 5456 aliena
1515 5398 1588 5453 lama
1609 5395 1798 5477 detrahebant,

153 5463 283 5520 tatrcnm
301 5481 394 5522 mense
404 5467 540 5525 andream
564 5472 662 5527 itenrm
687 5487 748 5527 cum
768 5470 856 5524 Pardo
871 5472 955 5540 hegu-
1007 5474 1120 5529 licnrarrr
1148 5471 1248 5527 remitti
1265 5469 1447 5539 adjudicium
1471 5469 1549 5539 petit,
1573 5468 1614 5521 sui
1637 5467 1709 5522 enirn
1728 5480 1801 5533 qums

162 5530 244 5608 Ὦφο
255 5534 414 5608 legatcsens
424 5538 521 5595 missos
536 5542 669 5604 videmus,
683 5558 734 5597 nce
746 5542 870 5610 sequenti
883 5557 955 5596 anno
1005 5552 1066 5598 erat
1086 5559 1134 5599 cos
1156 5542 1285 5612 plectere.
1303 5541 1332 5596 ld
1345 5541 1426 5596 velim
1443 5540 1477 5594 ab
1494 5538 1529 5593 iis
1542 5536 1734 5603 animaduerti,
1752 5535 1800 5606 qui

169 5596 245 5658 “⁰¹⁰⁵
260 5607 361 5662 ''¹⁰¹¹‘50
378 5610 509 5675 willirih
524 5627 677 5682 quanquam
697 5611 819 5684 epistole
838 5620 955 5681 quatuor
1007 5613 1099 5668 liumaa
1119 5612 1145 5668 id
1165 5612 1294 5682 temporis
1311 5625 1400 5668 rerunt
1421 5608 1686 5665 administrationem
1703 5608 1801 5664 obscu-

172 5667 328 5733 Nll'srclum
345 5679 400 5734 sint
419 5679 518 5738 allatae.
542 5682 716 5740 Anastasiunt
733 5679 849 5749 alicujus
862 5697 895 5739 ex
913 5682 954 5739 his
1006 5701 1064 5740 tarn
1078 5684 1212 5742 dictitant.
1230 5683 1266 5738 lu·
