3780 6120
114 283 178 340 tant

469 274 557 330 ttttlu
577 270 749 328 citnaram.
769 300 802 309 -
821 267 966 323 ‚ternam
985 298 1019 308 -
1037 261 1247 322 coacturus
1266 261 1378 317 rents

1667 258 1741 314 taos

112 402 185 450 mota
203 389 350 462 pontilleali
363 386 533 448 atteteritatc,
547 384 689 438 etreritati
700 395 728 437 ct
744 383 900 438 auctoritati
917 359 999 442 ltSie
1010 379 1109 449 quippe
1127 377 1276 447 refragator
1289 376 1404 431 uinculis
1431 375 1646 431 ueritatisnrodu
1661 376 1738 431 treu-

112 466 289 532 rrlragantnr.
302 457 355 511 Sed
364 458 426 512 licet
435 458 462 511 iu
476 456 541 524 ipss
552 453 747 522 objectionibus
758 451 903 520 aliquando

111 535 223 594 absona,
251 528 395 598 aliqnando
417 523 642 586 inconvenientia,
661 522 804 592 alquamlo
820 522 901 578 etiam

112 599 322 672 reprelteusiuue
350 597 429 670 digna
451 593 605 649 institutoria
630 591 795 647 detensionis
814 595 902 664 gratia

111 671 233 742 prolerre
245 669 318 724 nisus
342 667 388 730 sit,
404 667 430 720 in
445 665 497 718 line
515 671 605 717 tanteu
630 663 749 732 ejusdem
774 664 903 742 aprdogim

113 758 152 798 stc
163 757 193 796 se
207 739 307 794 sentire
319 748 346 791 et
355 746 447 790 tenere
459 744 487 788 et
499 733 690 802 praedictare
704 746 852 800 praecipere
870 736 904 789 de

114 813 155 866 bis
176 825 236 880 qun·
262 810 404 879 agebatur,
434 803 571 877 protessus
586 811 636 866 est,
650 803 719 857 sicut
732 817 747 854 a
762 801 841 857 beato
853 818 902 873 pn·

131 897 145 935 a
158 877 289 951 Gregorio
303 877 454 931 ittstirntem
466 888 525 927 csse
535 873 686 926 eurtsttbat.
699 871 802 937 (litibus
816 874 905 928 verbis

113 898 214 1022 iiilttido
226 948 368 1016 colligitur,
376 945 446 1014 quod
461 959 514 996 non
540 948 643 996 tantum
670 942 797 1003 scienter,
819 957 905 1012 quatt-

114 1032 170 1077 tum
184 1020 351 1091 ignoranter,
363 1017 389 1070 in
401 1013 494 1069 codem
511 1012 580 1065 lacto
591 1030 606 1066 a
617 1011 806 1066 rmtutramite
814 1015 905 1069 der-a·

114 1091 192 1146 terit.
206 1088 261 1144 Nisi
273 1088 344 1142 eninr
366 1085 392 1140 itt
406 1082 577 1137 eurrelnsiuuc
590 1081 770 1147 objectionum
794 1097 904 1137 suarum

114 1159 270 1216 retinaculis
284 1156 415 1217 ueritatis,
431 1152 612 1206 bratiscilieet
627 1152 748 1221 Gregorii
763 1151 904 1215 institutis.

113 1231 251 1294 astrictus,
266 1228 317 1280 lter
331 1226 437 1280 derium
450 1221 633 1290 peecarisset,
664 1222 691 1276 in
706 1222 907 1290 superstitionis

113 1299 289 1370 praetereunt
303 1312 366 1350 omn
379 1311 413 1348 no
425 1292 476 1345 labi
492 1292 633 1361 puniisset.

150 1370 159 1424 l
164 1370 196 1423 lis
209 1369 291 1440 igitur
304 1381 353 1434 pro
367 1373 447 1446 captu
462 1361 560 1427 ingenii
577 1361 772 1416 attbuadrcrsis
784 1369 812 1416 et
826 1361 905 1417 intel·

114 1440 199 1500 lectis,
213 1436 355 1506 utplenius
371 1445 452 1488 cuam
468 1431 546 1486 rudis
560 1440 656 1486 cuneta
670 1439 849 1500 patescerent,
866 1432 905 1486 le·

953 451 1061 511 dienrlo,
1075 450 1154 502 trrrnlo
1169 448 1336 511 ltotntrandn,
1352 446 1432 500 mulo
1442 447 1588 501 scetutdnru
1604 445 1742 501 ratiuncut

954 519 1094 573 retitatern
1123 518 1333 572 demonstrando
1354 516 1490 572 subtiliter
1514 516 1661 577 astrictus,
1685 530 1739 571 uon

953 589 1060 643 audebit
1072 586 1151 642 aliter
1167 588 1273 652 docete,
1294 603 1374 655 qnam
1386 587 1457 655 quud
1469 587 1568 641 verinis
1581 585 1673 650 nabet,
1688 600 1740 642 nee

953 657 1140 729 paternaliter
1155 669 1258 723 tenere,
1273 674 1354 730 qnam
1365 658 1436 727 (quud
1456 658 1558 713 veritas
1572 655 1667 719 babet,
1688 668 1741 711 nec

954 743 971 799 p
983 728 1052 782 terit
1063 727 1141 782 aliter
1155 736 1259 783 tetrtare
1270 744 1351 798 rpnrm
1364 727 1436 797 quod
1447 727 1567 784 teritatis
1578 727 1756 781 documento·

954 799 1014 852 aliis
1027 798 1170 852 tenendum
1183 799 1334 853 tradiderit.
1671 864 1676 875 Ι

989 868 1047 922 Tali
1064 882 1159 937 uetupe
1181 869 1420 930 rttudorisrrmest
1432 875 1532 923 uostrre
1549 864 1740 928 mediocrrtati

955 946 985 990 ut
998 937 1138 1007 utriusque
1152 939 1238 1007 partis
1256 939 1335 994 saluti
1360 938 1578 993 commodissime
1589 934 1742 1005 prodesse,

955 1023 1133 1079 rrragnamque
1145 1009 1221 1063 robis
1238 1024 1255 1064 a
1270 1008 1384 1064 licutino
1403 1007 1648 1063 rerumrerationem
1661 1003 1743 1086 buius

956 1079 994 1133 rei
1007 1079 1093 1148 gratia
1119 1093 1272 1147 purpurare
1286 1079 1405 1152 possitis.
1423 1078 1567 1134 Credimus
1585 1091 1661 1138 sane,
1679 1086 1742 1144 rrrrrt

955 1163 1108 1217 quanquam
1122 1148 1211 1218 aliqua
1224 1167 1257 1204 cx
1275 1160 1352 1219 parte
1365 1148 1581 1218 superstitiosam
1602 1146 1654 1201 sibi
1678 1160 1739 1200 trun·

955 1219 1124 1273 suetudinem
1141 1217 1211 1273 lor-te
1225 1220 1361 1275 vindicare
1374 1221 1466 1282 velint,
1485 1218 1639 1273 nudatenns
1651 1225 1746 1271 tatnctr

956 1289 990 1341 ab
1002 1289 1096 1344 eadent
1109 1289 1173 1344 sede
1194 1290 1273 1345 aliter
1289 1306 1370 1362 quarn
1389 1290 1536 1345 auctoritas
1549 1297 1577 1342 et
1592 1290 1691 1342 veritas
1714 1300 1744 1342 sc

958 1358 1048 1421 babet,
1063 1358 1192 1414 matrtlare
1203 1361 1230 1412 iu
1242 1362 1360 1431 aliquam
1372 1368 1476 1430 partem
1493 1366 1649 1429 praesumet.
1663 1358 1740 1412 Vere·

958 1428 1030 1483 bitur
1043 1429 1187 1498 siquidem,
1197 1439 1359 1503 potestatem
1368 1439 1497 1494 matram,
1505 1428 1741 1483 anctoritatemsr·

112 1511 199 1564 cirues
212 1506 354 1578 epistulam
369 1520 402 1557 nu
422 1503 445 1557 is
460 1502 555 1567 talou,
569 1517 649 1571 quam
660 1502 753 1557 robisl
788 1501 907 1557 arrers-
957 1497 1009 1560 das,
1029 1506 1057 1552 et
1083 1498 1241 1555 testimonia
1259 1503 1392 1557 terit-atis.
1417 1502 1484 1554 Cum
1512 1499 1593 1568 igitur
1620 1506 1748 1552 atrslra:

112 1594 286 1633 cormtranno
323 1575 442 1631 rtcterito
459 1520 626 1628 dvrtilemnt.
643 1572 775 1628 venerabi
787 1572 810 1626 is
832 1588 908 1626 uatu-
958 1568 1207 1624 sanctaderotione
1227 1572 1263 1626 ita
1276 1584 1384 1642 peracm
1399 1570 1508 1633 luerint,
1525 1569 1752 1648 bretenniaco·

112 1664 165 1718 que
207 1592 345 1703 Preculiirs
372 1645 512 1714 episeopus
538 1642 672 1696 subtiliter
692 1643 906 1711 prrtrbmerque,
957 1646 1094 1706 rapuimus,
1105 1640 1131 1693 in
1143 1639 1288 1709 aliqnoant
1304 1642 1349 1697 isti
1365 1650 1411 1696 atu
1423 1641 1460 1695 illi
1476 1640 1584 1695 deniare
1601 1638 1744 1699 rubrermt,

113 1718 229 1787 qrraliter
240 1719 298 1788 ipse
309 1723 336 1769 et
346 1714 493 1781 ildegarius
504 1713 594 1767 secius
607 1710 729 1774 intrusae
746 1713 905 1767 bacrccutrt
958 1718 985 1761 ct
998 1719 1115 1764 uestram
1135 1710 1341 1766 saluberrimam
1360 1710 1581 1772 adntunitionern,
1606 1725 1665 1778 qnae
1690 1717 1746 1762 tota

114 1789 223 1843 drmritto
235 1786 383 1868 apostolico
391 1779 418 1838 et
428 1800 489 1838 cum
502 1783 660 1837 t'etteraudis
671 1781 804 1852 episcopis
817 1790 845 1836 et
858 1783 907 1836 nti·
957 1793 991 1831 ex
1001 1780 1163 1834 anctoritate
1180 1783 1303 1837 ret-trans
1317 1783 1454 1851 protertur
1468 1781 1561 1835 attdlre
1575 1789 1744 1848 contempse-

114 1859 208 1913 nistris
222 1857 293 1913 illurs
311 1856 438 1927 egissent,
457 1853 514 1906 rita
528 1869 594 1907 trice
607 1853 732 1934 parvitati
752 1862 850 1908 nostre
864 1852 906 1906 in·
958 1848 1020 1911 lini.
1040 1865 1094 1930 raon
1108 1851 1196 1905 minor
1207 1854 1241 1908 ob
1257 1853 1282 1906 id
1293 1855 1369 1909 robis
1383 1868 1399 1907 a
1413 1852 1525 1907 llornlno
1534 1849 1746 1920 recompensatio

114 1928 212 1983 rtotuit.
228 1926 281 1982 Sed
294 1943 355 1981 etun
374 1922 499 1993 prrrdrrrri
512 1924 598 1977 relatu
611 1922 685 1978 nlius
696 1932 792 1978 cuncta
805 1938 906 1993 cargno-
957 1918 1013 1981 liet,
1027 1934 1090 1989 quta
1102 1928 1187 1977 toturn
1202 1923 1349 1978 secundant
1361 1923 1441 1977 rerba
1456 1923 1527 1976 beati
1549 1921 1613 1974 blize
1629 1921 1745 1989 propbe-

114 1998 257 2062 rlssetnus,
271 1995 386 2066 qualiter
401 1993 499 2075 partim
511 1992 906 2064 ueritatisignorantia,partitu
957 1995 1002 2053 tte,
1012 1991 1082 2061 qnod
1097 2000 1209 2047 restruet
1221 1993 1270 2062 [trit
1282 1993 1368 2062 [urere
1380 1993 1517 2047 sturlrtt'slir
1527 1990 1585 2072 (tlt
1601 1990 1664 2059 llop.
1678 1991 1744 2072 xrs).

115 2069 240 2134 pessituae
253 2065 456 2121 consuetudinis
469 2063 813 2133 usubuittssupcrstitiuu'rs
823 2064 908 2134 pestis
993 2059 1047 2115 Nus
1059 2060 1173 2130 denique
1189 2064 1259 2116 seru
1270 2064 1363 2127 iesu-i,
1384 2064 1455 2118 sicut
1473 2077 1597 2131 strpettus
1621 2075 1745 2139 praetuta-

115 2136 167 2192 illis
186 2138 348 2207 inpartibus
366 2133 529 2198 inolevisset,
545 2142 573 2188 el
592 2134 683 2203 priora
708 2143 736 2188 et
757 2134 907 2205 posteriora
957 2143 1018 2184 suut
1036 2140 1088 2195 est,
1101 2131 1128 2185 in
1143 2149 1225 2186 mmm
1241 2135 1443 2196 cortrcrriemes,
1465 2141 1493 2186 et
1511 2132 1544 2185 de
1558 2131 1634 2184 nobis
1658 2131 1745 2197 intun-

113 2204 907 2273 studiusissimcconsiderassemusintellesintrts,quarrtunt
957 2199 1009 2255 ctis
1023 2217 1071 2271 pro
1083 2210 1163 2271 capto
1178 2202 1362 2272 intelligenti-e
1382 2213 1482 2257 nostre
1494 2200 1665 2256 tantiliariler
1680 2216 1747 2254 eurr·

115 2277 192 2332 nortis
205 2277 355 2348 matun,
372 2289 425 2357 qno
444 2273 502 2327 zelo
519 2274 552 2328 ad
572 2275 629 2330 aare
650 2272 845 2329 consideranda
860 2290 906 2330 re.
957 2267 1746 2335 ferentes,testiraoniaetanctoritateditinaetsentetttias

114 2355 170 2400 stra
190 2357 283 2403 saneta
300 2350 406 2402 deretro
419 2341 632 2400 excitattluerit.
648 2344 705 2398 Nun
719 2345 791 2398 enim
801 2344 908 2414 ignora·
957 2349 1114 2396 stricturum
1157 2353 1258 2409 atrmn,
1279 2361 1348 2415 quas
1371 2353 1452 2415 prout
1478 2342 1606 2408 temporis
1622 2342 1745 2410 angustia
1837 2374 1844 2388 .

115 2432 175 2471 tnus
187 2417 307 2472 animum
331 2424 450 2470 restrum
466 2430 563 2483 magno
577 2416 656 2469 radio
668 2429 747 2485 passe
759 2415 838 2476 allici,
847 2429 907 2470 curn
958 2411 1089 2479 pennisit.
1101 2357 1269 2495 eoiirgitnus,
1287 2425 1316 2470 et
1325 2431 1415 2470 eoram
1427 2413 1505 2468 trobis
1515 2411 1566 2481 legi
1583 2411 1706 2476 lecintus,
1718 2418 1747 2467 et

115 2486 174 2540 illos
185 2503 199 2540 a
212 2496 285 2543 recto
298 2485 408 2541 tramite
419 2486 610 2554 qumprunnnlo
625 2484 906 2556 rurrspieitisdetiare,
958 2479 1087 2551 qttidqttid
1107 2481 1133 2536 in
1150 2483 1191 2538 lns
1211 2484 1244 2538 de
1257 2486 1374 2556 negotio,
1389 2485 1421 2540 de
1434 2500 1488 2555 quo
1506 2483 1611 2550 agitur,
1626 2496 1747 2536 necesst-

134 2555 159 2610 ui
172 2573 277 2612 summa
296 2556 456 2611 anctoritate
481 2555 601 2624 praediti,
626 2555 766 2610 deviantes
788 2570 909 2624 quosque
958 2549 1186 2622 riumaptumqnc
1202 2552 1393 2622 irnlitat'inms,
1407 2565 1435 2609 ct
1459 2554 1485 2609 ln
1498 2568 1582 2608 ullum
1601 2567 1749 2623 cingerem

112 2572 263 2681 :inliberrim
279 2627 426 2696 corrigere.
440 2626 488 2679 lllo
503 2640 598 2707 nernpe
613 2626 909 2692 relurrecensiestis,do
958 2621 1120 2701 studuimus,
1136 2635 1288 2693 vestraque
1303 2625 1435 2696 imperiali
1451 2623 1578 2695 pitantiae
1602 2639 1650 2694 per
1664 2638 1746 2679 teuc·

112 2696 413 2766 qnubeatnsi’aulusa
452 2695 907 2762 stolusdtcit:Qnirscnrrdnlirntnr·,
959 2691 1057 2748 rabtlcs
1085 2693 1158 2748 siros
1182 2694 1360 2765 llalitgariurn
1386 2705 1414 2749 ct
1443 2694 1606 2749 drrtalarium
1631 2693 1747 2763 dirigere

112 2775 138 2820 et
150 2782 196 2835 epo
211 2784 263 2821 non
275 2784 339 2820 uror
355 2765 397 2837 (ll
413 2712 475 2820 Fir.
488 2781 514 2818 rt
537 2766 549 2818 l
568 2766 635 2821 Cum
651 2766 722 2821 enirn
740 2767 807 2820 dnus
820 2767 848 2821 in
862 2781 908 2837 pe·
966 2764 1186 2844 trnmrrtpsimus,
1202 2774 1231 2819 ut
1247 2766 1368 2823 tidelieet
1382 2777 1471 2821 restra
1494 2781 1509 2820 a
1532 2765 1587 2819 lico
1602 2764 1677 2819 robis
1694 2763 1746 2819 cel

114 2835 199 2890 riculo
212 2836 375 2891 mustitrrtos
393 2835 582 2905 conspexistis,
598 2845 654 2890 eta
681 2835 724 2890 ria
740 2836 812 2906 regia
827 2837 908 2893 dccli·
968 2839 1011 2886 ata
1032 2835 1163 2900 sapientia
1182 2850 1215 2891 cx
1234 2836 1276 2892 bis
1295 2836 1385 2905 eligat,
1410 2835 1541 2918 quirlqnid
1562 2834 1751 2901 nrntcssariuet

114 2914 221 2970 nantes,
240 2923 322 2961 unum
338 2906 443 2961 seilicet
455 2906 489 2960 ad
503 2905 642 2960 sinistram
653 2906 831 2980 inabruptum
844 2924 908 2961 oon-
958 2900 1122 2973 d'tgumnque
1135 2907 1168 2959 ad
1184 2906 1253 2960 irlertt
1269 2907 1405 2977 ttrgotimrt
1457 2917 1560 2961 rtmens
1572 2902 1746 2974 judicaverit.

114 2974 316 3046 iringendamm
330 2976 477 3046 imaginum
496 2975 571 3046 pmla
593 2992 661 3042 sum,
675 2975 863 3032 alterurntero
874 2979 907 3032 ad
958 2969 1137 3029 Obsecramos
1152 2975 1244 3045 itaque
1261 2977 1398 3031 lturniliter
1414 2975 1676 3031 atundantissimam
1689 2975 1746 3045 pie-

113 3045 253 3101 derteram
267 3046 293 3101 in
302 3046 518 3115 superstitiosam
534 3045 566 3099 ri·
578 3047 657 3102 elicet
670 3047 825 3101 earontdem
840 3047 907 3101 ima·
959 3048 1042 3097 tatem
1056 3053 1185 3111 rostram,
1206 3057 1236 3101 nt
1257 3063 1309 3104 non
1326 3048 1404 3103 nolis
1428 3047 1596 3110 ascribatur,
1616 3044 1689 3113 qoidt
1701 3045 1747 3099 uid

113 3116 205 3184 glnom
217 3116 402 3171 adorationem
417 3115 575 3184 proclivem,
597 3116 720 3172 noluistis
741 3132 788 3171 ros
809 3087 943 3172 allectec
959 3111 1097 3193 iltiminus
1115 3125 1162 3170 ant
1176 3117 1312 3182 indecens,
1324 3126 1406 3172 aut...
1422 3118 1559 3172 inventurn
1574 3115 1664 3170 ltrerit.
1679 3061 1749 3170 irat

112 3185 222 3253 pietatis
235 3187 352 3241 medinm
365 3201 510 3255 opponere,
526 3188 555 3240 'et
565 3187 705 3258 utriusque
716 3188 801 3257 partis
814 3189 909 3243 morbo
958 3199 1029 3238 emm
1043 3182 1170 3251 laterum,
1190 3189 1252 3256 quia
1275 3188 1400 3258 attgustia
1417 3188 1547 3257 temporis
1558 3185 1749 3260 prepediente,

113 3254 280 3309 salutiferam
309 3256 469 3311 medicinam
479 3254 612 3311 coulerre.
959 3266 1009 3308 nee
1024 3264 1125 3323 quanta
1136 3257 1279 3321 coluimus,
1300 3276 1349 3314 nec
1366 3267 1465 3328 quauta
1480 3259 1626 3328 puurinms,
1640 3256 1749 3328 collegi·

149 3322 202 3378 Sed
227 3327 355 3395 quoniam
380 3326 526 3379 maxirrmur
540 3327 615 3380 tobis
637 3327 663 3381 in
687 3343 719 3382 eu
738 3325 909 3384 obstaculum
959 3338 1032 3388 utus,
1046 3324 1093 3380 setl
1108 3329 1319 3384 tantumrestris
1333 3330 1416 3385 sacris
1430 3328 1648 3397 itrssiuniltus,ut
1671 3329 1749 3383 rlccet

112 3402 180 3457 etat,
192 3409 224 3448 co
238 3396 309 3462 quod
329 3411 392 3464 pars
405 3395 449 3449 illa
462 3410 521 3463 quac
532 3395 646 3450 rlelndrat
658 3405 746 3450 errata
760 3397 909 3466 corrigere,
958 3402 985 3447 ct
999 3403 1115 3466 oportet,
1132 3397 1195 3453 totis
1210 3399 1314 3455 nisibus
1325 3415 1420 3470 parere
1430 3398 1578 3469 cupientes,
1592 3413 1651 3467 qua·
1664 3412 1754 3468 parre.

114 3479 215 3531 srtaqne
227 3467 389 3519 anctoritate
397 3464 509 3532 hujusce
522 3465 722 3533 superstitionis
732 3467 818 3521 errori
830 3467 908 3522 olari·
958 3462 1120 3532 intempore
1146 3468 1180 3521 ad
1197 3485 1292 3525 neruus
1313 3470 1391 3523 nobis
1414 3483 1558 3524 oecttrtere
1582 3475 1727 3537 potrtorunt
1738 3509 1753 3536 ,

114 3542 123 3585 t
136 3533 208 3601 ,ipsa
214 3535 417 3604 prorsuseiderrt
429 3534 610 3604 superstitioni
618 3550 670 3589 non
678 3536 764 3591 solum
773 3536 909 3600 resistcre,

114 3605 299 3659 verumetiam
313 3605 421 3662 incanta
434 3603 591 3659 delensione
607 3615 701 3660 eotrtra
717 3608 907 3661 auetoritttent

115 3671 234 3727 diuinam
247 3683 275 3728 ct
288 3684 442 3729 sauctorum
458 3681 566 3744 patrum
583 3675 653 3728 dicta
666 3675 803 3730 trittdratur
813 3675 909 3731 srtllra-

112 3743 181 3810 gari,
197 3744 390 3812 aperrtitrobis
411 3744 540 3799 Dominus
563 3744 661 3800 ostium
686 3744 761 3813 juxta
786 3754 908 3827 ttprattrrn

112 3812 367 3878 t'obisdesideriutn,
382 3813 526 3868 utlicentia
541 3814 617 3869 robis
628 3817 662 3869 ab
674 3815 767 3870 cadent
781 3818 909 3870 tribuere·

112 3884 910 3955 turauctoritatetantrereieumrestrisqnasrcrnlilarttiliari·

111 3952 908 4024 terreribttem,utquoniamineratrobisrulrtntasconsn·

110 4017 327 4083 lendi,etdeerat
340 4024 488 4079 auctoritas
507 4025 654 4093 qtncreudi,
672 4028 731 4098 ‹ejrn
747 4026 909 4080 atretotitate

109 4093 910 4164 quaereretisrct·itatem,eejusarrrtoritrsderlaretidebatur

110 4159 145 4214 ab
156 4160 346 4282 ipsareritate,
364 4170 498 4234 quatetnrs
511 4173 604 4219 saneto
620 4175 709 4223 restro
728 4167 865 4223 desiderio
877 4184 910 4222 ac

110 4228 163 4299 rigi
175 4231 231 4285 anti
251 4233 340 4288 statio
355 4234 456 4288 rerilas
469 4235 684 4303 patefacerem
701 4252 730 4292 sc
749 4237 775 4292 in
790 4237 908 4292 medinm

109 4302 363 4378 estetrdctet,etiatu
378 4304 434 4372 ipsa
448 4306 597 4360 auctoritas
608 4307 699 4362 rolens
710 4308 909 4377 nolertsquere-

110 4370 184 4423 rrtati
198 4371 398 4442 eederctatqtre
424 4376 622 4430 succumberet.
654 4377 752 4430 Verum
775 4379 902 4447 quuttiam

108 4435 224 4493 t'tatrnm
240 4441 375 4498 etlusuort
387 4452 430 4498 cst
444 4444 611 4514 redigen-la,
626 4455 654 4501 ct
667 4447 790 4503 entiucns
811 4457 904 4502 ancto-

110 4507 177 4587 ritas
189 4524 244 4590 nou
256 4520 298 4565 est
315 4511 392 4566 laeile
407 4485 637 4594 repreinntmda,
653 4516 739 4571 risum
755 4527 797 4572 est
814 4525 903 4572 extre-

109 4585 196 4633 trutau
208 4591 318 4646 nostra,
331 4593 458 4637 utornurs
470 4593 567 4640 restra:
589 4587 744 4643 screnitatis
762 4604 852 4644 scrtno
870 4591 904 4644 ad

109 4646 170 4702 illos
182 4650 376 4716 specialiterex
391 4653 599 4721 apostolicarum
614 4657 774 4712 auctoritate
801 4658 903 4713 littera·

109 4732 169 4770 rum
181 4717 322 4789 dirigatur,
337 4738 451 4791 qnorum
471 4724 588 4792 printrnn
604 4742 685 4780 carisa
698 4727 731 4780 ad
746 4728 804 4782 brec
829 4745 902 4798 qne

109 4788 191 4842 reuda
216 4791 283 4846 estis
304 4791 617 4863 extettrt1,etqrrtrtprtd
638 4796 845 4866 repreltrtrsiotre
875 4799 901 4854 irt

109 4857 231 4927 utrisque
243 4861 365 4929 partibus
375 4861 483 4930 dignum
495 4865 675 4933 cugrnncitrrr,
684 4867 717 4920 ad
726 4865 831 4921 illorum
842 4884 860 4938 p
871 4887 903 4924 ·r··

108 4942 201 4981 sortaut
218 4930 307 4998 potius
323 4930 466 4993 relidatur,
481 4935 618 5002 quilibrte
632 4937 900 5007 admoueriqntssutrt,

107 5006 135 5049 et
148 5013 263 5077 eguerunt
279 5001 445 5065 scandalunt,
457 5003 478 5056 si
491 5005 666 5074 proteritate
686 5018 777 5062 ortum
798 5007 899 5077 l'ueril,

107 5064 212 5123 lucibus
225 5070 332 5124 tolerari
345 5079 441 5140 potest.

143 5135 285 5195 Creditum
300 5141 399 5210 itaque,
416 5141 487 5210 rqnod
505 5141 565 5198 illos
579 5145 810 5215 reprehendenda,
827 5147 897 5204 illis-

107 5219 160 5273 que
179 5211 378 5279 eutrrpatietnlo,
395 5211 461 5267 istos
478 5227 543 5268 reru
563 5214 749 5279 demulcendo,
765 5215 900 5277 laudando

106 5284 134 5329 et
146 5277 323 5344 praeterendo,
342 5298 445 5335 eortnur
458 5297 490 5336 ne
501 5285 689 5339 anctoritatem
714 5287 820 5356 magnis
842 5288 899 5344 lau-

107 5343 171 5425 dum
185 5351 327 5417 praeconiis
337 5299 484 5417 ollerentio,
498 5361 525 5407 ct
550 5362 650 5410 sancte
662 5355 790 5413 [tantane
802 5357 897 5415 Eccle-

107 5429 153 5469 see
168 5420 329 5490 condignam
351 5421 457 5477 lattdem
472 5421 627 5488 deserendo,
643 5426 786 5484 rerimtetn
807 5438 898 5486 tantm

106 5498 138 5565 οξ
157 5489 319 5546 testinroniis
332 5501 487 5547 sartctarum
510 5492 712 5566 seripturarum
735 5507 763 5554 et
788 5509 898 5557 sentcn-

107 5562 152 5610 ttts
168 5571 324 5616 sartctornm
339 5561 451 5617 Petrum
479 5562 505 5617 in
533 5565 650 5620 medinm
675 5567 847 5636 prolerendo,
871 5580 898 5626 et

108 5628 238 5706 aemuler
252 5632 396 5702 sobrieque
408 5633 577 5701 tramittenda,
595 5637 695 5704 poterit
720 5647 809 5694 restra
835 5657 897 5696 satt-

107 5703 227 5755 tttsstma
245 5701 363 5770 deuotio,
388 5702 458 5761 sieut
481 5711 568 5774 optat,
594 5707 718 5780 utrisque
743 5711 895 5770 consulere.

958 3532 1101 3588 breriatbn
1117 3536 1284 3609 collegimus,
1304 3548 1331 3595 et
1351 3540 1413 3594 buic
1438 3539 1513 3609 operi
1538 3553 1624 3608 usque
1644 3537 1678 3591 ad
1702 3552 1748 3592 re-

952 3605 1485 3683 'stramsagacissimametatninationent
1495 3607 1667 3664 inservimus.
1679 3606 1751 3667 liant.

957 3673 1067 3740 qutdam
1079 3683 1232 3731 nostrornm
1247 3680 1279 3733 de
1291 3679 1334 3735 lon
1353 3694 1368 3732 e
1380 3679 1519 3735 retrientes
1531 3695 1584 3733 non
1594 3678 1748 3732 babuerunt

958 3743 1324 3818 spatiumtetrtporisquueren
1345 3765 1366 3815 ις
1381 3747 1618 3818 quidamveronee
1626 3761 1749 3812 causam,

958 3826 1008 3882 pro
1020 3829 1073 3883 qua
1086 3814 1120 3871 ad
1131 3818 1203 3872 bunc
1219 3829 1380 3875 conrcrttttrn
1390 3818 1482 3873 venire
1488 3818 1558 3888 jussi
1573 3826 1646 3883 sunt,
1661 3818 1747 3872 donee

958 3894 1147 3955 peruenerunt,
1169 3889 1303 3944 retaciter
1324 3904 1403 3945 nosse
1419 3898 1574 3970 putuerunt.
1604 3887 1746 3942 lietduinus

959 3967 1075 4023 namque
1101 3955 1265 4022 iullrmitate,
1282 3959 1308 4014 in
1332 3975 1384 4030 qua
1399 3959 1549 4015 drtrtissime
1563 3959 1677 4024 laborat,
1701 3958 1748 4014 de·

959 4030 1049 4078 tctttus
1067 4025 1298 4098 renircneqtritil.

995 4092 1052 4148 Scit
1069 4093 1105 4150 ita
1127 4112 1160 4151 ue
1173 4097 1329 4166 plenissime
1343 4099 1499 4154 excellentia
1512 4109 1611 4162 restra,
1622 4098 1685 4169 quia
1710 4097 1743 4152 il-

959 4163 1014 4228 lud,
1028 4166 1101 4234 qnod
1159 4183 1171 4220 r
1188 4184 1283 4224 ornnes
1303 4170 1498 4225 catltolicorutn
1522 4169 1605 4224 libros
1623 4168 1746 4224 indurari

960 4235 1106 4291 necessitas
1118 4246 1205 4307 urget,
1216 4239 1313 4309 prolixi
1326 4239 1454 4310 temporis
1462 4241 1549 4310 spatio
1560 4239 1593 4293 ad
1602 4239 1678 4310 legen
1698 4254 1744 4292 rtnt

959 4303 1069 4375 indiget.
1088 4305 1155 4361 Nam
1176 4308 1199 4362 si
1215 4308 1349 4365 subiciens
1371 4310 1487 4381 spatium
1511 4310 1641 4379 temporis
1665 4308 1750 4364 nobis.

959 4374 1089 4431 tributum
1105 4377 1209 4443 luisset,
1222 4388 1296 4434 tanta
1310 4381 1421 4436 llotnirro
1431 4380 1579 4449 opitulante
1589 4387 1747 4449 poteramus

955 4444 1091 4516 tatlligorc,
1106 4463 1167 4517 qtee
1178 4449 1240 4505 baie
1249 4451 1323 4520 operi
1341 4451 1449 4519 copiose
1460 4459 1584 4521 poteraut
1593 4449 1742 4507 abundate.

954 4514 1057 4570 'lernen
1069 4519 1096 4572 in
1108 4518 1151 4575 lris
1163 4536 1225 4589 quae
1239 4521 1351 4576 collecta
1367 4531 1439 4586 sunt,
1459 4536 1592 4576 smnmam
1607 4518 1686 4588 bttjus
1697 4535 1744 4574 nc-

953 4585 1016 4663 gotii
1042 4589 1076 4643 de
1097 4605 1151 4658 quo
1174 4591 1273 4661 agitur,
1301 4591 1417 4648 discrete
1441 4591 1664 4664 cornprebensam
1683 4604 1745 4663 esse

949 4667 1027 4721 turta
1051 4661 1239 4716 auctmitatem
1260 4661 1379 4717 dirinmn
1408 4671 1436 4718 et
1458 4673 1613 4718 sanctorum
1635 4669 1746 4733 patrum

952 4729 1102 4784 setrterrtias
1115 4731 1295 4797 arbitramur,
1312 4732 1349 4788 ita
1364 4733 1499 4798 videlicet,
1515 4742 1545 4789 ut
1558 4732 1743 4802 unusquisqne

952 4792 1040 4876 tidelis
1055 4814 1086 4853 ea
1101 4800 1241 4873 perlegens
1252 4803 1467 4858 aninunltertete
1482 4813 1574 4872 qrteat,
1584 4804 1654 4873 qnod
1675 4801 1743 4856 ima·

951 4881 1028 4988 putes
1038 4878 1193 4925 sanctorum
1217 4874 1297 4927 stulta
1313 4875 1520 4942 ptarsurnptioue
1535 4890 1586 4928 non
1601 4879 1665 4926 sunt
1677 4888 1742 4926 eort-

964 4936 1109 5007 ringemlre,
1124 4950 1151 4994 et
1164 4942 1199 4995 ad
1226 4943 1353 5011 injuriant
1375 4952 1530 4997 sancunnrn
1546 4941 1693 5000 abolendae.
1714 4948 1744 4995 et

950 5009 1247 5128 pertitesdespiciendre
1261 5029 1310 5067 nce
1323 5013 1475 5067 assmtione
1491 5011 1680 5082 superstitiosa
1695 5025 1742 5064 eo-
1784 5016 1788 5024 '

960 5077 1037 5132 enda
1050 5087 1098 5133 aut
1112 5081 1268 5147 adoranda,
1281 5082 1328 5137 scd
1343 5083 1432 5153 potins
1448 5081 1631 5150 liujuseernodi
1646 5097 1740 5151 strper-

950 5145 1060 5203 stitione
1078 5160 1190 5215 remota,
1212 5150 1289 5220 jutta
1303 5168 1394 5207 reram
1421 5153 1577 5223 religionem
1604 5149 1742 5207 rnernorito

950 5226 977 5272 et
994 5219 1095 5275 arauris
1110 5236 1203 5288 eausa,
1227 5223 1261 5277 ob
1277 5222 1491 5279 rotundationem
1514 5239 1607 5278 eorum
1622 5236 1740 5303 qnomm

950 5287 1082 5357 imagines
1096 5290 1234 5357 babendae,
1246 5293 1316 5348 sicut
1327 5310 1342 5347 a
1353 5294 1511 5349 beatissimo
1528 5291 1658 5364 Gregorio
1671 5289 1741 5350 satis

949 5358 1081 5415 tattbolice
1095 5362 1289 5446 perspicueque
1301 5363 1403 5418 dietum
1418 5363 1581 5419 declaratur.

984 5426 1052 5495 Quia
1070 5430 1154 5501 igrtnr
1166 5449 1216 5488 nos
1227 5434 1279 5499 lus,
1292 5434 1338 5504 qni
1353 5434 1379 5487 in
1394 5448 1473 5488 sacra
1487 5433 1550 5488 serlo
1564 5433 1637 5489 beati
1664 5431 1739 5489 netu

948 5500 1062 5568 apostoli
1077 5503 1205 5566 resident,
1220 5504 1327 5573 dignam
1342 5503 1453 5557 borroris
1478 5504 1657 5560 reuerentiam
1677 5499 1739 5571 jure

949 5568 1117 5626 tribuendam
1130 5588 1183 5628 nott
1195 5574 1360 5636 dubitamus,
1372 5581 1400 5627 et
1412 5574 1519 5628 illorum
1533 5590 1596 5644 erga
1609 5575 1739 5643 iruaginrs

947 5640 1484 5713 superstitiosamt'etterationetrtquidam
1498 5644 1739 5708 ristr,omncsret·o

947 5709 1063 5768 aliorum
1080 5712 1165 5770 relatu
1184 5714 1382 5787 coguosdmrts,
1400 5712 1536 5773 soluimus
1546 5716 1665 5789 primum
1674 5729 1739 5770 eua-
