<?xml version="1.0" encoding="UTF-8"?>
<!DOCTYPE html PUBLIC "-//W3C//DTD XHTML 1.0 Transitional//EN"
    "http://www.w3.org/TR/xhtml1/DTD/xhtml1-transitional.dtd">
<html xmlns="http://www.w3.org/1999/xhtml" xml:lang="en" lang="en">
 <head>
  <title>
</title>
<meta http-equiv="Content-Type" content="text/html;charset=utf-8" />
  <meta name='ocr-system' content='tesseract 3.04.00' />
  <meta name='ocr-capabilities' content='ocr_page ocr_carea ocr_par ocr_line ocrx_word'/>
</head>
<body>
  <div class='ocr_page' id='page_1' title='image "./patrologiaecurs17goog_0098.png"; bbox 0 0 3780 6120; ppageno 0'>
   <div class='ocr_carea' id='block_1_1' title="bbox 59 313 1550 386">
    <p class='ocr_par' dir='ltr' id='par_1_1' title="bbox 59 313 1550 386">
     <span class='ocr_line' id='line_1_1' title="bbox 59 313 1550 386; baseline 0.01 -16"><span class='ocrx_word' id='word_1_1' title='bbox 59 318 112 372; x_wconf 81' lang='lat' dir='ltr'>tto</span> <span class='ocrx_word' id='word_1_2' title='bbox 202 314 282 372; x_wconf 81' lang='lat' dir='ltr'>cot).</span> <span class='ocrx_word' id='word_1_3' title='bbox 303 314 440 371; x_wconf 76' lang='lat' dir='ltr'>brutali.</span> <span class='ocrx_word' id='word_1_4' title='bbox 459 346 494 354; x_wconf 97' lang='lat'>-</span> <span class='ocrx_word' id='word_1_5' title='bbox 514 313 660 380; x_wconf 71' lang='lat' dir='ltr'>llorttilt,</span> <span class='ocrx_word' id='word_1_6' title='bbox 681 315 769 380; x_wconf 75' lang='lat' dir='ltr'>ETC..</span> <span class='ocrx_word' id='word_1_7' title='bbox 790 316 854 370; x_wconf 81' lang='lat' dir='ltr'>SEU</span> <span class='ocrx_word' id='word_1_8' title='bbox 876 317 990 372; x_wconf 70' lang='lat' dir='ltr'>(toust</span> <span class='ocrx_word' id='word_1_9' title='bbox 1009 320 1216 379; x_wconf 74' lang='lat' dir='ltr'>aiuuttntts.</span> <span class='ocrx_word' id='word_1_10' title='bbox 1236 356 1269 364; x_wconf 86' lang='lat'><em>-</em></span> <span class='ocrx_word' id='word_1_11' title='bbox 1290 326 1550 386; x_wconf 65' lang='lat' dir='ltr'>transscribit</span> 
     </span>
    </p>
   </div>
   <div class='ocr_carea' id='block_1_2' title="bbox 1654 333 1707 390">
    <p class='ocr_par' dir='ltr' id='par_1_2' title="bbox 1654 333 1707 390">
     <span class='ocr_line' id='line_1_2' title="bbox 1654 333 1707 390; baseline 0.038 -3"><span class='ocrx_word' id='word_1_12' title='bbox 1654 333 1707 390; x_wconf 75' lang='lat' dir='ltr'>itta</span> 
     </span>
    </p>
   </div>
   <div class='ocr_carea' id='block_1_3' title="bbox 60 429 1708 878">
    <p class='ocr_par' dir='ltr' id='par_1_3' title="bbox 60 429 1708 878">
     <span class='ocr_line' id='line_1_3' title="bbox 60 429 1705 504; baseline 0.005 -10"><span class='ocrx_word' id='word_1_13' title='bbox 60 439 166 495; x_wconf 85' lang='lat' dir='ltr'>tissima</span> <span class='ocrx_word' id='word_1_14' title='bbox 189 434 285 504; x_wconf 73' lang='lat' dir='ltr'>regina</span> <span class='ocrx_word' id='word_1_15' title='bbox 308 431 363 486; x_wconf 87' lang='lat' dir='ltr'>iilia</span> <span class='ocrx_word' id='word_1_16' title='bbox 386 437 414 485; x_wconf 88' lang='lat' dir='ltr'>ct</span> <span class='ocrx_word' id='word_1_17' title='bbox 435 429 550 500; x_wconf 83' lang='lat' dir='ltr'>spiritaii</span> <span class='ocrx_word' id='word_1_18' title='bbox 576 440 668 483; x_wconf 89' lang='lat' dir='ltr'>nostra</span> <span class='ocrx_word' id='word_1_19' title='bbox 687 437 857 491; x_wconf 77' lang='lat' dir='ltr'>commatre,</span> <span class='ocrx_word' id='word_1_20' title='bbox 874 429 980 487; x_wconf 76' lang='lat' dir='ltr'>Atilia.</span> <span class='ocrx_word' id='word_1_21' title='bbox 1002 430 1054 486; x_wconf 82' lang='lat' dir='ltr'>Per</span> <span class='ocrx_word' id='word_1_22' title='bbox 1069 434 1118 487; x_wconf 87' lang='lat' dir='ltr'>bas</span> <span class='ocrx_word' id='word_1_23' title='bbox 1137 436 1236 504; x_wconf 81' lang='lat' dir='ltr'><strong>quippe</strong></span> <span class='ocrx_word' id='word_1_24' title='bbox 1250 438 1415 504; x_wconf 85' lang='lat' dir='ltr'>innotuistis,</span> <span class='ocrx_word' id='word_1_25' title='bbox 1429 442 1648 502; x_wconf 80' lang='lat' dir='ltr'>excellentissimi</span> <span class='ocrx_word' id='word_1_26' title='bbox 1662 458 1705 502; x_wconf 88' lang='lat' dir='ltr'>at-</span> 
     </span>
     <span class='ocr_line' id='line_1_4' title="bbox 909 524 1705 601; baseline 0.021 -27"><span class='ocrx_word' id='word_1_27' title='bbox 909 536 961 589; x_wconf 79' lang='lat' dir='ltr'>quc</span> <span class='ocrx_word' id='word_1_28' title='bbox 979 524 1219 591; x_wconf 73' lang='lat' dir='ltr'>precellentissimi</span> <span class='ocrx_word' id='word_1_29' title='bbox 1232 527 1289 591; x_wconf 82' lang='lat' dir='ltr'>atii,</span> <span class='ocrx_word' id='word_1_30' title='bbox 1303 546 1352 584; x_wconf 84' lang='lat' dir='ltr'>ros</span> <span class='ocrx_word' id='word_1_31' title='bbox 1364 547 1471 601; x_wconf 81' lang='lat' dir='ltr'>semper</span> <span class='ocrx_word' id='word_1_32' title='bbox 1487 533 1513 586; x_wconf 91' lang='lat' dir='ltr'>in</span> <span class='ocrx_word' id='word_1_33' title='bbox 1527 550 1619 590; x_wconf 89' lang='lat' dir='ltr'>amore</span> <span class='ocrx_word' id='word_1_34' title='bbox 1632 537 1705 592; x_wconf 84' lang='lat' dir='ltr'>beati</span> 
     </span>
     <span class='ocr_line' id='line_1_5' title="bbox 909 612 1706 684; baseline 0.023 -18"><span class='ocrx_word' id='word_1_35' title='bbox 909 612 982 668; x_wconf 87' lang='lat' dir='ltr'>Petri</span> <span class='ocrx_word' id='word_1_36' title='bbox 997 622 1024 669; x_wconf 92' lang='lat' dir='ltr'>ct</span> <span class='ocrx_word' id='word_1_37' title='bbox 1038 617 1167 684; x_wconf 90' lang='lat' dir='ltr'>spiritalis</span> <span class='ocrx_word' id='word_1_38' title='bbox 1184 621 1278 674; x_wconf 90' lang='lat' dir='ltr'>matris</span> <span class='ocrx_word' id='word_1_39' title='bbox 1290 631 1386 677; x_wconf 73' lang='lat' dir='ltr'>restrae</span> <span class='ocrx_word' id='word_1_40' title='bbox 1397 635 1498 680; x_wconf 81' lang='lat' dir='ltr'>sancte</span> <span class='ocrx_word' id='word_1_41' title='bbox 1514 626 1561 682; x_wconf 87' lang='lat' dir='ltr'>Dei</span> <span class='ocrx_word' id='word_1_42' title='bbox 1576 627 1706 684; x_wconf 71' lang='lat' dir='ltr'>Ecclesiae</span> 
     </span>
     <span class='ocr_line' id='line_1_6' title="bbox 909 710 1708 778; baseline 0.026 -23"><span class='ocrx_word' id='word_1_43' title='bbox 909 710 990 771; x_wconf 86' lang='lat' dir='ltr'>atque</span> <span class='ocrx_word' id='word_1_44' title='bbox 1003 715 1096 761; x_wconf 90' lang='lat' dir='ltr'>nostro</span> <span class='ocrx_word' id='word_1_45' title='bbox 1113 722 1173 763; x_wconf 89' lang='lat' dir='ltr'>esso</span> <span class='ocrx_word' id='word_1_46' title='bbox 1190 725 1393 778; x_wconf 89' lang='lat' dir='ltr'>permansuros,</span> <span class='ocrx_word' id='word_1_47' title='bbox 1410 724 1437 769; x_wconf 91' lang='lat' dir='ltr'>ct</span> <span class='ocrx_word' id='word_1_48' title='bbox 1454 717 1570 773; x_wconf 78' lang='lat' dir='ltr'>viriiiter</span> <span class='ocrx_word' id='word_1_49' title='bbox 1583 719 1708 775; x_wconf 88' lang='lat' dir='ltr'>decerta-</span> 
     </span>
     <span class='ocr_line' id='line_1_7' title="bbox 910 799 1707 878; baseline 0.021 -29"><span class='ocrx_word' id='word_1_50' title='bbox 910 804 1046 866; x_wconf 89' lang='lat' dir='ltr'>turospro</span> <span class='ocrx_word' id='word_1_51' title='bbox 1064 799 1148 868; x_wconf 90' lang='lat' dir='ltr'>ipsius</span> <span class='ocrx_word' id='word_1_52' title='bbox 1163 812 1263 857; x_wconf 76' lang='lat' dir='ltr'>sanctae</span> <span class='ocrx_word' id='word_1_53' title='bbox 1278 804 1323 859; x_wconf 82' lang='lat' dir='ltr'>lici</span> <span class='ocrx_word' id='word_1_54' title='bbox 1338 805 1466 861; x_wconf 75' lang='lat' dir='ltr'>Ecclesiae</span> <span class='ocrx_word' id='word_1_55' title='bbox 1486 817 1568 878; x_wconf 86' lang='lat' dir='ltr'>atque</span> <span class='ocrx_word' id='word_1_56' title='bbox 1583 808 1645 865; x_wconf 89' lang='lat' dir='ltr'>iidei</span> <span class='ocrx_word' id='word_1_57' title='bbox 1661 826 1707 865; x_wconf 92' lang='lat' dir='ltr'>ar-</span> 
     </span>
    </p>
   </div>
   <div class='ocr_carea' id='block_1_4' title="bbox 59 521 858 787">
    <p class='ocr_par' dir='ltr' id='par_1_4' title="bbox 59 521 858 787">
     <span class='ocr_line' id='line_1_8' title="bbox 59 521 857 600; baseline -0.013 -14"><span class='ocrx_word' id='word_1_58' title='bbox 59 541 143 600; x_wconf 81' lang='lat' dir='ltr'>atque</span> <span class='ocrx_word' id='word_1_59' title='bbox 168 523 431 599; x_wconf 78' lang='lat' dir='ltr'>praecellentissimis</span> <span class='ocrx_word' id='word_1_60' title='bbox 454 523 552 577; x_wconf 83' lang='lat' dir='ltr'>restris</span> <span class='ocrx_word' id='word_1_61' title='bbox 574 524 661 586; x_wconf 90' lang='lat' dir='ltr'>natis;</span> <span class='ocrx_word' id='word_1_62' title='bbox 687 530 714 576; x_wconf 87' lang='lat' dir='ltr'>ct</span> <span class='ocrx_word' id='word_1_63' title='bbox 736 521 857 576; x_wconf 85' lang='lat' dir='ltr'>caelestia</span> 
     </span>
     <span class='ocr_line' id='line_1_9' title="bbox 59 615 858 695; baseline -0.014 -17"><span class='ocrx_word' id='word_1_64' title='bbox 59 638 168 695; x_wconf 79' lang='lat' dir='ltr'>auoque</span> <span class='ocrx_word' id='word_1_65' title='bbox 179 620 258 675; x_wconf 83' lang='lat' dir='ltr'>robis</span> <span class='ocrx_word' id='word_1_66' title='bbox 271 633 320 689; x_wconf 87' lang='lat' dir='ltr'>per</span> <span class='ocrx_word' id='word_1_67' title='bbox 333 617 439 672; x_wconf 88' lang='lat' dir='ltr'>inimita</span> <span class='ocrx_word' id='word_1_68' title='bbox 451 617 553 670; x_wconf 90' lang='lat' dir='ltr'>tribuat</span> <span class='ocrx_word' id='word_1_69' title='bbox 569 616 740 685; x_wconf 76' lang='lat' dir='ltr'>premiorum</span> <span class='ocrx_word' id='word_1_70' title='bbox 761 615 858 686; x_wconf 81' lang='lat' dir='ltr'>gaudia</span> 
     </span>
     <span class='ocr_line' id='line_1_10' title="bbox 61 709 858 787; baseline -0.013 -17"><span class='ocrx_word' id='word_1_71' title='bbox 61 714 236 787; x_wconf 84' lang='lat' dir='ltr'>possidenda.</span> <span class='ocrx_word' id='word_1_72' title='bbox 249 711 414 766; x_wconf 88' lang='lat' dir='ltr'>incolumem</span> <span class='ocrx_word' id='word_1_73' title='bbox 431 709 620 764; x_wconf 79' lang='lat' dir='ltr'>excellentiam</span> <span class='ocrx_word' id='word_1_74' title='bbox 634 716 753 763; x_wconf 86' lang='lat' dir='ltr'>vestram</span> <span class='ocrx_word' id='word_1_75' title='bbox 770 709 858 778; x_wconf 78' lang='lat' dir='ltr'>gratia</span> 
     </span>
    </p>
   </div>
   <div class='ocr_carea' id='block_1_5' title="bbox 62 807 502 950">
    <p class='ocr_par' dir='ltr' id='par_1_5' title="bbox 62 807 502 950">
     <span class='ocr_line' id='line_1_11' title="bbox 62 807 344 877; baseline -0.018 -13"><span class='ocrx_word' id='word_1_76' title='bbox 62 823 179 877; x_wconf 72' lang='lat' dir='ltr'>superna</span> <span class='ocrx_word' id='word_1_77' title='bbox 195 807 344 863; x_wconf 84' lang='lat' dir='ltr'>custodiat.</span> 
     </span>
     <span class='ocr_line' id='line_1_12' title="bbox 417 895 502 950; baseline -0.035 0"><span class='ocrx_word' id='word_1_78' title='bbox 417 895 502 950; x_wconf 83' lang='lat' dir='ltr'>xxx.</span> 
     </span>
    </p>
   </div>
   <div class='ocr_carea' id='block_1_6' title="bbox 116 987 791 1065">
    <p class='ocr_par' dir='ltr' id='par_1_6' title="bbox 116 987 791 1065">
     <span class='ocr_line' id='line_1_13' title="bbox 116 987 791 1065; baseline -0.01 -17"><span class='ocrx_word' id='word_1_79' title='bbox 116 992 200 1065; x_wconf 74' lang='lat'>189</span> <span class='ocrx_word' id='word_1_80' title='bbox 217 989 301 1047; x_wconf 81' lang='lat' dir='ltr'>iiiiii</span> <span class='ocrx_word' id='word_1_81' title='bbox 327 988 493 1045; x_wconf 72' lang='lat' dir='ltr'>spissata</span> <span class='ocrx_word' id='word_1_82' title='bbox 515 987 670 1045; x_wconf 77' lang='lat' dir='ltr'>Etttsuutt</span> <span class='ocrx_word' id='word_1_83' title='bbox 690 988 791 1042; x_wconf 59' lang='lat' dir='ltr'>PAPAE</span> 
     </span>
    </p>
   </div>
   <div class='ocr_carea' id='block_1_7' title="bbox 64 1097 861 1218">
    <p class='ocr_par' dir='ltr' id='par_1_7' title="bbox 64 1097 861 1218">
     <span class='ocr_line' id='line_1_14' title="bbox 64 1097 861 1143; baseline -0.006 0"><span class='ocrx_word' id='word_1_84' title='bbox 64 1104 96 1143; x_wconf 85' lang='lat' dir='ltr'>to</span> <span class='ocrx_word' id='word_1_85' title='bbox 119 1101 231 1143; x_wconf 75' lang='lat' dir='ltr'>nonsart</span> <span class='ocrx_word' id='word_1_86' title='bbox 256 1099 379 1140; x_wconf 77' lang='lat' dir='ltr'>canotus</span> <span class='ocrx_word' id='word_1_87' title='bbox 405 1097 440 1137; x_wconf 86' lang='grc' dir='ltr'><strong>ιτ</strong></span> <span class='ocrx_word' id='word_1_88' title='bbox 465 1097 678 1138; x_wconf 76' lang='lat' dir='ltr'>canotorrassurt</span> <span class='ocrx_word' id='word_1_89' title='bbox 709 1097 792 1138; x_wconf 81' lang='lat' dir='ltr'>nasas</span> <span class='ocrx_word' id='word_1_90' title='bbox 820 1101 861 1138; x_wconf 88' lang='grc' dir='ltr'>ιι-</span> 
     </span>
     <span class='ocr_line' id='line_1_15' title="bbox 419 1170 522 1218; baseline 0.019 -12"><span class='ocrx_word' id='word_1_91' title='bbox 419 1170 522 1218; x_wconf 76' lang='lat' dir='ltr'>neers,</span> 
     </span>
    </p>
   </div>
   <div class='ocr_carea' id='block_1_8' title="bbox 66 1247 860 1514">
    <p class='ocr_par' dir='ltr' id='par_1_8' title="bbox 66 1247 860 1316">
     <span class='ocr_line' id='line_1_16' title="bbox 66 1247 860 1316; baseline -0.003 -13"><span class='ocrx_word' id='word_1_92' title='bbox 66 1248 96 1303; x_wconf 74' lang='lat' dir='ltr'>ie</span> <span class='ocrx_word' id='word_1_93' title='bbox 128 1267 163 1302; x_wconf 84' lang='lat' dir='ltr'>aa</span> <span class='ocrx_word' id='word_1_94' title='bbox 183 1248 350 1302; x_wconf 74' lang='lat' dir='ltr'><strong><em>continemur</em></strong></span> <span class='ocrx_word' id='word_1_95' title='bbox 368 1247 515 1316; x_wconf 78' lang='lat' dir='ltr'>pretiorum</span> <span class='ocrx_word' id='word_1_96' title='bbox 538 1248 662 1307; x_wconf 83' lang='lat' dir='ltr'>actiones,</span> <span class='ocrx_word' id='word_1_97' title='bbox 676 1256 699 1299; x_wconf 87' lang='lat' dir='ltr'>et</span> <span class='ocrx_word' id='word_1_98' title='bbox 716 1247 748 1300; x_wconf 85' lang='lat' dir='ltr'>de</span> <span class='ocrx_word' id='word_1_99' title='bbox 766 1247 860 1301; x_wconf 84' lang='lat' dir='ltr'>litteris</span> 
     </span>
    </p>

    <p class='ocr_par' dir='ltr' id='par_1_9' title="bbox 96 1267 860 1514">
     <span class='ocr_line' id='line_1_17' title="bbox 96 1267 859 1382; baseline -0.005 -8"><span class='ocrx_word' id='word_1_100' title='bbox 96 1267 128 1374; x_wconf 51' lang='lat' dir='ltr'>az</span> <span class='ocrx_word' id='word_1_101' title='bbox 142 1320 181 1373; x_wconf 81' lang='lat' dir='ltr'>eie</span> <span class='ocrx_word' id='word_1_102' title='bbox 202 1319 319 1382; x_wconf 85' lang='lat' dir='ltr'>directis,</span> <span class='ocrx_word' id='word_1_103' title='bbox 337 1327 361 1370; x_wconf 87' lang='lat' dir='ltr'>et</span> <span class='ocrx_word' id='word_1_104' title='bbox 381 1325 408 1369; x_wconf 86' lang='lat' dir='ltr'>at</span> <span class='ocrx_word' id='word_1_105' title='bbox 428 1333 487 1370; x_wconf 83' lang='lat' dir='ltr'>carn</span> <span class='ocrx_word' id='word_1_106' title='bbox 505 1317 612 1370; x_wconf 86' lang='lat' dir='ltr'>domino</span> <span class='ocrx_word' id='word_1_107' title='bbox 630 1318 745 1379; x_wconf 81' lang='lat' dir='ltr'>portitore</span> <span class='ocrx_word' id='word_1_108' title='bbox 758 1335 859 1382; x_wconf 78' lang='lat' dir='ltr'>eoram,</span> 
     </span>
     <span class='ocr_line' id='line_1_18' title="bbox 96 1372 860 1459; baseline -0.003 -17"><span class='ocrx_word' id='word_1_109' title='bbox 96 1406 200 1459; x_wconf 69' lang='lat' dir='ltr'>seraper</span> <span class='ocrx_word' id='word_1_110' title='bbox 230 1404 258 1441; x_wconf 93' lang='lat' dir='ltr'>ro</span> <span class='ocrx_word' id='word_1_111' title='bbox 279 1387 429 1457; x_wconf 69' lang='lat' dir='ltr'><em>defensione</em></span> <span class='ocrx_word' id='word_1_112' title='bbox 447 1397 545 1440; x_wconf 81' lang='lat' dir='ltr'>sancta</span> <span class='ocrx_word' id='word_1_113' title='bbox 559 1386 608 1441; x_wconf 83' lang='lat' dir='ltr'>ilci</span> <span class='ocrx_word' id='word_1_114' title='bbox 621 1372 747 1440; x_wconf 72' lang='lat' dir='ltr'>ccclesia</span> <span class='ocrx_word' id='word_1_115' title='bbox 769 1387 860 1441; x_wconf 82' lang='lat' dir='ltr'>decer-</span> 
     </span>
     <span class='ocr_line' id='line_1_19' title="bbox 97 1406 317 1514; baseline -0.014 0"><span class='ocrx_word' id='word_1_116' title='bbox 97 1471 155 1514; x_wconf 81' lang='lat' dir='ltr'>tare</span> <span class='ocrx_word' id='word_1_117' title='bbox 168 1406 317 1512; x_wconf 45' lang='lat' dir='ltr'>debcant&amp;</span> 
     </span>
    </p>
   </div>
   <div class='ocr_carea' id='block_1_9' title="bbox 146 1549 778 1623">
    <p class='ocr_par' dir='ltr' id='par_1_10' title="bbox 146 1549 778 1623">
     <span class='ocr_line' id='line_1_20' title="bbox 146 1549 778 1623; baseline 0 -18"><span class='ocrx_word' id='word_1_118' title='bbox 146 1553 210 1618; x_wconf 78' lang='lat' dir='ltr'>(Aa.</span> <span class='ocrx_word' id='word_1_119' title='bbox 221 1550 300 1604; x_wconf 86' lang='lat' dir='ltr'>Dom.</span> <span class='ocrx_word' id='word_1_120' title='bbox 315 1549 377 1615; x_wconf 82' lang='lat' dir='ltr'>liii,</span> <span class='ocrx_word' id='word_1_121' title='bbox 392 1549 458 1604; x_wconf 85' lang='lat' dir='ltr'>Cod.</span> <span class='ocrx_word' id='word_1_122' title='bbox 473 1549 536 1604; x_wconf 85' lang='lat' dir='ltr'>Car.</span> <span class='ocrx_word' id='word_1_123' title='bbox 554 1566 596 1612; x_wconf 88' lang='grc' dir='ltr'>ιι,</span> <span class='ocrx_word' id='word_1_124' title='bbox 616 1551 708 1604; x_wconf 82' lang='lat' dir='ltr'>cirron.</span> <span class='ocrx_word' id='word_1_125' title='bbox 721 1551 778 1623; x_wconf 77' lang='lat'>50.)</span> 
     </span>
    </p>
   </div>
   <div class='ocr_carea' id='block_1_10' title="bbox 64 1641 862 1783">
    <p class='ocr_par' dir='ltr' id='par_1_11' title="bbox 64 1641 862 1783">
     <span class='ocr_line' id='line_1_21' title="bbox 64 1641 862 1712; baseline -0.009 -10"><span class='ocrx_word' id='word_1_126' title='bbox 64 1641 402 1702; x_wconf 66' lang='lat' dir='ltr'>iacturarum-carolo</span> <span class='ocrx_word' id='word_1_127' title='bbox 415 1650 442 1696; x_wconf 91' lang='lat' dir='ltr'>et</span> <span class='ocrx_word' id='word_1_128' title='bbox 453 1641 661 1702; x_wconf 71' lang='lat' dir='ltr'>carolomanno,</span> <span class='ocrx_word' id='word_1_129' title='bbox 671 1641 717 1711; x_wconf 87' lang='lat' dir='ltr'>qui</span> <span class='ocrx_word' id='word_1_130' title='bbox 730 1658 778 1712; x_wconf 85' lang='lat' dir='ltr'>per</span> <span class='ocrx_word' id='word_1_131' title='bbox 789 1657 862 1696; x_wconf 87' lang='lat' dir='ltr'>enm-</span> 
     </span>
     <span class='ocr_line' id='line_1_22' title="bbox 97 1712 861 1783; baseline -0.005 -13"><span class='ocrx_word' id='word_1_132' title='bbox 97 1716 159 1770; x_wconf 90' lang='lat' dir='ltr'>dcm</span> <span class='ocrx_word' id='word_1_133' title='bbox 169 1713 359 1783; x_wconf 88' lang='lat' dir='ltr'>primicerium</span> <span class='ocrx_word' id='word_1_134' title='bbox 376 1715 580 1782; x_wconf 76' lang='lat' dir='ltr'>responderant,</span> <span class='ocrx_word' id='word_1_135' title='bbox 595 1728 625 1767; x_wconf 91' lang='lat' dir='ltr'>sc</span> <span class='ocrx_word' id='word_1_136' title='bbox 640 1712 691 1766; x_wconf 83' lang='lat' dir='ltr'>bne</span> <span class='ocrx_word' id='word_1_137' title='bbox 706 1721 785 1766; x_wconf 87' lang='lat' dir='ltr'>tenus</span> <span class='ocrx_word' id='word_1_138' title='bbox 799 1713 861 1767; x_wconf 80' lang='lat' dir='ltr'>vitm</span> 
     </span>
    </p>
   </div>
   <div class='ocr_carea' id='block_1_11' title="bbox 910 888 1712 1789">
    <p class='ocr_par' dir='ltr' id='par_1_12' title="bbox 910 888 1712 1789">
     <span class='ocr_line' id='line_1_23' title="bbox 910 888 1710 970; baseline 0.018 -28"><span class='ocrx_word' id='word_1_139' title='bbox 910 888 1034 945; x_wconf 78' lang='lat' dir='ltr'>tlrodaxae</span> <span class='ocrx_word' id='word_1_140' title='bbox 1051 890 1222 958; x_wconf 74' lang='lat' dir='ltr'>dcicnsion03</span> <span class='ocrx_word' id='word_1_141' title='bbox 1242 902 1269 947; x_wconf 92' lang='lat' dir='ltr'>et</span> <span class='ocrx_word' id='word_1_142' title='bbox 1286 896 1396 963; x_wconf 80' lang='lat' dir='ltr'>quidum</span> <span class='ocrx_word' id='word_1_143' title='bbox 1412 899 1499 956; x_wconf 81' lang='lat' dir='ltr'>nobis,</span> <span class='ocrx_word' id='word_1_144' title='bbox 1517 901 1580 954; x_wconf 90' lang='lat' dir='ltr'>boni</span> <span class='ocrx_word' id='word_1_145' title='bbox 1598 902 1710 970; x_wconf 74' lang='lat' dir='ltr'>prancel</span> 
     </span>
     <span class='ocr_line' id='line_1_24' title="bbox 910 972 1709 1057; baseline 0.02 -25"><span class='ocrx_word' id='word_1_146' title='bbox 910 979 1052 1035; x_wconf 89' lang='lat' dir='ltr'>lentissimi</span> <span class='ocrx_word' id='word_1_147' title='bbox 1080 997 1167 1050; x_wconf 72' lang='lat' dir='ltr'>reges,</span> <span class='ocrx_word' id='word_1_148' title='bbox 1184 985 1217 1038; x_wconf 89' lang='lat' dir='ltr'>de</span> <span class='ocrx_word' id='word_1_149' title='bbox 1235 972 1323 1040; x_wconf 79' lang='lat' dir='ltr'>restra</span> <span class='ocrx_word' id='word_1_150' title='bbox 1343 989 1419 1042; x_wconf 81' lang='lat' dir='ltr'>dmm</span> <span class='ocrx_word' id='word_1_151' title='bbox 1439 989 1623 1057; x_wconf 86' lang='lat' dir='ltr'>hujuscemodi</span> <span class='ocrx_word' id='word_1_152' title='bbox 1645 1009 1709 1049; x_wconf 89' lang='lat' dir='ltr'>cou-</span> 
     </span>
     <span class='ocr_line' id='line_1_25' title="bbox 910 1072 1710 1154; baseline 0.02 -30"><span class='ocrx_word' id='word_1_153' title='bbox 910 1072 1010 1125; x_wconf 88' lang='lat' dir='ltr'>stantia</span> <span class='ocrx_word' id='word_1_154' title='bbox 1037 1074 1148 1129; x_wconf 92' lang='lat' dir='ltr'>omuino</span> <span class='ocrx_word' id='word_1_155' title='bbox 1174 1076 1363 1131; x_wconf 74' lang='lat' dir='ltr'>crrrbdcndum</span> <span class='ocrx_word' id='word_1_156' title='bbox 1390 1090 1449 1143; x_wconf 86' lang='lat' dir='ltr'>cst,</span> <span class='ocrx_word' id='word_1_157' title='bbox 1478 1098 1619 1152; x_wconf 82' lang='lat' dir='ltr'>magnam,</span> <span class='ocrx_word' id='word_1_158' title='bbox 1648 1094 1710 1154; x_wconf 90' lang='lat' dir='ltr'>post</span> 
     </span>
     <span class='ocr_line' id='line_1_26' title="bbox 911 1162 1708 1243; baseline 0.02 -28"><span class='ocrx_word' id='word_1_159' title='bbox 911 1162 1004 1225; x_wconf 72' lang='lat' dir='ltr'>Desint,</span> <span class='ocrx_word' id='word_1_160' title='bbox 1020 1163 1047 1216; x_wconf 92' lang='lat' dir='ltr'>iu</span> <span class='ocrx_word' id='word_1_161' title='bbox 1063 1165 1139 1219; x_wconf 86' lang='lat' dir='ltr'>robis</span> <span class='ocrx_word' id='word_1_162' title='bbox 1154 1166 1286 1222; x_wconf 77' lang='lat' dir='ltr'>bohemos</span> <span class='ocrx_word' id='word_1_163' title='bbox 1301 1185 1386 1238; x_wconf 87' lang='lat' dir='ltr'>spem.</span> <span class='ocrx_word' id='word_1_164' title='bbox 1404 1171 1457 1225; x_wconf 87' lang='lat' dir='ltr'>Scd</span> <span class='ocrx_word' id='word_1_165' title='bbox 1473 1174 1644 1243; x_wconf 86' lang='lat' dir='ltr'>orunipotens</span> <span class='ocrx_word' id='word_1_166' title='bbox 1655 1177 1708 1230; x_wconf 83' lang='lat' dir='ltr'>llo·</span> 
     </span>
     <span class='ocr_line' id='line_1_27' title="bbox 911 1255 1708 1335; baseline 0.018 -27"><span class='ocrx_word' id='word_1_167' title='bbox 911 1255 1010 1318; x_wconf 90' lang='lat' dir='ltr'>minus,</span> <span class='ocrx_word' id='word_1_168' title='bbox 1027 1257 1072 1325; x_wconf 85' lang='lat' dir='ltr'>qui</span> <span class='ocrx_word' id='word_1_169' title='bbox 1093 1257 1168 1312; x_wconf 78' lang='lat' dir='ltr'>dives</span> <span class='ocrx_word' id='word_1_170' title='bbox 1189 1261 1272 1314; x_wconf 87' lang='lat' dir='ltr'>estin</span> <span class='ocrx_word' id='word_1_171' title='bbox 1290 1263 1494 1326; x_wconf 78' lang='lat' dir='ltr'>misericordiis,</span> <span class='ocrx_word' id='word_1_172' title='bbox 1509 1266 1543 1319; x_wconf 90' lang='lat' dir='ltr'>ad</span> <span class='ocrx_word' id='word_1_173' title='bbox 1561 1266 1708 1335; x_wconf 80' lang='lat' dir='ltr'>perfectam</span> 
     </span>
     <span class='ocr_line' id='line_1_28' title="bbox 911 1349 1709 1416; baseline 0.013 -16"><span class='ocrx_word' id='word_1_174' title='bbox 911 1363 959 1401; x_wconf 84' lang='lat' dir='ltr'>ros</span> <span class='ocrx_word' id='word_1_175' title='bbox 982 1349 1112 1416; x_wconf 76' lang='lat' dir='ltr'>perducat</span> <span class='ocrx_word' id='word_1_176' title='bbox 1135 1358 1259 1414; x_wconf 76' lang='lat' dir='ltr'>aetatem,</span> <span class='ocrx_word' id='word_1_177' title='bbox 1282 1352 1405 1407; x_wconf 82' lang='lat' dir='ltr'>tribuens</span> <span class='ocrx_word' id='word_1_178' title='bbox 1424 1355 1500 1408; x_wconf 80' lang='lat' dir='ltr'>robis</span> <span class='ocrx_word' id='word_1_179' title='bbox 1523 1353 1709 1410; x_wconf 81' lang='lat' dir='ltr'>fortitudinem</span> 
     </span>
     <span class='ocr_line' id='line_1_29' title="bbox 912 1439 1711 1513; baseline 0.014 -22"><span class='ocrx_word' id='word_1_180' title='bbox 912 1439 1014 1492; x_wconf 88' lang='lat' dir='ltr'>bracbii</span> <span class='ocrx_word' id='word_1_181' title='bbox 1027 1440 1079 1503; x_wconf 93' lang='lat' dir='ltr'>sui,</span> <span class='ocrx_word' id='word_1_182' title='bbox 1091 1448 1172 1509; x_wconf 81' lang='lat' dir='ltr'>atquc</span> <span class='ocrx_word' id='word_1_183' title='bbox 1188 1441 1305 1496; x_wconf 65' lang='lat' dir='ltr'>victores</span> <span class='ocrx_word' id='word_1_184' title='bbox 1316 1458 1364 1497; x_wconf 79' lang='lat' dir='ltr'>ros</span> <span class='ocrx_word' id='word_1_185' title='bbox 1379 1459 1460 1513; x_wconf 90' lang='lat' dir='ltr'>super</span> <span class='ocrx_word' id='word_1_186' title='bbox 1471 1460 1565 1500; x_wconf 93' lang='lat' dir='ltr'>omncs</span> <span class='ocrx_word' id='word_1_187' title='bbox 1581 1448 1711 1502; x_wconf 87' lang='lat' dir='ltr'>barbaras</span> 
     </span>
     <span class='ocr_line' id='line_1_30' title="bbox 912 1527 1712 1601; baseline 0.011 -20"><span class='ocrx_word' id='word_1_188' title='bbox 912 1527 1012 1581; x_wconf 80' lang='lat' dir='ltr'>eiiciat</span> <span class='ocrx_word' id='word_1_189' title='bbox 1032 1528 1172 1593; x_wconf 61' lang='lat' dir='ltr'>nationem</span> <span class='ocrx_word' id='word_1_190' title='bbox 1189 1530 1306 1585; x_wconf 88' lang='lat' dir='ltr'>dilatans</span> <span class='ocrx_word' id='word_1_191' title='bbox 1327 1534 1401 1601; x_wconf 79' lang='lat' dir='ltr'>regni</span> <span class='ocrx_word' id='word_1_192' title='bbox 1423 1534 1506 1587; x_wconf 84' lang='lat' dir='ltr'>restri</span> <span class='ocrx_word' id='word_1_193' title='bbox 1530 1536 1658 1590; x_wconf 87' lang='lat' dir='ltr'>terminos</span> <span class='ocrx_word' id='word_1_194' title='bbox 1671 1545 1712 1590; x_wconf 88' lang='lat' dir='ltr'>at·</span> 
     </span>
     <span class='ocr_line' id='line_1_31' title="bbox 913 1619 1711 1697; baseline 0.013 -26"><span class='ocrx_word' id='word_1_195' title='bbox 913 1621 965 1686; x_wconf 86' lang='lat' dir='ltr'>quc</span> <span class='ocrx_word' id='word_1_196' title='bbox 981 1619 1014 1673; x_wconf 91' lang='lat' dir='ltr'>de</span> <span class='ocrx_word' id='word_1_197' title='bbox 1028 1629 1117 1675; x_wconf 82' lang='lat' dir='ltr'>restro</span> <span class='ocrx_word' id='word_1_198' title='bbox 1135 1622 1266 1691; x_wconf 75' lang='lat' dir='ltr'>preclaro</span> <span class='ocrx_word' id='word_1_199' title='bbox 1283 1626 1386 1679; x_wconf 79' lang='lat' dir='ltr'>semiue</span> <span class='ocrx_word' id='word_1_200' title='bbox 1407 1640 1488 1695; x_wconf 86' lang='lat' dir='ltr'>snper</span> <span class='ocrx_word' id='word_1_201' title='bbox 1510 1628 1600 1697; x_wconf 79' lang='lat' dir='ltr'>regale</span> <span class='ocrx_word' id='word_1_202' title='bbox 1614 1627 1711 1682; x_wconf 89' lang='lat' dir='ltr'>solium</span> 
     </span>
     <span class='ocr_line' id='line_1_32' title="bbox 913 1712 1712 1789; baseline 0.013 -26"><span class='ocrx_word' id='word_1_203' title='bbox 913 1712 1041 1779; x_wconf 69' lang='lat' dir='ltr'>potenti-,e</span> <span class='ocrx_word' id='word_1_204' title='bbox 1059 1721 1155 1768; x_wconf 86' lang='lat' dir='ltr'>restrae</span> <span class='ocrx_word' id='word_1_205' title='bbox 1173 1730 1259 1783; x_wconf 88' lang='lat' dir='ltr'>nsque</span> <span class='ocrx_word' id='word_1_206' title='bbox 1282 1716 1309 1770; x_wconf 91' lang='lat' dir='ltr'>in</span> <span class='ocrx_word' id='word_1_207' title='bbox 1332 1716 1412 1772; x_wconf 88' lang='lat' dir='ltr'>iincm</span> <span class='ocrx_word' id='word_1_208' title='bbox 1428 1718 1518 1772; x_wconf 71' lang='lat' dir='ltr'>saeculi</span> <span class='ocrx_word' id='word_1_209' title='bbox 1543 1719 1637 1773; x_wconf 87' lang='lat' dir='ltr'>sedere</span> <span class='ocrx_word' id='word_1_210' title='bbox 1653 1736 1712 1789; x_wconf 86' lang='lat' dir='ltr'>pcr-</span> 
     </span>
    </p>
   </div>
   <div class='ocr_carea' id='block_1_12' title="bbox 95 1781 1712 1872">
    <p class='ocr_par' dir='ltr' id='par_1_13' title="bbox 95 1781 1712 1872">
     <span class='ocr_line' id='line_1_33' title="bbox 95 1781 1712 1872; baseline 0.006 -19"><span class='ocrx_word' id='word_1_211' title='bbox 95 1785 262 1840; x_wconf 63' lang='lat' dir='ltr'>ffliiwlifflffl</span> <span class='ocrx_word' id='word_1_212' title='bbox 291 1781 372 1839; x_wconf 67' lang='lat' dir='ltr'><strong>fidem</strong></span> <span class='ocrx_word' id='word_1_213' title='bbox 399 1793 426 1837; x_wconf 75' lang='lat'>0¹</span> <span class='ocrx_word' id='word_1_214' title='bbox 453 1783 602 1838; x_wconf 63' lang='lat' dir='ltr'>Esssslffliiffl</span> <span class='ocrx_word' id='word_1_215' title='bbox 633 1792 859 1866; x_wconf 59' lang='lat' dir='ltr'>lli⁰ll¹¹8¹¹³il¹l⁰sr</span> <span class='ocrx_word' id='word_1_216' title='bbox 879 1786 1010 1860; x_wconf 66' lang='lat' dir='ltr'>Busirem.</span> <span class='ocrx_word' id='word_1_217' title='bbox 1036 1817 1085 1872; x_wconf 89' lang='lat' dir='ltr'>pro</span> <span class='ocrx_word' id='word_1_218' title='bbox 1107 1812 1207 1857; x_wconf 81' lang='lat' dir='ltr'>mterm</span> <span class='ocrx_word' id='word_1_219' title='bbox 1230 1814 1330 1861; x_wconf 79' lang='lat' dir='ltr'>sanctae</span> <span class='ocrx_word' id='word_1_220' title='bbox 1353 1822 1409 1861; x_wconf 68' lang='lat' dir='ltr'>suae</span> <span class='ocrx_word' id='word_1_221' title='bbox 1424 1808 1712 1864; x_wconf 74' lang='lat' dir='ltr'>Ecclesiarunirersali</span> 
     </span>
    </p>
   </div>
   <div class='ocr_carea' id='block_1_13' title="bbox 96 1854 861 1995">
    <p class='ocr_par' dir='ltr' id='par_1_14' title="bbox 96 1854 861 1995">
     <span class='ocr_line' id='line_1_34' title="bbox 96 1854 861 1924; baseline -0.001 -15"><span class='ocrx_word' id='word_1_222' title='bbox 96 1855 253 1911; x_wconf 89' lang='lat' dir='ltr'>uberrimas</span> <span class='ocrx_word' id='word_1_223' title='bbox 264 1854 321 1924; x_wconf 76' lang='lat' dir='ltr'>agit</span> <span class='ocrx_word' id='word_1_224' title='bbox 336 1854 453 1924; x_wconf 84' lang='lat' dir='ltr'>gratias,</span> <span class='ocrx_word' id='word_1_225' title='bbox 473 1864 599 1923; x_wconf 88' lang='lat' dir='ltr'>repetens</span> <span class='ocrx_word' id='word_1_226' title='bbox 617 1863 646 1908; x_wconf 92' lang='lat' dir='ltr'>ut</span> <span class='ocrx_word' id='word_1_227' title='bbox 670 1863 800 1923; x_wconf 76' lang='lat' dir='ltr'>genitoris</span> <span class='ocrx_word' id='word_1_228' title='bbox 816 1871 861 1908; x_wconf 84' lang='lat' dir='ltr'>re-</span> 
     </span>
     <span class='ocr_line' id='line_1_35' title="bbox 97 1924 483 1995; baseline -0.01 -14"><span class='ocrx_word' id='word_1_229' title='bbox 97 1926 188 1995; x_wconf 75' lang='lat' dir='ltr'>stigiis</span> <span class='ocrx_word' id='word_1_230' title='bbox 201 1939 310 1995; x_wconf 87' lang='lat' dir='ltr'>semper</span> <span class='ocrx_word' id='word_1_231' title='bbox 322 1924 483 1979; x_wconf 73' lang='lat' dir='ltr'>inhereant.</span> 
     </span>
    </p>
   </div>
   <div class='ocr_carea' id='block_1_14' title="bbox 62 2011 865 3095">
    <p class='ocr_par' dir='ltr' id='par_1_15' title="bbox 62 2011 861 2266">
     <span class='ocr_line' id='line_1_36' title="bbox 97 2011 859 2070; baseline -0.005 0"><span class='ocrx_word' id='word_1_232' title='bbox 97 2014 237 2070; x_wconf 75' lang='lat' dir='ltr'>bombisl</span> <span class='ocrx_word' id='word_1_233' title='bbox 251 2012 486 2070; x_wconf 80' lang='lat' dir='ltr'>excellentissimis</span> <span class='ocrx_word' id='word_1_234' title='bbox 510 2011 573 2067; x_wconf 84' lang='lat' dir='ltr'>bliis</span> <span class='ocrx_word' id='word_1_235' title='bbox 589 2012 686 2067; x_wconf 83' lang='lat' dir='ltr'>Carula</span> <span class='ocrx_word' id='word_1_236' title='bbox 708 2021 735 2067; x_wconf 89' lang='lat' dir='ltr'>et</span> <span class='ocrx_word' id='word_1_237' title='bbox 750 2012 859 2067; x_wconf 85' lang='lat' dir='ltr'>Carolo·</span> 
     </span>
     <span class='ocr_line' id='line_1_37' title="bbox 62 2102 861 2175; baseline -0.008 -14"><span class='ocrx_word' id='word_1_238' title='bbox 62 2121 163 2162; x_wconf 85' lang='lat' dir='ltr'>nranuo</span> <span class='ocrx_word' id='word_1_239' title='bbox 177 2104 289 2175; x_wconf 71' lang='lat' dir='ltr'>regiam</span> <span class='ocrx_word' id='word_1_240' title='bbox 299 2102 466 2159; x_wconf 82' lang='lat' dir='ltr'>Francorum</span> <span class='ocrx_word' id='word_1_241' title='bbox 484 2111 511 2158; x_wconf 89' lang='lat' dir='ltr'>et</span> <span class='ocrx_word' id='word_1_242' title='bbox 528 2102 651 2173; x_wconf 90' lang='lat' dir='ltr'>patriciis</span> <span class='ocrx_word' id='word_1_243' title='bbox 666 2103 861 2168; x_wconf 85' lang='lat' dir='ltr'>Romanorum,</span> 
     </span>
     <span class='ocr_line' id='line_1_38' title="bbox 63 2195 260 2266; baseline -0.005 -17"><span class='ocrx_word' id='word_1_244' title='bbox 63 2195 164 2255; x_wconf 73' lang='lat' dir='ltr'>Paulus</span> <span class='ocrx_word' id='word_1_245' title='bbox 177 2210 260 2266; x_wconf 88' lang='lat' dir='ltr'>papa.</span> 
     </span>
    </p>

    <p class='ocr_par' dir='ltr' id='par_1_16' title="bbox 62 2283 865 3095">
     <span class='ocr_line' id='line_1_39' title="bbox 96 2283 863 2355; baseline -0.005 -14"><span class='ocrx_word' id='word_1_246' title='bbox 96 2287 208 2354; x_wconf 80' lang='lat' dir='ltr'>Qrmuto</span> <span class='ocrx_word' id='word_1_247' title='bbox 220 2286 328 2341; x_wconf 88' lang='lat' dir='ltr'>decoris</span> <span class='ocrx_word' id='word_1_248' title='bbox 343 2285 433 2340; x_wconf 85' lang='lat' dir='ltr'>nitore</span> <span class='ocrx_word' id='word_1_249' title='bbox 450 2284 547 2355; x_wconf 81' lang='lat' dir='ltr'>regalis</span> <span class='ocrx_word' id='word_1_250' title='bbox 560 2283 652 2353; x_wconf 72' lang='lat' dir='ltr'>gloriae</span> <span class='ocrx_word' id='word_1_251' title='bbox 669 2283 806 2354; x_wconf 77' lang='lat' dir='ltr'>lastigium</span> <span class='ocrx_word' id='word_1_252' title='bbox 822 2300 863 2338; x_wconf 92' lang='lat' dir='ltr'>or·</span> 
     </span>
     <span class='ocr_line' id='line_1_40' title="bbox 62 2373 861 2445; baseline -0.009 -12"><span class='ocrx_word' id='word_1_253' title='bbox 62 2377 143 2442; x_wconf 81' lang='lat' dir='ltr'>netis,</span> <span class='ocrx_word' id='word_1_254' title='bbox 155 2391 191 2431; x_wconf 86' lang='lat' dir='ltr'>ex</span> <span class='ocrx_word' id='word_1_255' title='bbox 203 2377 253 2431; x_wconf 93' lang='lat' dir='ltr'>boc</span> <span class='ocrx_word' id='word_1_256' title='bbox 263 2376 358 2445; x_wconf 84' lang='lat' dir='ltr'>utique</span> <span class='ocrx_word' id='word_1_257' title='bbox 375 2375 500 2431; x_wconf 92' lang='lat' dir='ltr'>omuibus</span> <span class='ocrx_word' id='word_1_258' title='bbox 512 2382 637 2444; x_wconf 86' lang='lat' dir='ltr'>patenter</span> <span class='ocrx_word' id='word_1_259' title='bbox 648 2373 726 2428; x_wconf 87' lang='lat' dir='ltr'>datur</span> <span class='ocrx_word' id='word_1_260' title='bbox 738 2373 861 2444; x_wconf 77' lang='lat' dir='ltr'>intelligi,</span> 
     </span>
     <span class='ocr_line' id='line_1_41' title="bbox 62 2466 863 2538; baseline -0.002 -14"><span class='ocrx_word' id='word_1_261' title='bbox 62 2470 128 2524; x_wconf 83' lang='lat' dir='ltr'>datu</span> <span class='ocrx_word' id='word_1_262' title='bbox 144 2468 283 2532; x_wconf 90' lang='lat' dir='ltr'>nimirum,</span> <span class='ocrx_word' id='word_1_263' title='bbox 301 2467 371 2522; x_wconf 90' lang='lat' dir='ltr'>sicut</span> <span class='ocrx_word' id='word_1_264' title='bbox 388 2466 520 2538; x_wconf 77' lang='lat' dir='ltr'>praeclaro</span> <span class='ocrx_word' id='word_1_265' title='bbox 537 2481 635 2536; x_wconf 77' lang='lat' dir='ltr'>genere</span> <span class='ocrx_word' id='word_1_266' title='bbox 652 2467 715 2531; x_wconf 93' lang='lat' dir='ltr'>orti,</span> <span class='ocrx_word' id='word_1_267' title='bbox 734 2467 786 2536; x_wconf 91' lang='lat' dir='ltr'>piis</span> <span class='ocrx_word' id='word_1_268' title='bbox 800 2482 863 2536; x_wconf 90' lang='lat' dir='ltr'>ope-</span> 
     </span>
     <span class='ocr_line' id='line_1_42' title="bbox 63 2556 864 2629; baseline -0.005 -13"><span class='ocrx_word' id='word_1_269' title='bbox 63 2560 141 2616; x_wconf 85' lang='lat' dir='ltr'>ribus</span> <span class='ocrx_word' id='word_1_270' title='bbox 160 2575 195 2614; x_wconf 92' lang='lat' dir='ltr'>ac</span> <span class='ocrx_word' id='word_1_271' title='bbox 214 2556 303 2629; x_wconf 76' lang='lat' dir='ltr'>dignis</span> <span class='ocrx_word' id='word_1_272' title='bbox 324 2558 453 2613; x_wconf 71' lang='lat' dir='ltr'>uidemini</span> <span class='ocrx_word' id='word_1_273' title='bbox 479 2557 608 2613; x_wconf 86' lang='lat' dir='ltr'>illustrari</span> <span class='ocrx_word' id='word_1_274' title='bbox 631 2557 762 2613; x_wconf 87' lang='lat' dir='ltr'>moribus.</span> <span class='ocrx_word' id='word_1_275' title='bbox 788 2557 864 2613; x_wconf 83' lang='lat' dir='ltr'>Unde</span> 
     </span>
     <span class='ocr_line' id='line_1_43' title="bbox 63 2651 863 2726; baseline -0.008 -15"><span class='ocrx_word' id='word_1_276' title='bbox 63 2671 147 2711; x_wconf 76' lang='lat' dir='ltr'>naam</span> <span class='ocrx_word' id='word_1_277' title='bbox 159 2654 270 2726; x_wconf 86' lang='lat' dir='ltr'>quidem</span> <span class='ocrx_word' id='word_1_278' title='bbox 282 2651 363 2722; x_wconf 83' lang='lat' dir='ltr'>bajus</span> <span class='ocrx_word' id='word_1_279' title='bbox 376 2651 459 2708; x_wconf 82' lang='lat' dir='ltr'>dirirri</span> <span class='ocrx_word' id='word_1_280' title='bbox 480 2651 600 2708; x_wconf 88' lang='lat' dir='ltr'>muneris</span> <span class='ocrx_word' id='word_1_281' title='bbox 613 2652 727 2722; x_wconf 76' lang='lat' dir='ltr'>gratiam</span> <span class='ocrx_word' id='word_1_282' title='bbox 740 2651 863 2721; x_wconf 88' lang='lat' dir='ltr'>posside-</span> 
     </span>
     <span class='ocr_line' id='line_1_44' title="bbox 62 2740 864 2816; baseline -0.009 -15"><span class='ocrx_word' id='word_1_283' title='bbox 62 2747 100 2801; x_wconf 87' lang='lat' dir='ltr'>tis</span> <span class='ocrx_word' id='word_1_284' title='bbox 111 2762 148 2801; x_wconf 83' lang='lat' dir='ltr'>ex</span> <span class='ocrx_word' id='word_1_285' title='bbox 161 2759 271 2816; x_wconf 69' lang='lat' dir='ltr'>genere,</span> <span class='ocrx_word' id='word_1_286' title='bbox 285 2752 314 2798; x_wconf 89' lang='lat' dir='ltr'>et</span> <span class='ocrx_word' id='word_1_287' title='bbox 326 2742 378 2797; x_wconf 82' lang='lat' dir='ltr'>alia</span> <span class='ocrx_word' id='word_1_288' title='bbox 401 2741 519 2795; x_wconf 88' lang='lat' dir='ltr'>iruimini</span> <span class='ocrx_word' id='word_1_289' title='bbox 534 2758 567 2796; x_wconf 82' lang='lat' dir='ltr'>cx</span> <span class='ocrx_word' id='word_1_290' title='bbox 582 2756 680 2811; x_wconf 71' lang='lat' dir='ltr'>opere,</span> <span class='ocrx_word' id='word_1_291' title='bbox 699 2749 726 2795; x_wconf 92' lang='lat' dir='ltr'>ct</span> <span class='ocrx_word' id='word_1_292' title='bbox 743 2756 793 2794; x_wconf 81' lang='lat' dir='ltr'>nce</span> <span class='ocrx_word' id='word_1_293' title='bbox 814 2740 864 2794; x_wconf 92' lang='lat' dir='ltr'>mi·</span> 
     </span>
     <span class='ocr_line' id='line_1_45' title="bbox 64 2831 862 2903; baseline -0.01 -9"><span class='ocrx_word' id='word_1_294' title='bbox 64 2854 137 2902; x_wconf 87' lang='lat' dir='ltr'>rum,</span> <span class='ocrx_word' id='word_1_295' title='bbox 151 2835 175 2893; x_wconf 88' lang='lat' dir='ltr'>si</span> <span class='ocrx_word' id='word_1_296' title='bbox 190 2835 273 2892; x_wconf 85' lang='lat' dir='ltr'>tantis</span> <span class='ocrx_word' id='word_1_297' title='bbox 288 2833 378 2890; x_wconf 90' lang='lat' dir='ltr'>iuiulis</span> <span class='ocrx_word' id='word_1_298' title='bbox 395 2832 488 2903; x_wconf 74' lang='lat' dir='ltr'>gloriae</span> <span class='ocrx_word' id='word_1_299' title='bbox 505 2831 633 2889; x_wconf 84' lang='lat' dir='ltr'>nobilitas</span> <span class='ocrx_word' id='word_1_300' title='bbox 656 2842 745 2887; x_wconf 81' lang='lat' dir='ltr'>restra</span> <span class='ocrx_word' id='word_1_301' title='bbox 771 2831 862 2900; x_wconf 91' lang='lat' dir='ltr'>pollet,</span> 
     </span>
     <span class='ocr_line' id='line_1_46' title="bbox 62 2924 865 2999; baseline -0.009 -13"><span class='ocrx_word' id='word_1_302' title='bbox 62 2931 131 2986; x_wconf 86' lang='lat' dir='ltr'>dum</span> <span class='ocrx_word' id='word_1_303' title='bbox 147 2928 271 2999; x_wconf 86' lang='lat' dir='ltr'>proiecta</span> <span class='ocrx_word' id='word_1_304' title='bbox 283 2928 469 2997; x_wconf 84' lang='lat' dir='ltr'>scriptumest</span> <span class='ocrx_word' id='word_1_305' title='bbox 487 2943 494 2980; x_wconf 75' lang='grc' dir='ltr'><strong>ι</strong></span> <span class='ocrx_word' id='word_1_306' title='bbox 509 2924 650 2981; x_wconf 73' lang='lat' dir='ltr'>caueratio</span> <span class='ocrx_word' id='word_1_307' title='bbox 671 2935 800 2980; x_wconf 84' lang='lat' dir='ltr'>rectorum</span> <span class='ocrx_word' id='word_1_308' title='bbox 822 2925 865 2979; x_wconf 86' lang='lat' dir='ltr'>ie·</span> 
     </span>
     <span class='ocr_line' id='line_1_47' title="bbox 64 3017 865 3095; baseline -0.01 -16"><span class='ocrx_word' id='word_1_309' title='bbox 64 3024 203 3079; x_wconf 77' lang='lat' dir='ltr'>aedieetarr</span> <span class='ocrx_word' id='word_1_310' title='bbox 216 3019 304 3095; x_wconf 81' lang='lat' dir='ltr'>(Psoi.</span> <span class='ocrx_word' id='word_1_311' title='bbox 318 3020 372 3090; x_wconf 90' lang='grc' dir='ltr'><strong>ιιι).</strong></span> <span class='ocrx_word' id='word_1_312' title='bbox 396 3018 586 3074; x_wconf 88' lang='lat' dir='ltr'>cloriiicamus</span> <span class='ocrx_word' id='word_1_313' title='bbox 608 3017 680 3073; x_wconf 88' lang='lat' dir='ltr'>euim</span> <span class='ocrx_word' id='word_1_314' title='bbox 699 3026 781 3087; x_wconf 85' lang='lat' dir='ltr'>atquc</span> <span class='ocrx_word' id='word_1_315' title='bbox 800 3033 865 3072; x_wconf 89' lang='lat' dir='ltr'>con·</span> 
     </span>
    </p>
   </div>
   <div class='ocr_carea' id='block_1_15' title="bbox 63 3108 899 3195">
    <p class='ocr_par' dir='ltr' id='par_1_17' title="bbox 63 3108 899 3195">
     <span class='ocr_line' id='line_1_48' title="bbox 63 3108 899 3195; baseline -0.012 -24"><span class='ocrx_word' id='word_1_316' title='bbox 63 3116 209 3178; x_wconf 80' lang='lat' dir='ltr'>laudamus</span> <span class='ocrx_word' id='word_1_317' title='bbox 223 3113 269 3168; x_wconf 82' lang='lat' dir='ltr'>uei</span> <span class='ocrx_word' id='word_1_318' title='bbox 291 3111 377 3167; x_wconf 89' lang='lat' dir='ltr'>nostri</span> <span class='ocrx_word' id='word_1_319' title='bbox 401 3109 583 3176; x_wconf 83' lang='lat' dir='ltr'>eierneutiam,</span> <span class='ocrx_word' id='word_1_320' title='bbox 600 3111 645 3180; x_wconf 86' lang='lat' dir='ltr'>qui</span> <span class='ocrx_word' id='word_1_321' title='bbox 672 3117 774 3164; x_wconf 85' lang='lat' dir='ltr'>tautam</span> <span class='ocrx_word' id='word_1_322' title='bbox 787 3108 899 3195; x_wconf 72' lang='lat' dir='ltr'>vobisc</span> 
     </span>
    </p>
   </div>
   <div class='ocr_carea' id='block_1_16' title="bbox 61 3200 866 4466">
    <p class='ocr_par' dir='ltr' id='par_1_18' title="bbox 61 3200 866 4375">
     <span class='ocr_line' id='line_1_49' title="bbox 63 3200 864 3277; baseline -0.01 -16"><span class='ocrx_word' id='word_1_323' title='bbox 63 3207 188 3277; x_wconf 75' lang='lat' dir='ltr'>Spiritum</span> <span class='ocrx_word' id='word_1_324' title='bbox 199 3204 287 3260; x_wconf 81' lang='lat' dir='ltr'>sancti</span> <span class='ocrx_word' id='word_1_325' title='bbox 304 3203 420 3275; x_wconf 78' lang='lat' dir='ltr'>gratiam</span> <span class='ocrx_word' id='word_1_326' title='bbox 436 3201 560 3265; x_wconf 89' lang='lat' dir='ltr'>contulit,</span> <span class='ocrx_word' id='word_1_327' title='bbox 573 3200 630 3270; x_wconf 81' lang='lat' dir='ltr'>jam</span> <span class='ocrx_word' id='word_1_328' title='bbox 647 3215 743 3270; x_wconf 89' lang='lat' dir='ltr'>nempe</span> <span class='ocrx_word' id='word_1_329' title='bbox 760 3200 864 3269; x_wconf 76' lang='lat' dir='ltr'>praede-</span> 
     </span>
     <span class='ocr_line' id='line_1_50' title="bbox 62 3290 866 3362; baseline -0.011 -9"><span class='ocrx_word' id='word_1_330' title='bbox 62 3299 184 3353; x_wconf 84' lang='lat' dir='ltr'>stinatos</span> <span class='ocrx_word' id='word_1_331' title='bbox 195 3311 245 3351; x_wconf 80' lang='lat' dir='ltr'>ros</span> <span class='ocrx_word' id='word_1_332' title='bbox 257 3294 362 3360; x_wconf 80' lang='lat' dir='ltr'>babuit,</span> <span class='ocrx_word' id='word_1_333' title='bbox 379 3302 524 3362; x_wconf 85' lang='lat' dir='ltr'>antequam</span> <span class='ocrx_word' id='word_1_334' title='bbox 538 3293 571 3349; x_wconf 89' lang='lat' dir='ltr'>de</span> <span class='ocrx_word' id='word_1_335' title='bbox 582 3301 705 3347; x_wconf 89' lang='lat' dir='ltr'>materno</span> <span class='ocrx_word' id='word_1_336' title='bbox 720 3290 866 3362; x_wconf 78' lang='lat' dir='ltr'>prodiretis</span> 
     </span>
     <span class='ocr_line' id='line_1_51' title="bbox 63 3385 864 3459; baseline -0.009 -14"><span class='ocrx_word' id='word_1_337' title='bbox 63 3399 155 3454; x_wconf 88' lang='lat' dir='ltr'>utero,</span> <span class='ocrx_word' id='word_1_338' title='bbox 186 3389 314 3459; x_wconf 90' lang='lat' dir='ltr'>quoniam</span> <span class='ocrx_word' id='word_1_339' title='bbox 348 3403 413 3457; x_wconf 84' lang='lat' dir='ltr'>quos</span> <span class='ocrx_word' id='word_1_340' title='bbox 435 3387 573 3458; x_wconf 71' lang='lat' dir='ltr'>praecolit,</span> <span class='ocrx_word' id='word_1_341' title='bbox 600 3397 623 3441; x_wconf 88' lang='lat' dir='ltr'>et</span> <span class='ocrx_word' id='word_1_342' title='bbox 653 3385 864 3456; x_wconf 59' lang='lat' dir='ltr'>praelectionum</span> 
     </span>
     <span class='ocr_line' id='line_1_52' title="bbox 61 3476 865 3553; baseline -0.006 -17"><span class='ocrx_word' id='word_1_343' title='bbox 61 3499 131 3552; x_wconf 75' lang='lat' dir='ltr'>qnos</span> <span class='ocrx_word' id='word_1_344' title='bbox 148 3479 352 3553; x_wconf 72' lang='lat' dir='ltr'>pradestinavit,</span> <span class='ocrx_word' id='word_1_345' title='bbox 372 3479 420 3533; x_wconf 83' lang='lat' dir='ltr'>irat</span> <span class='ocrx_word' id='word_1_346' title='bbox 435 3479 550 3543; x_wconf 84' lang='lat' dir='ltr'>rocaoit,·</span> <span class='ocrx_word' id='word_1_347' title='bbox 563 3488 586 3532; x_wconf 88' lang='lat' dir='ltr'>et</span> <span class='ocrx_word' id='word_1_348' title='bbox 600 3495 665 3550; x_wconf 82' lang='lat' dir='ltr'>quos</span> <span class='ocrx_word' id='word_1_349' title='bbox 683 3479 791 3540; x_wconf 75' lang='lat' dir='ltr'>vocarit,</span> <span class='ocrx_word' id='word_1_350' title='bbox 806 3476 865 3531; x_wconf 81' lang='lat' dir='ltr'>iiior</span> 
     </span>
     <span class='ocr_line' id='line_1_53' title="bbox 62 3568 865 3643; baseline -0.004 -18"><span class='ocrx_word' id='word_1_351' title='bbox 62 3587 87 3631; x_wconf 70' lang='lat' dir='ltr'>er</span> <span class='ocrx_word' id='word_1_352' title='bbox 111 3572 291 3643; x_wconf 69' lang='lat' dir='ltr'>naanificaoit</span> <span class='ocrx_word' id='word_1_353' title='bbox 310 3570 400 3641; x_wconf 77' lang='lat' dir='ltr'>(nom.</span> <span class='ocrx_word' id='word_1_354' title='bbox 412 3570 484 3641; x_wconf 83' lang='grc' dir='ltr'><strong>ιιι).</strong></span> <span class='ocrx_word' id='word_1_355' title='bbox 501 3570 571 3625; x_wconf 80' lang='lat' dir='ltr'>Vere</span> <span class='ocrx_word' id='word_1_356' title='bbox 594 3570 666 3624; x_wconf 87' lang='lat' dir='ltr'>enim</span> <span class='ocrx_word' id='word_1_357' title='bbox 682 3568 865 3640; x_wconf 76' lang='lat' dir='ltr'>magnilicarit</span> 
     </span>
     <span class='ocr_line' id='line_1_54' title="bbox 65 3662 864 3732; baseline -0.008 -10"><span class='ocrx_word' id='word_1_358' title='bbox 65 3666 200 3722; x_wconf 83' lang='lat' dir='ltr'>uominm</span> <span class='ocrx_word' id='word_1_359' title='bbox 213 3662 430 3719; x_wconf 89' lang='lat' dir='ltr'>misericordiam</span> <span class='ocrx_word' id='word_1_360' title='bbox 447 3677 523 3716; x_wconf 85' lang='lat' dir='ltr'>suam</span> <span class='ocrx_word' id='word_1_361' title='bbox 538 3676 688 3731; x_wconf 83' lang='lat' dir='ltr'>supervos,</span> <span class='ocrx_word' id='word_1_362' title='bbox 703 3670 729 3716; x_wconf 90' lang='lat' dir='ltr'>et</span> <span class='ocrx_word' id='word_1_363' title='bbox 746 3662 773 3716; x_wconf 91' lang='lat' dir='ltr'>iu</span> <span class='ocrx_word' id='word_1_364' title='bbox 786 3677 864 3732; x_wconf 81' lang='lat' dir='ltr'>reges</span> 
     </span>
     <span class='ocr_line' id='line_1_55' title="bbox 64 3753 861 3828; baseline -0.005 -16"><span class='ocrx_word' id='word_1_365' title='bbox 64 3774 117 3828; x_wconf 84' lang='lat' dir='ltr'>per</span> <span class='ocrx_word' id='word_1_366' title='bbox 135 3772 217 3812; x_wconf 88' lang='lat' dir='ltr'>suam</span> <span class='ocrx_word' id='word_1_367' title='bbox 231 3753 384 3826; x_wconf 87' lang='lat' dir='ltr'>apostolum</span> <span class='ocrx_word' id='word_1_368' title='bbox 406 3754 516 3809; x_wconf 88' lang='lat' dir='ltr'>beatum</span> <span class='ocrx_word' id='word_1_369' title='bbox 544 3754 654 3809; x_wconf 85' lang='lat' dir='ltr'>Petrum</span> <span class='ocrx_word' id='word_1_370' title='bbox 674 3764 726 3807; x_wconf 73' lang='lat' dir='ltr'>uos</span> <span class='ocrx_word' id='word_1_371' title='bbox 749 3768 861 3822; x_wconf 79' lang='lat' dir='ltr'>ungens,</span> 
     </span>
     <span class='ocr_line' id='line_1_56' title="bbox 64 3843 864 3914; baseline -0.01 -9"><span class='ocrx_word' id='word_1_372' title='bbox 64 3849 226 3905; x_wconf 67' lang='lat' dir='ltr'>Mensores</span> <span class='ocrx_word' id='word_1_373' title='bbox 248 3855 350 3902; x_wconf 79' lang='lat' dir='ltr'>sancta</span> <span class='ocrx_word' id='word_1_374' title='bbox 369 3860 425 3900; x_wconf 85' lang='lat' dir='ltr'>suae</span> <span class='ocrx_word' id='word_1_375' title='bbox 448 3844 577 3900; x_wconf 80' lang='lat' dir='ltr'>Ecclesiae</span> <span class='ocrx_word' id='word_1_376' title='bbox 599 3853 681 3914; x_wconf 83' lang='lat' dir='ltr'>atque</span> <span class='ocrx_word' id='word_1_377' title='bbox 696 3843 757 3899; x_wconf 88' lang='lat' dir='ltr'>iidei</span> <span class='ocrx_word' id='word_1_378' title='bbox 772 3844 864 3898; x_wconf 91' lang='lat' dir='ltr'>ortbo-</span> 
     </span>
     <span class='ocr_line' id='line_1_57' title="bbox 64 3934 864 4005; baseline -0.009 -9"><span class='ocrx_word' id='word_1_379' title='bbox 64 3942 144 3996; x_wconf 80' lang='lat' dir='ltr'>doxae</span> <span class='ocrx_word' id='word_1_380' title='bbox 157 3937 333 4001; x_wconf 65' lang='lat' dir='ltr'>constituite,</span> <span class='ocrx_word' id='word_1_381' title='bbox 352 3944 382 3991; x_wconf 89' lang='lat' dir='ltr'>ut</span> <span class='ocrx_word' id='word_1_382' title='bbox 402 3935 557 4004; x_wconf 80' lang='lat' dir='ltr'>participes,</span> <span class='ocrx_word' id='word_1_383' title='bbox 583 3934 609 3988; x_wconf 92' lang='lat' dir='ltr'>in</span> <span class='ocrx_word' id='word_1_384' title='bbox 629 3936 683 3990; x_wconf 92' lang='lat' dir='ltr'>boc</span> <span class='ocrx_word' id='word_1_385' title='bbox 699 3934 778 4005; x_wconf 82' lang='grc'>190</span> <span class='ocrx_word' id='word_1_386' title='bbox 792 3935 864 3989; x_wconf 90' lang='lat' dir='ltr'>bono</span> 
     </span>
     <span class='ocr_line' id='line_1_58' title="bbox 63 4024 862 4102; baseline -0.011 -15"><span class='ocrx_word' id='word_1_387' title='bbox 63 4046 159 4102; x_wconf 84' lang='lat' dir='ltr'>opere,</span> <span class='ocrx_word' id='word_1_388' title='bbox 186 4030 270 4085; x_wconf 83' lang='lat' dir='ltr'>uestri</span> <span class='ocrx_word' id='word_1_389' title='bbox 295 4026 522 4084; x_wconf 75' lang='lat' dir='ltr'>christianissimi</span> <span class='ocrx_word' id='word_1_390' title='bbox 546 4024 700 4082; x_wconf 89' lang='lat' dir='ltr'>ciliciamini</span> <span class='ocrx_word' id='word_1_391' title='bbox 723 4024 862 4094; x_wconf 82' lang='lat' dir='ltr'>genitoris,</span> 
     </span>
     <span class='ocr_line' id='line_1_59' title="bbox 66 4101 864 4193; baseline -0.009 -15"><span class='ocrx_word' id='word_1_392' title='bbox 66 4140 117 4193; x_wconf 85' lang='lat' dir='ltr'>pro</span> <span class='ocrx_word' id='word_1_393' title='bbox 130 4137 187 4192; x_wconf 81' lang='lat' dir='ltr'>quo</span> <span class='ocrx_word' id='word_1_394' title='bbox 197 4122 279 4190; x_wconf 75' lang='lat' dir='ltr'>digus</span> <span class='ocrx_word' id='word_1_395' title='bbox 294 4120 370 4175; x_wconf 84' lang='lat' dir='ltr'>vobis</span> <span class='ocrx_word' id='word_1_396' title='bbox 380 4119 433 4175; x_wconf 86' lang='lat' dir='ltr'>erit</span> <span class='ocrx_word' id='word_1_397' title='bbox 444 4119 470 4173; x_wconf 93' lang='lat' dir='ltr'>iu</span> <span class='ocrx_word' id='word_1_398' title='bbox 485 4118 642 4174; x_wconf 88' lang='lat' dir='ltr'>coelestibus</span> <span class='ocrx_word' id='word_1_399' title='bbox 653 4117 743 4188; x_wconf 81' lang='lat' dir='ltr'>reguis</span> <span class='ocrx_word' id='word_1_400' title='bbox 756 4101 817 4171; x_wconf 86' lang='lat' dir='ltr'>cum</span> <span class='ocrx_word' id='word_1_401' title='bbox 831 4133 864 4171; x_wconf 91' lang='lat' dir='ltr'>co</span> 
     </span>
     <span class='ocr_line' id='line_1_60' title="bbox 65 4209 864 4276; baseline -0.008 -7"><span class='ocrx_word' id='word_1_402' title='bbox 65 4227 197 4269; x_wconf 61' lang='lat' dir='ltr'>coucam</span> <span class='ocrx_word' id='word_1_403' title='bbox 209 4211 403 4276; x_wconf 84' lang='lat' dir='ltr'>remuneratio,</span> <span class='ocrx_word' id='word_1_404' title='bbox 417 4217 517 4264; x_wconf 87' lang='lat' dir='ltr'>etcum</span> <span class='ocrx_word' id='word_1_405' title='bbox 530 4209 604 4263; x_wconf 82' lang='lat' dir='ltr'>amari</span> <span class='ocrx_word' id='word_1_406' title='bbox 618 4209 695 4264; x_wconf 89' lang='lat' dir='ltr'>eritis</span> <span class='ocrx_word' id='word_1_407' title='bbox 710 4220 864 4264; x_wconf 88' lang='lat' dir='ltr'>sanctorum</span> 
     </span>
     <span class='ocr_line' id='line_1_61' title="bbox 67 4303 353 4375; baseline -0.014 -14"><span class='ocrx_word' id='word_1_408' title='bbox 67 4305 216 4374; x_wconf 73' lang='lat' dir='ltr'>computati</span> <span class='ocrx_word' id='word_1_409' title='bbox 229 4303 353 4375; x_wconf 78' lang='lat' dir='ltr'>collegio.</span> 
     </span>
    </p>

    <p class='ocr_par' dir='ltr' id='par_1_19' title="bbox 101 4391 861 4466">
     <span class='ocr_line' id='line_1_62' title="bbox 101 4391 861 4466; baseline -0.004 -16"><span class='ocrx_word' id='word_1_410' title='bbox 101 4396 206 4450; x_wconf 86' lang='lat' dir='ltr'>interea</span> <span class='ocrx_word' id='word_1_411' title='bbox 216 4394 387 4451; x_wconf 79' lang='lat' dir='ltr'>resersusad</span> <span class='ocrx_word' id='word_1_412' title='bbox 399 4409 448 4448; x_wconf 88' lang='lat' dir='ltr'>nos</span> <span class='ocrx_word' id='word_1_413' title='bbox 460 4394 556 4450; x_wconf 86' lang='lat' dir='ltr'>Petras</span> <span class='ocrx_word' id='word_1_414' title='bbox 565 4393 669 4466; x_wconf 91' lang='lat' dir='ltr'>primus</span> <span class='ocrx_word' id='word_1_415' title='bbox 681 4391 861 4458; x_wconf 79' lang='lat' dir='ltr'>defensorum,</span> 
     </span>
    </p>
   </div>
   <div class='ocr_carea' id='block_1_17' title="bbox 68 4486 1114 4580">
    <p class='ocr_par' dir='ltr' id='par_1_20' title="bbox 68 4486 1114 4580">
     <span class='ocr_line' id='line_1_63' title="bbox 68 4486 1114 4580; baseline 0.014 -43"><span class='ocrx_word' id='word_1_416' title='bbox 68 4490 167 4544; x_wconf 68' lang='lat' dir='ltr'>missas</span> <span class='ocrx_word' id='word_1_417' title='bbox 182 4498 286 4551; x_wconf 85' lang='lat' dir='ltr'>noster,</span> <span class='ocrx_word' id='word_1_418' title='bbox 301 4486 398 4543; x_wconf 89' lang='lat' dir='ltr'>detulit</span> <span class='ocrx_word' id='word_1_419' title='bbox 413 4487 492 4542; x_wconf 90' lang='lat' dir='ltr'>nobis</span> <span class='ocrx_word' id='word_1_420' title='bbox 509 4502 578 4556; x_wconf 87' lang='lat' dir='ltr'>quas</span> <span class='ocrx_word' id='word_1_421' title='bbox 595 4486 733 4542; x_wconf 80' lang='lat' dir='ltr'>direxistis</span> <span class='ocrx_word' id='word_1_422' title='bbox 746 4486 860 4551; x_wconf 83' lang='lat' dir='ltr'>litteras,</span> <span class='ocrx_word' id='word_1_423' title='bbox 880 4496 904 4556; x_wconf 78' lang='grc' dir='ltr'><strong>υ</strong></span> <span class='ocrx_word' id='word_1_424' title='bbox 915 4526 1114 4580; x_wconf 55' lang='lat' dir='ltr'>mmm</span> 
     </span>
    </p>
   </div>
   <div class='ocr_carea' id='block_1_18' title="bbox 69 4579 864 4652">
    <p class='ocr_par' dir='ltr' id='par_1_21' title="bbox 69 4579 864 4652">
     <span class='ocr_line' id='line_1_64' title="bbox 69 4579 864 4652; baseline -0.003 -16"><span class='ocrx_word' id='word_1_425' title='bbox 69 4581 166 4651; x_wconf 79' lang='lat' dir='ltr'>quibas</span> <span class='ocrx_word' id='word_1_426' title='bbox 177 4580 296 4646; x_wconf 84' lang='lat' dir='ltr'>relectis,</span> <span class='ocrx_word' id='word_1_427' title='bbox 308 4594 406 4652; x_wconf 80' lang='lat' dir='ltr'>magna</span> <span class='ocrx_word' id='word_1_428' title='bbox 423 4596 470 4636; x_wconf 93' lang='lat' dir='ltr'>cor</span> <span class='ocrx_word' id='word_1_429' title='bbox 483 4590 604 4636; x_wconf 87' lang='lat' dir='ltr'>nostrum</span> <span class='ocrx_word' id='word_1_430' title='bbox 618 4580 749 4650; x_wconf 88' lang='lat' dir='ltr'>repletum</span> <span class='ocrx_word' id='word_1_431' title='bbox 765 4589 807 4635; x_wconf 86' lang='lat' dir='ltr'>cst</span> <span class='ocrx_word' id='word_1_432' title='bbox 822 4579 864 4634; x_wconf 66' lang='lat' dir='ltr'>las</span> 
     </span>
    </p>
   </div>
   <div class='ocr_carea' id='block_1_19' title="bbox 63 4715 865 5854">
    <p class='ocr_par' dir='ltr' id='par_1_22' title="bbox 69 4715 864 4862">
     <span class='ocr_line' id='line_1_65' title="bbox 103 4715 864 4790; baseline -0.001 -18"><span class='ocrx_word' id='word_1_433' title='bbox 103 4717 242 4789; x_wconf 69' lang='lat' dir='ltr'>*Argum</span> <span class='ocrx_word' id='word_1_434' title='bbox 258 4718 342 4772; x_wconf 74' lang='lat' dir='ltr'>Pana.</span> <span class='ocrx_word' id='word_1_435' title='bbox 359 4716 436 4790; x_wconf 87' lang='lat' dir='ltr'>(cod.</span> <span class='ocrx_word' id='word_1_436' title='bbox 454 4715 512 4771; x_wconf 82' lang='lat' dir='ltr'>Vat.</span> <span class='ocrx_word' id='word_1_437' title='bbox 528 4717 653 4788; x_wconf 67' lang='lat' dir='ltr'>pratil),</span> <span class='ocrx_word' id='word_1_438' title='bbox 668 4725 696 4772; x_wconf 88' lang='lat' dir='ltr'>et</span> <span class='ocrx_word' id='word_1_439' title='bbox 711 4717 763 4771; x_wconf 92' lang='lat' dir='ltr'>boc</span> <span class='ocrx_word' id='word_1_440' title='bbox 784 4733 864 4790; x_wconf 80' lang='lat' dir='ltr'>argnt-</span> 
     </span>
     <span class='ocr_line' id='line_1_66' title="bbox 69 4787 737 4862; baseline -0.001 -21"><span class='ocrx_word' id='word_1_441' title='bbox 69 4797 189 4843; x_wconf 83' lang='lat' dir='ltr'>rnentum</span> <span class='ocrx_word' id='word_1_442' title='bbox 204 4788 290 4858; x_wconf 81' lang='lat' dir='ltr'>repeti</span> <span class='ocrx_word' id='word_1_443' title='bbox 303 4797 411 4859; x_wconf 87' lang='lat' dir='ltr'>oportet</span> <span class='ocrx_word' id='word_1_444' title='bbox 425 4803 468 4857; x_wconf 82' lang='lat' dir='ltr'>ep.</span> <span class='ocrx_word' id='word_1_445' title='bbox 483 4789 530 4853; x_wconf 73' lang='lat'>22,</span> <span class='ocrx_word' id='word_1_446' title='bbox 545 4788 580 4841; x_wconf 89' lang='lat' dir='ltr'>ai.</span> <span class='ocrx_word' id='word_1_447' title='bbox 594 4787 638 4842; x_wconf 87' lang='lat' dir='ltr'>tt.</span> <span class='ocrx_word' id='word_1_448' title='bbox 650 4789 737 4862; x_wconf 48' lang='lat' dir='ltr'>cana,</span> 
     </span>
    </p>

    <p class='ocr_par' dir='ltr' id='par_1_23' title="bbox 69 4857 865 5056">
     <span class='ocr_line' id='line_1_67' title="bbox 102 4857 865 4922; baseline 0 -9"><span class='ocrx_word' id='word_1_449' title='bbox 102 4857 233 4914; x_wconf 66' lang='lat' dir='ltr'>bSamm.</span> <span class='ocrx_word' id='word_1_450' title='bbox 245 4858 290 4922; x_wconf 71' lang='lat'>28,</span> <span class='ocrx_word' id='word_1_451' title='bbox 300 4859 441 4920; x_wconf 76' lang='lat' dir='ltr'>Batonius,</span> <span class='ocrx_word' id='word_1_452' title='bbox 453 4859 531 4914; x_wconf 83' lang='lat' dir='ltr'>Ceut.</span> <span class='ocrx_word' id='word_1_453' title='bbox 539 4867 615 4913; x_wconf 78' lang='lat' dir='ltr'>extra</span> <span class='ocrx_word' id='word_1_454' title='bbox 622 4860 744 4913; x_wconf 89' lang='lat' dir='ltr'>ordinem</span> <span class='ocrx_word' id='word_1_455' title='bbox 755 4860 865 4914; x_wconf 80' lang='lat' dir='ltr'>utentio-</span> 
     </span>
     <span class='ocr_line' id='line_1_68' title="bbox 70 4926 865 5002; baseline 0.003 -19"><span class='ocrx_word' id='word_1_456' title='bbox 70 4943 128 4983; x_wconf 82' lang='lat' dir='ltr'>nem</span> <span class='ocrx_word' id='word_1_457' title='bbox 143 4926 250 4985; x_wconf 83' lang='lat' dir='ltr'>iaciunt</span> <span class='ocrx_word' id='word_1_458' title='bbox 265 4931 346 4985; x_wconf 89' lang='lat' dir='ltr'>trium</span> <span class='ocrx_word' id='word_1_459' title='bbox 362 4929 536 5002; x_wconf 85' lang='lat' dir='ltr'>epistolarum</span> <span class='ocrx_word' id='word_1_460' title='bbox 553 4929 586 4984; x_wconf 90' lang='lat' dir='ltr'>ad</span> <span class='ocrx_word' id='word_1_461' title='bbox 606 4929 731 4985; x_wconf 86' lang='lat' dir='ltr'>carolum</span> <span class='ocrx_word' id='word_1_462' title='bbox 743 4937 772 4983; x_wconf 90' lang='lat' dir='ltr'>et</span> <span class='ocrx_word' id='word_1_463' title='bbox 785 4930 865 4985; x_wconf 90' lang='lat' dir='ltr'>caro·</span> 
     </span>
     <span class='ocr_line' id='line_1_69' title="bbox 69 4998 356 5056; baseline 0 -3"><span class='ocrx_word' id='word_1_464' title='bbox 69 4998 233 5055; x_wconf 70' lang='lat' dir='ltr'>mannum.</span> <span class='ocrx_word' id='word_1_465' title='bbox 251 4998 356 5056; x_wconf 76' lang='lat' dir='ltr'>Gneus.</span> 
     </span>
    </p>

    <p class='ocr_par' dir='ltr' id='par_1_24' title="bbox 63 5069 865 5854">
     <span class='ocr_line' id='line_1_70' title="bbox 103 5069 865 5143; baseline 0.004 -19"><span class='ocrx_word' id='word_1_466' title='bbox 103 5069 274 5126; x_wconf 75' lang='lat' dir='ltr'>‘iinnebam</span> <span class='ocrx_word' id='word_1_467' title='bbox 295 5085 376 5142; x_wconf 89' lang='lat' dir='ltr'>supra</span> <span class='ocrx_word' id='word_1_468' title='bbox 400 5069 451 5141; x_wconf 82' lang='lat' dir='ltr'>(ep.</span> <span class='ocrx_word' id='word_1_469' title='bbox 468 5069 512 5133; x_wconf 72' lang='lat'>28,</span> <span class='ocrx_word' id='word_1_470' title='bbox 526 5074 564 5124; x_wconf 84' lang='lat' dir='ltr'>at.</span> <span class='ocrx_word' id='word_1_471' title='bbox 581 5070 637 5142; x_wconf 66' lang='lat' dir='ltr'>ii),</span> <span class='ocrx_word' id='word_1_472' title='bbox 661 5071 789 5143; x_wconf 79' lang='lat' dir='ltr'>pontifice</span> <span class='ocrx_word' id='word_1_473' title='bbox 806 5072 865 5142; x_wconf 91' lang='lat' dir='ltr'>ipso</span> 
     </span>
     <span class='ocr_line' id='line_1_71' title="bbox 69 5139 864 5212; baseline 0.006 -19"><span class='ocrx_word' id='word_1_474' title='bbox 69 5139 121 5195; x_wconf 76' lang='lat' dir='ltr'>iate</span> <span class='ocrx_word' id='word_1_475' title='bbox 155 5150 223 5208; x_wconf 81' lang='lat' dir='ltr'>rete,</span> <span class='ocrx_word' id='word_1_476' title='bbox 242 5141 378 5212; x_wconf 86' lang='lat' dir='ltr'>quomodo</span> <span class='ocrx_word' id='word_1_477' title='bbox 392 5141 484 5195; x_wconf 86' lang='lat' dir='ltr'>unctio</span> <span class='ocrx_word' id='word_1_478' title='bbox 497 5141 648 5196; x_wconf 87' lang='lat' dir='ltr'>istiusmodi</span> <span class='ocrx_word' id='word_1_479' title='bbox 666 5156 681 5196; x_wconf 89' lang='lat' dir='ltr'>a</span> <span class='ocrx_word' id='word_1_480' title='bbox 699 5143 779 5196; x_wconf 82' lang='lat' dir='ltr'>Patro</span> <span class='ocrx_word' id='word_1_481' title='bbox 793 5144 864 5198; x_wconf 86' lang='lat' dir='ltr'>iacta</span> 
     </span>
     <span class='ocr_line' id='line_1_72' title="bbox 68 5210 864 5282; baseline 0.006 -18"><span class='ocrx_word' id='word_1_482' title='bbox 68 5210 130 5265; x_wconf 80' lang='lat' dir='ltr'>intel</span> <span class='ocrx_word' id='word_1_483' title='bbox 141 5212 241 5281; x_wconf 73' lang='lat' dir='ltr'>igetur.</span> <span class='ocrx_word' id='word_1_484' title='bbox 277 5211 411 5268; x_wconf 76' lang='lat' dir='ltr'>Preterea</span> <span class='ocrx_word' id='word_1_485' title='bbox 439 5212 547 5282; x_wconf 89' lang='lat' dir='ltr'>patricii</span> <span class='ocrx_word' id='word_1_486' title='bbox 576 5213 759 5268; x_wconf 77' lang='lat' dir='ltr'>definitionem</span> <span class='ocrx_word' id='word_1_487' title='bbox 787 5214 864 5269; x_wconf 82' lang='lat' dir='ltr'>vaide</span> 
     </span>
     <span class='ocr_line' id='line_1_73' title="bbox 68 5282 864 5364; baseline -0.001 -26"><span class='ocrx_word' id='word_1_488' title='bbox 68 5283 235 5353; x_wconf 73' lang='lat' dir='ltr'>perspicuam</span> <span class='ocrx_word' id='word_1_489' title='bbox 247 5282 293 5338; x_wconf 89' lang='lat' dir='ltr'>bic</span> <span class='ocrx_word' id='word_1_490' title='bbox 307 5282 523 5364; x_wconf 72' lang='lat' dir='ltr'>iubemusque</span> <span class='ocrx_word' id='word_1_491' title='bbox 541 5283 695 5354; x_wconf 78' lang='lat' dir='ltr'>saepissime</span> <span class='ocrx_word' id='word_1_492' title='bbox 707 5284 750 5338; x_wconf 87' lang='lat' dir='ltr'>bis</span> <span class='ocrx_word' id='word_1_493' title='bbox 768 5283 795 5338; x_wconf 90' lang='lat' dir='ltr'>in</span> <span class='ocrx_word' id='word_1_494' title='bbox 807 5300 821 5337; x_wconf 92' lang='lat' dir='ltr'>c</span> <span class='ocrx_word' id='word_1_495' title='bbox 843 5286 864 5343; x_wconf 88' lang='lat' dir='ltr'>i·</span> 
     </span>
     <span class='ocr_line' id='line_1_74' title="bbox 67 5301 865 5424; baseline 0.005 -19"><span class='ocrx_word' id='word_1_496' title='bbox 67 5352 141 5406; x_wconf 81' lang='lat' dir='ltr'>stolis</span> <span class='ocrx_word' id='word_1_497' title='bbox 156 5353 287 5408; x_wconf 86' lang='lat' dir='ltr'>occurrit.</span> <span class='ocrx_word' id='word_1_498' title='bbox 301 5350 565 5424; x_wconf 74' lang='lat' dir='ltr'>Pippinus,e1asque</span> <span class='ocrx_word' id='word_1_499' title='bbox 581 5355 629 5408; x_wconf 88' lang='lat' dir='ltr'>liiii</span> <span class='ocrx_word' id='word_1_500' title='bbox 645 5354 759 5410; x_wconf 77' lang='lat' dir='ltr'>(lamias</span> <span class='ocrx_word' id='word_1_501' title='bbox 774 5364 802 5410; x_wconf 89' lang='lat' dir='ltr'>et</span> <span class='ocrx_word' id='word_1_502' title='bbox 814 5301 865 5409; x_wconf 52' lang='grc' dir='ltr'>δι-</span> 
     </span>
     <span class='ocr_line' id='line_1_75' title="bbox 67 5422 864 5506; baseline 0.005 -29"><span class='ocrx_word' id='word_1_503' title='bbox 67 5423 273 5479; x_wconf 81' lang='lat' dir='ltr'>rolomannusa</span> <span class='ocrx_word' id='word_1_504' title='bbox 297 5422 435 5494; x_wconf 62' lang='lat' dir='ltr'>Strpbauo</span> <span class='ocrx_word' id='word_1_505' title='bbox 459 5441 479 5478; x_wconf 90' lang='lat' dir='ltr'>u</span> <span class='ocrx_word' id='word_1_506' title='bbox 503 5440 581 5506; x_wconf 71' lang='lat' dir='ltr'>reges</span> <span class='ocrx_word' id='word_1_507' title='bbox 604 5424 768 5479; x_wconf 83' lang='lat' dir='ltr'>Francorum</span> <span class='ocrx_word' id='word_1_508' title='bbox 788 5441 864 5481; x_wconf 74' lang='lat' dir='ltr'>sacra</span> 
     </span>
     <span class='ocr_line' id='line_1_76' title="bbox 68 5494 863 5566; baseline 0.006 -20"><span class='ocrx_word' id='word_1_509' title='bbox 68 5495 192 5549; x_wconf 63' lang='lat' dir='ltr'>anniane</span> <span class='ocrx_word' id='word_1_510' title='bbox 207 5494 347 5556; x_wconf 84' lang='lat' dir='ltr'>declarati,</span> <span class='ocrx_word' id='word_1_511' title='bbox 368 5494 448 5550; x_wconf 91' lang='lat' dir='ltr'>simui</span> <span class='ocrx_word' id='word_1_512' title='bbox 469 5495 576 5566; x_wconf 78' lang='lat' dir='ltr'>patricii</span> <span class='ocrx_word' id='word_1_513' title='bbox 599 5495 782 5550; x_wconf 83' lang='lat' dir='ltr'>Romanorum</span> <span class='ocrx_word' id='word_1_514' title='bbox 800 5496 863 5552; x_wconf 89' lang='lat' dir='ltr'>iacti</span> 
     </span>
     <span class='ocr_line' id='line_1_77' title="bbox 65 5564 864 5629; baseline 0.01 -16"><span class='ocrx_word' id='word_1_515' title='bbox 65 5573 150 5629; x_wconf 80' lang='lat' dir='ltr'>crant,</span> <span class='ocrx_word' id='word_1_516' title='bbox 174 5564 337 5620; x_wconf 87' lang='lat' dir='ltr'>nimirumd</span> <span class='ocrx_word' id='word_1_517' title='bbox 365 5581 470 5620; x_wconf 82' lang='lat' dir='ltr'>easorer</span> <span class='ocrx_word' id='word_1_518' title='bbox 486 5577 584 5620; x_wconf 71' lang='lat' dir='ltr'>sanctae</span> <span class='ocrx_word' id='word_1_519' title='bbox 605 5567 653 5619; x_wconf 80' lang='lat' dir='ltr'>liei</span> <span class='ocrx_word' id='word_1_520' title='bbox 673 5565 809 5629; x_wconf 77' lang='lat' dir='ltr'>Ecclesia,</span> <span class='ocrx_word' id='word_1_521' title='bbox 833 5585 864 5621; x_wconf 88' lang='lat' dir='ltr'>ac</span> 
     </span>
     <span class='ocr_line' id='line_1_78' title="bbox 63 5633 864 5707; baseline 0.006 -20"><span class='ocrx_word' id='word_1_522' title='bbox 63 5633 124 5701; x_wconf 70' lang='lat' dir='ltr'>fidei</span> <span class='ocrx_word' id='word_1_523' title='bbox 156 5635 320 5691; x_wconf 79' lang='lat' dir='ltr'>oniodoaa.</span> <span class='ocrx_word' id='word_1_524' title='bbox 370 5636 512 5691; x_wconf 86' lang='lat' dir='ltr'>atriciatus</span> <span class='ocrx_word' id='word_1_525' title='bbox 540 5636 613 5691; x_wconf 90' lang='lat' dir='ltr'>aliud</span> <span class='ocrx_word' id='word_1_526' title='bbox 641 5652 726 5707; x_wconf 77' lang='lat' dir='ltr'>gertus</span> <span class='ocrx_word' id='word_1_527' title='bbox 753 5638 864 5692; x_wconf 87' lang='lat' dir='ltr'>minime</span> 
     </span>
     <span class='ocr_line' id='line_1_79' title="bbox 63 5705 865 5777; baseline 0.002 -17"><span class='ocrx_word' id='word_1_528' title='bbox 63 5714 168 5773; x_wconf 77' lang='lat' dir='ltr'>spectat</span> <span class='ocrx_word' id='word_1_529' title='bbox 187 5707 222 5760; x_wconf 85' lang='lat' dir='ltr'>ad</span> <span class='ocrx_word' id='word_1_530' title='bbox 239 5705 390 5762; x_wconf 74' lang='lat' dir='ltr'>itomanam</span> <span class='ocrx_word' id='word_1_531' title='bbox 407 5707 545 5777; x_wconf 87' lang='lat' dir='ltr'>pontilicis</span> <span class='ocrx_word' id='word_1_532' title='bbox 561 5708 760 5762; x_wconf 78' lang='lat' dir='ltr'>auctoritatem.</span> <span class='ocrx_word' id='word_1_533' title='bbox 778 5707 865 5762; x_wconf 83' lang='lat' dir='ltr'>Locu-</span> 
     </span>
     <span class='ocr_line' id='line_1_80' title="bbox 64 5774 864 5854; baseline -0.003 -17"><span class='ocrx_word' id='word_1_534' title='bbox 64 5774 231 5853; x_wconf 68' lang='lat' dir='ltr'>pietinimus</span> <span class='ocrx_word' id='word_1_535' title='bbox 247 5777 288 5834; x_wconf 85' lang='lat' dir='ltr'>rei</span> <span class='ocrx_word' id='word_1_536' title='bbox 301 5785 385 5834; x_wconf 82' lang='lat' dir='ltr'>testes</span> <span class='ocrx_word' id='word_1_537' title='bbox 400 5776 531 5836; x_wconf 86' lang='lat' dir='ltr'>babemus</span> <span class='ocrx_word' id='word_1_538' title='bbox 545 5779 618 5850; x_wconf 84' lang='lat' dir='ltr'>ipsos</span> <span class='ocrx_word' id='word_1_539' title='bbox 633 5778 781 5850; x_wconf 86' lang='lat' dir='ltr'>pontilices,</span> <span class='ocrx_word' id='word_1_540' title='bbox 796 5794 864 5854; x_wconf 66' lang='grc' dir='ltr'><strong>ιιι-</strong></span> 
     </span>
    </p>
   </div>
   <div class='ocr_carea' id='block_1_20' title="bbox 888 1893 1716 3882">
    <p class='ocr_par' dir='ltr' id='par_1_25' title="bbox 913 1893 1548 1954">
     <span class='ocr_line' id='line_1_81' title="bbox 913 1893 1548 1954; baseline 0.009 -8"><span class='ocrx_word' id='word_1_541' title='bbox 913 1893 1077 1948; x_wconf 83' lang='lat' dir='ltr'>exaltatione</span> <span class='ocrx_word' id='word_1_542' title='bbox 1090 1903 1118 1948; x_wconf 90' lang='lat' dir='ltr'>et</span> <span class='ocrx_word' id='word_1_543' title='bbox 1133 1895 1194 1949; x_wconf 85' lang='lat' dir='ltr'>bdci</span> <span class='ocrx_word' id='word_1_544' title='bbox 1212 1897 1369 1952; x_wconf 75' lang='lat' dir='ltr'>orthodoxa</span> <span class='ocrx_word' id='word_1_545' title='bbox 1382 1898 1548 1954; x_wconf 76' lang='lat' dir='ltr'>defensioue.</span> 
     </span>
    </p>

    <p class='ocr_par' dir='ltr' id='par_1_26' title="bbox 913 1982 1716 3062">
     <span class='ocr_line' id='line_1_82' title="bbox 949 1982 1711 2053; baseline 0.008 -17"><span class='ocrx_word' id='word_1_546' title='bbox 949 1982 1001 2036; x_wconf 84' lang='lat' dir='ltr'>Sed</span> <span class='ocrx_word' id='word_1_547' title='bbox 1019 1992 1090 2053; x_wconf 89' lang='lat' dir='ltr'>peto,</span> <span class='ocrx_word' id='word_1_548' title='bbox 1105 1985 1327 2040; x_wconf 85' lang='lat' dir='ltr'>excellentissimi</span> <span class='ocrx_word' id='word_1_549' title='bbox 1340 1988 1398 2050; x_wconf 90' lang='lat' dir='ltr'>tilii,</span> <span class='ocrx_word' id='word_1_550' title='bbox 1413 1996 1443 2041; x_wconf 92' lang='lat' dir='ltr'>ut</span> <span class='ocrx_word' id='word_1_551' title='bbox 1463 1989 1614 2043; x_wconf 78' lang='lat' dir='ltr'>imitatores</span> <span class='ocrx_word' id='word_1_552' title='bbox 1628 1990 1711 2043; x_wconf 80' lang='lat' dir='ltr'>rostri</span> 
     </span>
     <span class='ocr_line' id='line_1_83' title="bbox 913 2071 1712 2146; baseline 0.008 -20"><span class='ocrx_word' id='word_1_553' title='bbox 913 2071 1138 2127; x_wconf 75' lang='lat' dir='ltr'>christianissimi</span> <span class='ocrx_word' id='word_1_554' title='bbox 1162 2076 1293 2142; x_wconf 79' lang='lat' dir='ltr'>genitoris</span> <span class='ocrx_word' id='word_1_555' title='bbox 1322 2075 1490 2141; x_wconf 78' lang='lat' dir='ltr'>efficiamini,</span> <span class='ocrx_word' id='word_1_556' title='bbox 1523 2076 1634 2146; x_wconf 77' lang='lat' dir='ltr'>ejusque</span> <span class='ocrx_word' id='word_1_557' title='bbox 1655 2078 1712 2132; x_wconf 78' lang='lat' dir='ltr'>ileo</span> 
     </span>
     <span class='ocr_line' id='line_1_84' title="bbox 913 2161 1713 2242; baseline 0.01 -29"><span class='ocrx_word' id='word_1_558' title='bbox 913 2161 1011 2232; x_wconf 88' lang='lat' dir='ltr'>piacita</span> <span class='ocrx_word' id='word_1_559' title='bbox 1024 2173 1169 2242; x_wconf 87' lang='lat' dir='ltr'>sequentes</span> <span class='ocrx_word' id='word_1_560' title='bbox 1178 2166 1302 2236; x_wconf 84' lang='lat' dir='ltr'>vestigia,</span> <span class='ocrx_word' id='word_1_561' title='bbox 1315 2177 1345 2220; x_wconf 91' lang='lat' dir='ltr'>ut</span> <span class='ocrx_word' id='word_1_562' title='bbox 1360 2167 1501 2238; x_wconf 89' lang='lat' dir='ltr'>sicutipse</span> <span class='ocrx_word' id='word_1_563' title='bbox 1516 2169 1643 2238; x_wconf 79' lang='lat' dir='ltr'>ap&#39;cribus</span> <span class='ocrx_word' id='word_1_564' title='bbox 1655 2184 1713 2222; x_wconf 79' lang='lat' dir='ltr'>our-</span> 
     </span>
     <span class='ocr_line' id='line_1_85' title="bbox 913 2252 1715 2328; baseline 0.014 -24"><span class='ocrx_word' id='word_1_565' title='bbox 913 2252 993 2306; x_wconf 88' lang='lat' dir='ltr'>nibus</span> <span class='ocrx_word' id='word_1_566' title='bbox 1007 2254 1133 2323; x_wconf 77' lang='lat' dir='ltr'>gerrtibus</span> <span class='ocrx_word' id='word_1_567' title='bbox 1148 2254 1352 2321; x_wconf 85' lang='lat' dir='ltr'>demonstravit,</span> <span class='ocrx_word' id='word_1_568' title='bbox 1377 2258 1414 2312; x_wconf 88' lang='lat' dir='ltr'>ita</span> <span class='ocrx_word' id='word_1_569' title='bbox 1437 2268 1584 2328; x_wconf 82' lang='lat' dir='ltr'>quoquest</span> <span class='ocrx_word' id='word_1_570' title='bbox 1597 2275 1646 2314; x_wconf 77' lang='lat' dir='ltr'>ros</span> <span class='ocrx_word' id='word_1_571' title='bbox 1664 2261 1715 2314; x_wconf 89' lang='lat' dir='ltr'>bo-</span> 
     </span>
     <span class='ocr_line' id='line_1_86' title="bbox 913 2346 1712 2420; baseline 0.01 -22"><span class='ocrx_word' id='word_1_572' title='bbox 913 2361 978 2398; x_wconf 90' lang='lat' dir='ltr'>num</span> <span class='ocrx_word' id='word_1_573' title='bbox 990 2346 1062 2415; x_wconf 86' lang='lat' dir='ltr'>quod</span> <span class='ocrx_word' id='word_1_574' title='bbox 1080 2348 1201 2418; x_wconf 83' lang='lat' dir='ltr'>coepistis</span> <span class='ocrx_word' id='word_1_575' title='bbox 1215 2365 1283 2420; x_wconf 92' lang='lat' dir='ltr'>opus</span> <span class='ocrx_word' id='word_1_576' title='bbox 1298 2350 1429 2420; x_wconf 87' lang='lat' dir='ltr'>perlicere</span> <span class='ocrx_word' id='word_1_577' title='bbox 1446 2351 1586 2415; x_wconf 87' lang='lat' dir='ltr'>studeatis,</span> <span class='ocrx_word' id='word_1_578' title='bbox 1601 2360 1629 2408; x_wconf 89' lang='lat' dir='ltr'>et</span> <span class='ocrx_word' id='word_1_579' title='bbox 1644 2354 1712 2406; x_wconf 70' lang='lat' dir='ltr'>viri</span> 
     </span>
     <span class='ocr_line' id='line_1_87' title="bbox 914 2438 1714 2514; baseline 0.013 -23"><span class='ocrx_word' id='word_1_580' title='bbox 914 2438 977 2492; x_wconf 90' lang='lat' dir='ltr'>liter</span> <span class='ocrx_word' id='word_1_581' title='bbox 988 2452 1049 2492; x_wconf 93' lang='lat' dir='ltr'>cum</span> <span class='ocrx_word' id='word_1_582' title='bbox 1061 2454 1094 2494; x_wconf 89' lang='lat' dir='ltr'>eo</span> <span class='ocrx_word' id='word_1_583' title='bbox 1107 2440 1257 2505; x_wconf 88' lang='lat' dir='ltr'>decertare,</span> <span class='ocrx_word' id='word_1_584' title='bbox 1271 2451 1405 2512; x_wconf 87' lang='lat' dir='ltr'>quatenus</span> <span class='ocrx_word' id='word_1_585' title='bbox 1424 2445 1590 2514; x_wconf 90' lang='lat' dir='ltr'>amplissima</span> <span class='ocrx_word' id='word_1_586' title='bbox 1613 2455 1714 2501; x_wconf 80' lang='lat' dir='ltr'>sancte</span> 
     </span>
     <span class='ocr_line' id='line_1_88' title="bbox 915 2529 1715 2601; baseline 0.01 -18"><span class='ocrx_word' id='word_1_587' title='bbox 915 2529 963 2584; x_wconf 82' lang='lat' dir='ltr'>liei</span> <span class='ocrx_word' id='word_1_588' title='bbox 978 2530 1105 2585; x_wconf 77' lang='lat' dir='ltr'>Ecclesiae</span> <span class='ocrx_word' id='word_1_589' title='bbox 1118 2539 1281 2601; x_wconf 86' lang='lat' dir='ltr'>procuretur</span> <span class='ocrx_word' id='word_1_590' title='bbox 1298 2534 1436 2598; x_wconf 82' lang='lat' dir='ltr'>exaltatio,</span> <span class='ocrx_word' id='word_1_591' title='bbox 1450 2535 1513 2588; x_wconf 91' lang='lat' dir='ltr'>dum</span> <span class='ocrx_word' id='word_1_592' title='bbox 1528 2544 1619 2590; x_wconf 77' lang='lat' dir='ltr'>restro</span> <span class='ocrx_word' id='word_1_593' title='bbox 1638 2538 1715 2591; x_wconf 78' lang='lat' dir='ltr'>auri·</span> 
     </span>
     <span class='ocr_line' id='line_1_89' title="bbox 915 2623 1714 2699; baseline 0.006 -22"><span class='ocrx_word' id='word_1_594' title='bbox 915 2623 951 2678; x_wconf 92' lang='lat' dir='ltr'>iio</span> <span class='ocrx_word' id='word_1_595' title='bbox 964 2623 1059 2678; x_wconf 88' lang='lat' dir='ltr'>beatus</span> <span class='ocrx_word' id='word_1_596' title='bbox 1079 2623 1175 2678; x_wconf 90' lang='lat' dir='ltr'>Petrus</span> <span class='ocrx_word' id='word_1_597' title='bbox 1190 2625 1323 2694; x_wconf 83' lang='lat' dir='ltr'>receperit</span> <span class='ocrx_word' id='word_1_598' title='bbox 1333 2623 1454 2693; x_wconf 80' lang='lat' dir='ltr'>justitias</span> <span class='ocrx_word' id='word_1_599' title='bbox 1470 2642 1534 2682; x_wconf 88' lang='lat' dir='ltr'>suas</span> <span class='ocrx_word' id='word_1_600' title='bbox 1545 2626 1570 2693; x_wconf 66' lang='grc' dir='ltr'>ό,</span> <span class='ocrx_word' id='word_1_601' title='bbox 1591 2627 1714 2699; x_wconf 78' lang='lat' dir='ltr'>dignaru-</span> 
     </span>
     <span class='ocr_line' id='line_1_90' title="bbox 914 2717 1716 2790; baseline 0.004 -20"><span class='ocrx_word' id='word_1_602' title='bbox 914 2733 967 2786; x_wconf 84' lang='lat' dir='ltr'>que</span> <span class='ocrx_word' id='word_1_603' title='bbox 979 2732 1012 2770; x_wconf 88' lang='lat' dir='ltr'>er</span> <span class='ocrx_word' id='word_1_604' title='bbox 1027 2717 1078 2771; x_wconf 92' lang='lat' dir='ltr'>boc</span> <span class='ocrx_word' id='word_1_605' title='bbox 1092 2732 1183 2771; x_wconf 89' lang='lat' dir='ltr'>coram</span> <span class='ocrx_word' id='word_1_606' title='bbox 1206 2717 1261 2772; x_wconf 86' lang='lat' dir='ltr'>lieo</span> <span class='ocrx_word' id='word_1_607' title='bbox 1275 2726 1304 2772; x_wconf 90' lang='lat' dir='ltr'>ct</span> <span class='ocrx_word' id='word_1_608' title='bbox 1323 2719 1426 2788; x_wconf 80' lang='lat' dir='ltr'>angelis</span> <span class='ocrx_word' id='word_1_609' title='bbox 1441 2718 1511 2786; x_wconf 81' lang='lat' dir='ltr'>ejus,</span> <span class='ocrx_word' id='word_1_610' title='bbox 1530 2719 1625 2773; x_wconf 85' lang='lat' dir='ltr'>eodcru</span> <span class='ocrx_word' id='word_1_611' title='bbox 1640 2721 1716 2790; x_wconf 91' lang='lat' dir='ltr'>priu-</span> 
     </span>
     <span class='ocr_line' id='line_1_91' title="bbox 914 2808 1715 2880; baseline 0.004 -18"><span class='ocrx_word' id='word_1_612' title='bbox 914 2809 975 2880; x_wconf 93' lang='lat' dir='ltr'>cipe</span> <span class='ocrx_word' id='word_1_613' title='bbox 989 2808 1173 2879; x_wconf 87' lang='lat' dir='ltr'>apostolomm</span> <span class='ocrx_word' id='word_1_614' title='bbox 1196 2810 1275 2864; x_wconf 88' lang='lat' dir='ltr'>beato</span> <span class='ocrx_word' id='word_1_615' title='bbox 1296 2809 1377 2864; x_wconf 85' lang='lat' dir='ltr'>Petro</span> <span class='ocrx_word' id='word_1_616' title='bbox 1395 2811 1603 2875; x_wconf 72' lang='lat' dir='ltr'>interveniente,</span> <span class='ocrx_word' id='word_1_617' title='bbox 1633 2812 1715 2866; x_wconf 81' lang='lat' dir='ltr'>ccele-</span> 
     </span>
     <span class='ocr_line' id='line_1_92' title="bbox 915 2898 1714 2970; baseline 0.003 -17"><span class='ocrx_word' id='word_1_618' title='bbox 915 2900 996 2953; x_wconf 90' lang='lat' dir='ltr'>stiam</span> <span class='ocrx_word' id='word_1_619' title='bbox 1011 2898 1183 2969; x_wconf 71' lang='lat' dir='ltr'>praemiorum</span> <span class='ocrx_word' id='word_1_620' title='bbox 1198 2899 1336 2970; x_wconf 80' lang='lat' dir='ltr'>recipiatis</span> <span class='ocrx_word' id='word_1_621' title='bbox 1360 2901 1614 2965; x_wconf 84' lang='lat' dir='ltr'>remunerationem,</span> <span class='ocrx_word' id='word_1_622' title='bbox 1628 2909 1656 2955; x_wconf 93' lang='lat' dir='ltr'>ct</span> <span class='ocrx_word' id='word_1_623' title='bbox 1669 2917 1714 2955; x_wconf 79' lang='lat' dir='ltr'>re-</span> 
     </span>
     <span class='ocr_line' id='line_1_93' title="bbox 915 2979 1715 3062; baseline 0.006 -19"><span class='ocrx_word' id='word_1_624' title='bbox 915 2990 964 3044; x_wconf 90' lang='lat' dir='ltr'>stri</span> <span class='ocrx_word' id='word_1_625' title='bbox 975 2989 1093 3044; x_wconf 90' lang='lat' dir='ltr'>nominis</span> <span class='ocrx_word' id='word_1_626' title='bbox 1107 2989 1257 3044; x_wconf 69' lang='lat' dir='ltr'>memoria*³</span> <span class='ocrx_word' id='word_1_627' title='bbox 1272 2979 1413 3047; x_wconf 86' lang='lat' dir='ltr'>laudabilis</span> <span class='ocrx_word' id='word_1_628' title='bbox 1421 2992 1498 3062; x_wconf 78' lang='lat'>191</span> <span class='ocrx_word' id='word_1_629' title='bbox 1508 3002 1614 3047; x_wconf 84' lang='lat' dir='ltr'>arancat</span> <span class='ocrx_word' id='word_1_630' title='bbox 1625 2992 1651 3047; x_wconf 89' lang='lat' dir='ltr'>in</span> <span class='ocrx_word' id='word_1_631' title='bbox 1665 3010 1715 3048; x_wconf 70' lang='lat' dir='ltr'>sar-</span> 
     </span>
    </p>

    <p class='ocr_par' dir='ltr' id='par_1_27' title="bbox 888 3080 1715 3882">
     <span class='ocr_line' id='line_1_94' title="bbox 888 3080 1713 3155; baseline 0.008 -21"><span class='ocrx_word' id='word_1_632' title='bbox 888 3084 891 3090; x_wconf 78' lang='grc'><strong><em>’</em></strong></span> <span class='ocrx_word' id='word_1_633' title='bbox 916 3080 1005 3135; x_wconf 91' lang='lat' dir='ltr'>cuium</span> <span class='ocrx_word' id='word_1_634' title='bbox 1019 3080 1110 3136; x_wconf 74' lang='lat' dir='ltr'>sarculi</span> <span class='ocrx_word' id='word_1_635' title='bbox 1123 3081 1269 3152; x_wconf 77' lang='lat' dir='ltr'>divulgata.</span> <span class='ocrx_word' id='word_1_636' title='bbox 1284 3082 1356 3138; x_wconf 86' lang='lat' dir='ltr'>Deus</span> <span class='ocrx_word' id='word_1_637' title='bbox 1368 3093 1458 3139; x_wconf 89' lang='lat' dir='ltr'>autem</span> <span class='ocrx_word' id='word_1_638' title='bbox 1472 3085 1653 3155; x_wconf 79' lang='lat' dir='ltr'>ormupotens,</span> <span class='ocrx_word' id='word_1_639' title='bbox 1666 3086 1713 3154; x_wconf 78' lang='lat' dir='ltr'>arri</span> 
     </span>
     <span class='ocr_line' id='line_1_95' title="bbox 916 3173 1715 3244; baseline 0.004 -17"><span class='ocrx_word' id='word_1_640' title='bbox 916 3181 1058 3228; x_wconf 74' lang='lat' dir='ltr'>cunctarer</span> <span class='ocrx_word' id='word_1_641' title='bbox 1077 3173 1163 3228; x_wconf 90' lang='lat' dir='ltr'>uibiio</span> <span class='ocrx_word' id='word_1_642' title='bbox 1178 3190 1235 3229; x_wconf 74' lang='lat' dir='ltr'>suae</span> <span class='ocrx_word' id='word_1_643' title='bbox 1261 3175 1388 3244; x_wconf 81' lang='lat' dir='ltr'>potentiae</span> <span class='ocrx_word' id='word_1_644' title='bbox 1403 3177 1487 3230; x_wconf 77' lang='lat' dir='ltr'>nerito</span> <span class='ocrx_word' id='word_1_645' title='bbox 1509 3175 1637 3241; x_wconf 86' lang='lat' dir='ltr'>iirmarit,</span> <span class='ocrx_word' id='word_1_646' title='bbox 1657 3179 1715 3230; x_wconf 89' lang='lat' dir='ltr'>suis</span> 
     </span>
     <span class='ocr_line' id='line_1_96' title="bbox 916 3260 1715 3331; baseline 0.009 -18"><span class='ocrx_word' id='word_1_647' title='bbox 916 3276 964 3315; x_wconf 83' lang='lat' dir='ltr'>ros</span> <span class='ocrx_word' id='word_1_648' title='bbox 974 3260 1073 3316; x_wconf 75' lang='lat' dir='ltr'>diuinis</span> <span class='ocrx_word' id='word_1_649' title='bbox 1087 3262 1225 3318; x_wconf 74' lang='lat' dir='ltr'>adimere</span> <span class='ocrx_word' id='word_1_650' title='bbox 1238 3264 1342 3319; x_wconf 89' lang='lat' dir='ltr'>iaciens</span> <span class='ocrx_word' id='word_1_651' title='bbox 1355 3265 1499 3331; x_wconf 84' lang='lat' dir='ltr'>mandatis,</span> <span class='ocrx_word' id='word_1_652' title='bbox 1510 3274 1608 3320; x_wconf 66' lang='lat' dir='ltr'>‘restra</span> <span class='ocrx_word' id='word_1_653' title='bbox 1626 3266 1652 3320; x_wconf 91' lang='lat' dir='ltr'>in</span> <span class='ocrx_word' id='word_1_654' title='bbox 1668 3266 1715 3320; x_wconf 91' lang='lat' dir='ltr'>bc·</span> 
     </span>
     <span class='ocr_line' id='line_1_97' title="bbox 915 3355 1714 3427; baseline 0.001 -18"><span class='ocrx_word' id='word_1_655' title='bbox 915 3355 1051 3426; x_wconf 76' lang='lat' dir='ltr'>trepiacito</span> <span class='ocrx_word' id='word_1_656' title='bbox 1071 3372 1120 3410; x_wconf 89' lang='lat' dir='ltr'>suo</span> <span class='ocrx_word' id='word_1_657' title='bbox 1143 3356 1243 3427; x_wconf 74' lang='lat' dir='ltr'>dirigat</span> <span class='ocrx_word' id='word_1_658' title='bbox 1267 3357 1366 3422; x_wconf 88' lang='lat' dir='ltr'>studia,</span> <span class='ocrx_word' id='word_1_659' title='bbox 1389 3356 1545 3427; x_wconf 82' lang='lat' dir='ltr'>tribuatque</span> <span class='ocrx_word' id='word_1_660' title='bbox 1560 3357 1636 3411; x_wconf 83' lang='lat' dir='ltr'>robis</span> <span class='ocrx_word' id='word_1_661' title='bbox 1650 3374 1714 3427; x_wconf 91' lang='lat' dir='ltr'>pru-</span> 
     </span>
     <span class='ocr_line' id='line_1_98' title="bbox 915 3445 1715 3518; baseline 0.004 -18"><span class='ocrx_word' id='word_1_662' title='bbox 915 3445 1014 3500; x_wconf 71' lang='lat' dir='ltr'>dentiae</span> <span class='ocrx_word' id='word_1_663' title='bbox 1030 3447 1200 3512; x_wconf 89' lang='lat' dir='ltr'>iudustriam,</span> <span class='ocrx_word' id='word_1_664' title='bbox 1218 3448 1337 3517; x_wconf 86' lang='lat' dir='ltr'>qualiter</span> <span class='ocrx_word' id='word_1_665' title='bbox 1347 3448 1423 3518; x_wconf 75' lang='lat' dir='ltr'>regni</span> <span class='ocrx_word' id='word_1_666' title='bbox 1440 3448 1546 3503; x_wconf 88' lang='lat' dir='ltr'>culmen</span> <span class='ocrx_word' id='word_1_667' title='bbox 1563 3449 1715 3518; x_wconf 81' lang='lat' dir='ltr'>gubernare</span> 
     </span>
     <span class='ocr_line' id='line_1_99' title="bbox 916 3534 1715 3609; baseline 0.013 -24"><span class='ocrx_word' id='word_1_668' title='bbox 916 3534 1038 3599; x_wconf 85' lang='lat' dir='ltr'>micatis,</span> <span class='ocrx_word' id='word_1_669' title='bbox 1058 3544 1140 3606; x_wconf 88' lang='lat' dir='ltr'>atque</span> <span class='ocrx_word' id='word_1_670' title='bbox 1162 3539 1365 3593; x_wconf 78' lang='lat' dir='ltr'>adrersantium</span> <span class='ocrx_word' id='word_1_671' title='bbox 1388 3540 1509 3609; x_wconf 75' lang='lat' dir='ltr'>gentium</span> <span class='ocrx_word' id='word_1_672' title='bbox 1525 3539 1649 3594; x_wconf 87' lang='lat' dir='ltr'>trationcs</span> <span class='ocrx_word' id='word_1_673' title='bbox 1672 3555 1715 3595; x_wconf 84' lang='lat' dir='ltr'>rc-</span> 
     </span>
     <span class='ocr_line' id='line_1_100' title="bbox 916 3624 1714 3702; baseline 0.008 -24"><span class='ocrx_word' id='word_1_674' title='bbox 916 3625 966 3679; x_wconf 86' lang='lat' dir='ltr'>tris</span> <span class='ocrx_word' id='word_1_675' title='bbox 980 3624 1106 3693; x_wconf 85' lang='lat' dir='ltr'>subjiciat</span> <span class='ocrx_word' id='word_1_676' title='bbox 1119 3627 1247 3697; x_wconf 87' lang='lat' dir='ltr'>pedibus;</span> <span class='ocrx_word' id='word_1_677' title='bbox 1259 3638 1287 3683; x_wconf 89' lang='lat' dir='ltr'>ct</span> <span class='ocrx_word' id='word_1_678' title='bbox 1300 3629 1372 3684; x_wconf 92' lang='lat' dir='ltr'>sicut</span> <span class='ocrx_word' id='word_1_679' title='bbox 1382 3628 1408 3682; x_wconf 93' lang='lat' dir='ltr'>in</span> <span class='ocrx_word' id='word_1_680' title='bbox 1420 3629 1547 3699; x_wconf 80' lang='lat' dir='ltr'>praesenti</span> <span class='ocrx_word' id='word_1_681' title='bbox 1564 3630 1619 3684; x_wconf 81' lang='lat' dir='ltr'>rita</span> <span class='ocrx_word' id='word_1_682' title='bbox 1634 3646 1714 3702; x_wconf 79' lang='lat' dir='ltr'>rega·</span> 
     </span>
     <span class='ocr_line' id='line_1_101' title="bbox 915 3716 1715 3791; baseline 0.009 -21"><span class='ocrx_word' id='word_1_683' title='bbox 915 3716 968 3771; x_wconf 93' lang='lat' dir='ltr'>icm</span> <span class='ocrx_word' id='word_1_684' title='bbox 984 3717 1061 3772; x_wconf 86' lang='lat' dir='ltr'>robis</span> <span class='ocrx_word' id='word_1_685' title='bbox 1074 3719 1209 3773; x_wconf 85' lang='lat' dir='ltr'>coacessit</span> <span class='ocrx_word' id='word_1_686' title='bbox 1222 3719 1392 3790; x_wconf 76' lang='lat' dir='ltr'>dignitatem,</span> <span class='ocrx_word' id='word_1_687' title='bbox 1419 3721 1456 3775; x_wconf 87' lang='lat' dir='ltr'>ita</span> <span class='ocrx_word' id='word_1_688' title='bbox 1470 3737 1578 3791; x_wconf 80' lang='lat' dir='ltr'>atroque</span> <span class='ocrx_word' id='word_1_689' title='bbox 1593 3732 1620 3777; x_wconf 89' lang='lat' dir='ltr'>et</span> <span class='ocrx_word' id='word_1_690' title='bbox 1633 3722 1715 3777; x_wconf 85' lang='lat' dir='ltr'>coelc-</span> 
     </span>
     <span class='ocr_line' id='line_1_102' title="bbox 915 3806 1534 3882; baseline 0.005 -20"><span class='ocrx_word' id='word_1_691' title='bbox 915 3808 967 3862; x_wconf 88' lang='lat' dir='ltr'>stia</span> <span class='ocrx_word' id='word_1_692' title='bbox 980 3808 1058 3864; x_wconf 84' lang='lat' dir='ltr'>robis</span> <span class='ocrx_word' id='word_1_693' title='bbox 1069 3806 1191 3863; x_wconf 90' lang='lat' dir='ltr'>conicrat</span> <span class='ocrx_word' id='word_1_694' title='bbox 1207 3812 1380 3880; x_wconf 76' lang='lat' dir='ltr'>praemiorum</span> <span class='ocrx_word' id='word_1_695' title='bbox 1397 3811 1496 3882; x_wconf 76' lang='lat' dir='ltr'>gaudia</span> <span class='ocrx_word' id='word_1_696' title='bbox 1511 3811 1534 3865; x_wconf 82' lang='lat'>¹.</span> 
     </span>
    </p>
   </div>
   <div class='ocr_carea' id='block_1_21' title="bbox 1016 3924 1611 4100">
    <p class='ocr_par' dir='ltr' id='par_1_28' title="bbox 1016 3924 1611 4100">
     <span class='ocr_line' id='line_1_103' title="bbox 1266 3924 1362 3980; baseline -0.021 0"><span class='ocrx_word' id='word_1_697' title='bbox 1266 3924 1362 3980; x_wconf 77' lang='lat' dir='ltr'>xxxi.</span> 
     </span>
     <span class='ocr_line' id='line_1_104' title="bbox 1016 4041 1611 4100; baseline 0.003 -2"><span class='ocrx_word' id='word_1_698' title='bbox 1016 4042 1098 4098; x_wconf 75' lang='lat' dir='ltr'>ltslt</span> <span class='ocrx_word' id='word_1_699' title='bbox 1127 4042 1295 4099; x_wconf 67' lang='lat' dir='ltr'>aristote</span> <span class='ocrx_word' id='word_1_700' title='bbox 1328 4041 1484 4100; x_wconf 84' lang='lat' dir='ltr'>EJUSDEll</span> <span class='ocrx_word' id='word_1_701' title='bbox 1511 4042 1611 4100; x_wconf 82' lang='lat' dir='ltr'><strong>PAPAE</strong></span> 
     </span>
    </p>
   </div>
   <div class='ocr_carea' id='block_1_22' title="bbox 1044 4174 1580 4223">
    <p class='ocr_par' dir='ltr' id='par_1_29' title="bbox 1044 4174 1580 4223">
     <span class='ocr_line' id='line_1_105' title="bbox 1044 4174 1580 4223; baseline -0.006 -9"><span class='ocrx_word' id='word_1_702' title='bbox 1044 4176 1078 4214; x_wconf 80' lang='grc' dir='ltr'>ΑΙ)</span> <span class='ocrx_word' id='word_1_703' title='bbox 1089 4175 1197 4214; x_wconf 71' lang='lat' dir='ltr'>nouauit</span> <span class='ocrx_word' id='word_1_704' title='bbox 1211 4175 1335 4214; x_wconf 65' lang='lat' dir='ltr'>Pii‘l‘lNUii</span> <span class='ocrx_word' id='word_1_705' title='bbox 1349 4174 1437 4215; x_wconf 71' lang='lat' dir='ltr'>bausit</span> <span class='ocrx_word' id='word_1_706' title='bbox 1455 4175 1580 4223; x_wconf 69' lang='lat' dir='ltr'>plattein,</span> 
     </span>
    </p>
   </div>
   <div class='ocr_carea' id='block_1_23' title="bbox 915 4264 1711 4410">
    <p class='ocr_par' dir='ltr' id='par_1_30' title="bbox 915 4264 1711 4410">
     <span class='ocr_line' id='line_1_106' title="bbox 915 4264 1711 4341; baseline -0.006 -17"><span class='ocrx_word' id='word_1_707' title='bbox 915 4271 954 4324; x_wconf 82' lang='lat' dir='ltr'>De</span> <span class='ocrx_word' id='word_1_708' title='bbox 971 4271 1098 4324; x_wconf 84' lang='lat' dir='ltr'>utcaaciro</span> <span class='ocrx_word' id='word_1_709' title='bbox 1121 4269 1235 4340; x_wconf 81' lang='lat' dir='ltr'>quodam</span> <span class='ocrx_word' id='word_1_710' title='bbox 1249 4269 1361 4323; x_wconf 81' lang='lat' dir='ltr'>Acorma</span> <span class='ocrx_word' id='word_1_711' title='bbox 1385 4268 1503 4341; x_wconf 88' lang='lat' dir='ltr'>[Lamb.,</span> <span class='ocrx_word' id='word_1_712' title='bbox 1520 4285 1535 4321; x_wconf 91' lang='lat' dir='ltr'>a</span> <span class='ocrx_word' id='word_1_713' title='bbox 1556 4264 1661 4337; x_wconf 84' lang='lat' dir='ltr'>cosma]</span> <span class='ocrx_word' id='word_1_714' title='bbox 1678 4266 1711 4319; x_wconf 84' lang='lat' dir='ltr'>ab</span> 
     </span>
     <span class='ocr_line' id='line_1_107' title="bbox 1065 4339 1560 4410; baseline -0.006 -17"><span class='ocrx_word' id='word_1_715' title='bbox 1065 4339 1244 4394; x_wconf 80' lang='lat' dir='ltr'>Aieaandrino</span> <span class='ocrx_word' id='word_1_716' title='bbox 1259 4339 1411 4410; x_wconf 79' lang='lat' dir='ltr'>patriarcba</span> <span class='ocrx_word' id='word_1_717' title='bbox 1428 4339 1525 4392; x_wconf 83' lang='lat' dir='ltr'>directo</span> <span class='ocrx_word' id='word_1_718' title='bbox 1538 4340 1560 4390; x_wconf 73' lang='lat' dir='ltr'>i.</span> 
     </span>
    </p>
   </div>
   <div class='ocr_carea' id='block_1_24' title="bbox 969 4427 1657 4504">
    <p class='ocr_par' dir='ltr' id='par_1_31' title="bbox 969 4427 1657 4504">
     <span class='ocr_line' id='line_1_108' title="bbox 969 4427 1657 4504; baseline -0.001 -20"><span class='ocrx_word' id='word_1_719' title='bbox 969 4431 1031 4504; x_wconf 78' lang='lat' dir='ltr'>(Aa.</span> <span class='ocrx_word' id='word_1_720' title='bbox 1049 4431 1127 4484; x_wconf 80' lang='lat' dir='ltr'>Dora.</span> <span class='ocrx_word' id='word_1_721' title='bbox 1147 4431 1208 4495; x_wconf 77' lang='lat' dir='ltr'>tol,</span> <span class='ocrx_word' id='word_1_722' title='bbox 1229 4430 1296 4485; x_wconf 79' lang='lat' dir='ltr'>aot.</span> <span class='ocrx_word' id='word_1_723' title='bbox 1312 4431 1375 4486; x_wconf 87' lang='lat' dir='ltr'>Car.</span> <span class='ocrx_word' id='word_1_724' title='bbox 1392 4446 1474 4495; x_wconf 74' lang='lat' dir='ltr'>xxxv,</span> <span class='ocrx_word' id='word_1_725' title='bbox 1494 4432 1584 4485; x_wconf 86' lang='lat' dir='ltr'>cirron.</span> <span class='ocrx_word' id='word_1_726' title='bbox 1600 4427 1657 4498; x_wconf 75' lang='lat' dir='ltr'>sl.)</span> 
     </span>
    </p>
   </div>
   <div class='ocr_carea' id='block_1_25' title="bbox 949 4523 1712 4669">
    <p class='ocr_par' dir='ltr' id='par_1_32' title="bbox 949 4523 1712 4669">
     <span class='ocr_line' id='line_1_109' title="bbox 1123 4523 1712 4587; baseline 0 -10"><span class='ocrx_word' id='word_1_727' title='bbox 1123 4523 1232 4577; x_wconf 87' lang='lat' dir='ltr'>—Post</span> <span class='ocrx_word' id='word_1_728' title='bbox 1251 4525 1396 4579; x_wconf 86' lang='lat' dir='ltr'>missorum</span> <span class='ocrx_word' id='word_1_729' title='bbox 1410 4525 1571 4587; x_wconf 83' lang='lat' dir='ltr'>discessum,</span> <span class='ocrx_word' id='word_1_730' title='bbox 1586 4541 1600 4577; x_wconf 88' lang='lat' dir='ltr'>a</span> <span class='ocrx_word' id='word_1_731' title='bbox 1614 4523 1712 4577; x_wconf 88' lang='lat' dir='ltr'>Cosma</span> 
     </span>
     <span class='ocr_line' id='line_1_110' title="bbox 949 4593 1712 4669; baseline -0.003 -20"><span class='ocrx_word' id='word_1_732' title='bbox 949 4595 1103 4669; x_wconf 88' lang='lat' dir='ltr'>patriarcba</span> <span class='ocrx_word' id='word_1_733' title='bbox 1125 4593 1307 4649; x_wconf 74' lang='lat' dir='ltr'>Alexandrino</span> <span class='ocrx_word' id='word_1_734' title='bbox 1330 4604 1462 4650; x_wconf 81' lang='lat' dir='ltr'>venerunt</span> <span class='ocrx_word' id='word_1_735' title='bbox 1479 4595 1576 4650; x_wconf 72' lang='lat' dir='ltr'>litterae</span> <span class='ocrx_word' id='word_1_736' title='bbox 1599 4595 1712 4649; x_wconf 85' lang='lat' dir='ltr'>ilomnm</span> 
     </span>
    </p>
   </div>
   <div class='ocr_carea' id='block_1_26' title="bbox 914 4723 1712 5773">
    <p class='ocr_par' dir='ltr' id='par_1_33' title="bbox 914 4723 1710 4995">
     <span class='ocr_line' id='line_1_111' title="bbox 915 4723 1709 4783; baseline -0.009 -1"><span class='ocrx_word' id='word_1_737' title='bbox 915 4744 974 4782; x_wconf 94' lang='lat' dir='ltr'>rum</span> <span class='ocrx_word' id='word_1_738' title='bbox 996 4727 1094 4783; x_wconf 71' lang='lat' dir='ltr'>litterae</span> <span class='ocrx_word' id='word_1_739' title='bbox 1118 4727 1145 4781; x_wconf 92' lang='lat' dir='ltr'>in</span> <span class='ocrx_word' id='word_1_740' title='bbox 1167 4728 1219 4781; x_wconf 85' lang='lat' dir='ltr'>istu</span> <span class='ocrx_word' id='word_1_741' title='bbox 1245 4727 1344 4781; x_wconf 87' lang='lat' dir='ltr'>codice</span> <span class='ocrx_word' id='word_1_742' title='bbox 1366 4724 1492 4780; x_wconf 79' lang='lat' dir='ltr'>Camliuo</span> <span class='ocrx_word' id='word_1_743' title='bbox 1518 4723 1709 4779; x_wconf 81' lang='lat' dir='ltr'>continentur:</span> 
     </span>
     <span class='ocr_line' id='line_1_112' title="bbox 914 4791 1710 4868; baseline -0.011 -15"><span class='ocrx_word' id='word_1_744' title='bbox 914 4814 999 4868; x_wconf 76' lang='lat' dir='ltr'>‹puare</span> <span class='ocrx_word' id='word_1_745' title='bbox 1012 4799 1106 4854; x_wconf 90' lang='lat' dir='ltr'>inanes</span> <span class='ocrx_word' id='word_1_746' title='bbox 1122 4797 1289 4852; x_wconf 83' lang='lat' dir='ltr'>errulitorum</span> <span class='ocrx_word' id='word_1_747' title='bbox 1314 4797 1422 4851; x_wconf 87' lang='lat' dir='ltr'>labores</span> <span class='ocrx_word' id='word_1_748' title='bbox 1443 4809 1538 4850; x_wconf 75' lang='lat' dir='ltr'>orantes</span> <span class='ocrx_word' id='word_1_749' title='bbox 1560 4791 1710 4860; x_wconf 78' lang='lat' dir='ltr'>rejiciendi,</span> 
     </span>
     <span class='ocr_line' id='line_1_113' title="bbox 914 4866 1710 4940; baseline -0.013 -16"><span class='ocrx_word' id='word_1_750' title='bbox 914 4884 1063 4939; x_wconf 86' lang='lat' dir='ltr'>eorumque</span> <span class='ocrx_word' id='word_1_751' title='bbox 1088 4869 1229 4940; x_wconf 86' lang='lat' dir='ltr'>opiniones</span> <span class='ocrx_word' id='word_1_752' title='bbox 1252 4866 1377 4922; x_wconf 87' lang='lat' dir='ltr'>iaisitatis</span> <span class='ocrx_word' id='word_1_753' title='bbox 1404 4867 1481 4936; x_wconf 79' lang='lat' dir='ltr'>argui</span> <span class='ocrx_word' id='word_1_754' title='bbox 1507 4873 1564 4919; x_wconf 89' lang='lat' dir='ltr'>tuto</span> <span class='ocrx_word' id='word_1_755' title='bbox 1586 4868 1710 4934; x_wconf 89' lang='lat' dir='ltr'>possunt.</span> 
     </span>
     <span class='ocr_line' id='line_1_114' title="bbox 914 4939 999 4995; baseline -0.035 0"><span class='ocrx_word' id='word_1_756' title='bbox 914 4939 999 4995; x_wconf 77' lang='lat' dir='ltr'>Cass.</span> 
     </span>
    </p>

    <p class='ocr_par' dir='ltr' id='par_1_34' title="bbox 914 5007 1712 5364">
     <span class='ocr_line' id='line_1_115' title="bbox 949 5007 1711 5077; baseline -0.012 -13"><span class='ocrx_word' id='word_1_757' title='bbox 949 5009 962 5049; x_wconf 58' lang='grc' dir='ltr'>ἃ</span> <span class='ocrx_word' id='word_1_758' title='bbox 978 5010 1112 5077; x_wconf 82' lang='lat' dir='ltr'>erantam</span> <span class='ocrx_word' id='word_1_759' title='bbox 1126 5010 1184 5064; x_wconf 74' lang='lat' dir='ltr'>brec</span> <span class='ocrx_word' id='word_1_760' title='bbox 1199 5009 1316 5063; x_wconf 84' lang='lat' dir='ltr'>babeant</span> <span class='ocrx_word' id='word_1_761' title='bbox 1327 5007 1544 5061; x_wconf 80' lang='lat' dir='ltr'>conscuicutiam</span> <span class='ocrx_word' id='word_1_762' title='bbox 1556 5019 1616 5059; x_wconf 90' lang='lat' dir='ltr'>cum</span> <span class='ocrx_word' id='word_1_763' title='bbox 1631 5019 1711 5073; x_wconf 81' lang='lat' dir='ltr'>supc-</span> 
     </span>
     <span class='ocr_line' id='line_1_116' title="bbox 915 5075 1712 5151; baseline -0.013 -16"><span class='ocrx_word' id='word_1_764' title='bbox 915 5081 980 5136; x_wconf 90' lang='lat' dir='ltr'>riori</span> <span class='ocrx_word' id='word_1_765' title='bbox 996 5079 1109 5151; x_wconf 88' lang='lat' dir='ltr'>epistola</span> <span class='ocrx_word' id='word_1_766' title='bbox 1123 5080 1183 5148; x_wconf 60' lang='lat' dir='ltr'>qni*</span> <span class='ocrx_word' id='word_1_767' title='bbox 1206 5095 1238 5134; x_wconf 90' lang='lat' dir='ltr'>uc</span> <span class='ocrx_word' id='word_1_768' title='bbox 1251 5079 1394 5148; x_wconf 73' lang='lat' dir='ltr'>intelligit:</span> <span class='ocrx_word' id='word_1_769' title='bbox 1412 5077 1536 5131; x_wconf 88' lang='lat' dir='ltr'>notmuiia</span> <span class='ocrx_word' id='word_1_770' title='bbox 1551 5075 1633 5128; x_wconf 86' lang='lat' dir='ltr'>etiam</span> <span class='ocrx_word' id='word_1_771' title='bbox 1647 5088 1712 5127; x_wconf 86' lang='lat' dir='ltr'>con·</span> 
     </span>
     <span class='ocr_line' id='line_1_117' title="bbox 914 5095 1710 5225; baseline -0.014 -18"><span class='ocrx_word' id='word_1_772' title='bbox 914 5154 1001 5221; x_wconf 84' lang='lat' dir='ltr'>ceptis</span> <span class='ocrx_word' id='word_1_773' title='bbox 1029 5151 1123 5205; x_wconf 81' lang='lat' dir='ltr'>iisdem</span> <span class='ocrx_word' id='word_1_774' title='bbox 1150 5095 1240 5204; x_wconf 47' lang='lat' dir='ltr'>adias</span> <span class='ocrx_word' id='word_1_775' title='bbox 1265 5148 1366 5219; x_wconf 85' lang='lat' dir='ltr'>prolata</span> <span class='ocrx_word' id='word_1_776' title='bbox 1387 5149 1479 5202; x_wconf 83' lang='lat' dir='ltr'>ridere</span> <span class='ocrx_word' id='word_1_777' title='bbox 1493 5154 1543 5202; x_wconf 86' lang='lat' dir='ltr'>cst.</span> <span class='ocrx_word' id='word_1_778' title='bbox 1566 5144 1594 5225; x_wconf 83' lang='lat' dir='ltr'>iu</span> <span class='ocrx_word' id='word_1_779' title='bbox 1617 5159 1710 5224; x_wconf 77' lang='lat' dir='ltr'>aarum</span> 
     </span>
     <span class='ocr_line' id='line_1_118' title="bbox 915 5218 1711 5290; baseline -0.013 -14"><span class='ocrx_word' id='word_1_780' title='bbox 915 5231 1010 5276; x_wconf 83' lang='lat' dir='ltr'>neutra</span> <span class='ocrx_word' id='word_1_781' title='bbox 1026 5221 1102 5276; x_wconf 85' lang='lat' dir='ltr'>missi</span> <span class='ocrx_word' id='word_1_782' title='bbox 1115 5220 1256 5290; x_wconf 87' lang='lat' dir='ltr'>apostolici</span> <span class='ocrx_word' id='word_1_783' title='bbox 1273 5220 1374 5273; x_wconf 84' lang='lat' dir='ltr'>urentio</span> <span class='ocrx_word' id='word_1_784' title='bbox 1390 5218 1427 5283; x_wconf 85' lang='lat' dir='ltr'>ur,</span> <span class='ocrx_word' id='word_1_785' title='bbox 1442 5235 1504 5272; x_wconf 91' lang='lat' dir='ltr'>nam</span> <span class='ocrx_word' id='word_1_786' title='bbox 1522 5230 1604 5286; x_wconf 77' lang='lat' dir='ltr'>regns</span> <span class='ocrx_word' id='word_1_787' title='bbox 1619 5229 1711 5267; x_wconf 76' lang='lat' dir='ltr'>arnissis</span> 
     </span>
     <span class='ocr_line' id='line_1_119' title="bbox 914 5289 1362 5364; baseline -0.018 -16"><span class='ocrx_word' id='word_1_788' title='bbox 914 5300 1029 5364; x_wconf 80' lang='lat' dir='ltr'>utraque</span> <span class='ocrx_word' id='word_1_789' title='bbox 1042 5293 1103 5346; x_wconf 85' lang='lat' dir='ltr'>data</span> <span class='ocrx_word' id='word_1_790' title='bbox 1119 5306 1179 5346; x_wconf 88' lang='lat' dir='ltr'>esse</span> <span class='ocrx_word' id='word_1_791' title='bbox 1192 5291 1309 5344; x_wconf 78' lang='lat' dir='ltr'>vitietur.</span> <span class='ocrx_word' id='word_1_792' title='bbox 1324 5289 1362 5342; x_wconf 84' lang='lat' dir='ltr'>la.</span> 
     </span>
    </p>

    <p class='ocr_par' dir='ltr' id='par_1_35' title="bbox 952 5360 1456 5430">
     <span class='ocr_line' id='line_1_120' title="bbox 952 5360 1456 5430; baseline -0.014 -12"><span class='ocrx_word' id='word_1_793' title='bbox 952 5363 1083 5425; x_wconf 66' lang='lat' dir='ltr'>etanta,</span> <span class='ocrx_word' id='word_1_794' title='bbox 1100 5360 1228 5415; x_wconf 81' lang='lat' dir='ltr'>laudabili</span> <span class='ocrx_word' id='word_1_795' title='bbox 1241 5361 1327 5430; x_wconf 75' lang='lat' dir='ltr'>[ormo</span> <span class='ocrx_word' id='word_1_796' title='bbox 1343 5370 1456 5414; x_wconf 87' lang='lat' dir='ltr'>maneat.</span> 
     </span>
    </p>

    <p class='ocr_par' dir='ltr' id='par_1_36' title="bbox 915 5423 1709 5560">
     <span class='ocr_line' id='line_1_121' title="bbox 955 5423 1709 5503; baseline -0.015 -14"><span class='ocrx_word' id='word_1_797' title='bbox 955 5434 963 5472; x_wconf 75' lang='lat' dir='ltr'>i</span> <span class='ocrx_word' id='word_1_798' title='bbox 979 5434 1043 5489; x_wconf 90' lang='lat' dir='ltr'>Post</span> <span class='ocrx_word' id='word_1_799' title='bbox 1055 5434 1166 5487; x_wconf 74' lang='lat' dir='ltr'>scritum</span> <span class='ocrx_word' id='word_1_800' title='bbox 1179 5431 1277 5503; x_wconf 79' lang='lat' dir='ltr'>paedia</span> <span class='ocrx_word' id='word_1_801' title='bbox 1290 5432 1413 5501; x_wconf 85' lang='lat' dir='ltr'>sequitur</span> <span class='ocrx_word' id='word_1_802' title='bbox 1425 5431 1451 5484; x_wconf 88' lang='lat' dir='ltr'>iu</span> <span class='ocrx_word' id='word_1_803' title='bbox 1468 5443 1530 5490; x_wconf 77' lang='lat' dir='ltr'>rus,</span> <span class='ocrx_word' id='word_1_804' title='bbox 1546 5423 1709 5480; x_wconf 82' lang='lat' dir='ltr'>Bencaaiete.</span> 
     </span>
     <span class='ocr_line' id='line_1_122' title="bbox 915 5504 1002 5560; baseline -0.034 0"><span class='ocrx_word' id='word_1_805' title='bbox 915 5504 1002 5560; x_wconf 79' lang='lat' dir='ltr'>Gasr.</span> 
     </span>
    </p>

    <p class='ocr_par' dir='ltr' id='par_1_37' title="bbox 917 5564 1711 5773">
     <span class='ocr_line' id='line_1_123' title="bbox 953 5564 1711 5645; baseline -0.013 -17"><span class='ocrx_word' id='word_1_806' title='bbox 953 5574 1087 5645; x_wconf 76' lang='lat' dir='ltr'>ibrgnrn.</span> <span class='ocrx_word' id='word_1_807' title='bbox 1103 5572 1187 5625; x_wconf 88' lang='lat' dir='ltr'>Panr.</span> <span class='ocrx_word' id='word_1_808' title='bbox 1203 5571 1280 5642; x_wconf 83' lang='lat' dir='ltr'>(Cod.</span> <span class='ocrx_word' id='word_1_809' title='bbox 1293 5569 1353 5626; x_wconf 84' lang='lat' dir='ltr'>Vat.</span> <span class='ocrx_word' id='word_1_810' title='bbox 1363 5571 1391 5638; x_wconf 86' lang='grc'>7)</span> <span class='ocrx_word' id='word_1_811' title='bbox 1407 5589 1412 5624; x_wconf 93' lang='lat'>:</span> <span class='ocrx_word' id='word_1_812' title='bbox 1433 5570 1485 5624; x_wconf 84' lang='lat' dir='ltr'>‹lu</span> <span class='ocrx_word' id='word_1_813' title='bbox 1505 5577 1617 5640; x_wconf 79' lang='lat' dir='ltr'>septum</span> <span class='ocrx_word' id='word_1_814' title='bbox 1631 5564 1711 5639; x_wconf 77' lang='lat' dir='ltr'>[Sep-</span> 
     </span>
     <span class='ocr_line' id='line_1_124' title="bbox 917 5637 1709 5719; baseline -0.014 -18"><span class='ocrx_word' id='word_1_815' title='bbox 917 5645 993 5719; x_wconf 84' lang='lat' dir='ltr'>tima]</span> <span class='ocrx_word' id='word_1_816' title='bbox 1010 5644 1171 5699; x_wconf 83' lang='lat' dir='ltr'>nrorrarbum</span> <span class='ocrx_word' id='word_1_817' title='bbox 1185 5643 1236 5697; x_wconf 89' lang='lat' dir='ltr'>eia</span> <span class='ocrx_word' id='word_1_818' title='bbox 1251 5643 1348 5698; x_wconf 87' lang='lat' dir='ltr'>cosma</span> <span class='ocrx_word' id='word_1_819' title='bbox 1360 5640 1543 5698; x_wconf 78' lang='lat' dir='ltr'>Alexandrino</span> <span class='ocrx_word' id='word_1_820' title='bbox 1556 5637 1709 5712; x_wconf 86' lang='lat' dir='ltr'>patriarcba</span> 
     </span>
     <span class='ocr_line' id='line_1_125' title="bbox 917 5711 1326 5773; baseline -0.015 0"><span class='ocrx_word' id='word_1_821' title='bbox 917 5719 1030 5773; x_wconf 87' lang='lat' dir='ltr'>missum</span> <span class='ocrx_word' id='word_1_822' title='bbox 1046 5713 1226 5771; x_wconf 84' lang='lat' dir='ltr'>corrrrucndat.</span> <span class='ocrx_word' id='word_1_823' title='bbox 1242 5711 1326 5769; x_wconf 76' lang='lat' dir='ltr'>casa.</span> 
     </span>
    </p>
   </div>
   <div class='ocr_carea' id='block_1_27' title="bbox 0 0 1903 6116">
    <p class='ocr_par' dir='ltr' id='par_1_38' title="bbox 0 0 1903 6116">
     <span class='ocr_line' id='line_1_126' title="bbox 0 0 1903 6116; baseline 0 0"><span class='ocrx_word' id='word_1_824' title='bbox 0 0 1903 6116; x_wconf 95' lang='lat' dir='ltr'> </span> 
     </span>
    </p>
   </div>
  </div>
 </body>
</html>
