3780 6120
137 212 214 298 ''isar

582 239 613 294 B.
633 239 759 296 thudin
781 237 888 295 hitlini
909 239 983 297 orb.
1007 242 1095 299 ralis
1115 245 1145 298 ll.
1167 243 1287 301 secato
1305 243 1336 300 ll.

1719 244 1790 301 {328

143 367 298 412 sanctornm
318 355 488 421 eonliiliiiius,
505 356 631 424 quoniam
645 370 723 409 omne
735 368 802 423 opus
816 355 887 417 qnod
903 352 932 406 lii
948 361 1011 417 Aet
1029 357 1210 425 incorporales
1230 358 1273 425 pia
1298 363 1388 410 mente
1406 365 1587 408 transeamus.
1610 352 1724 409 Etenim
1739 358 1791 412 iui-

143 429 170 484 in
187 428 234 482 lici
247 427 355 481 nornine
367 427 466 479 lionnni
479 437 520 481 cst
531 434 557 478 ct
569 435 701 479 sanetum.
714 423 792 478 ditud
807 434 849 479 est
860 425 932 477 enim

143 500 242 567 imago,
261 506 288 551 et
307 496 379 550 alinrl
402 496 585 559 simulacrum,
611 496 636 548 id
661 502 711 558 εει,
740 495 931 549 statunculum.

88 569 91 576 '
146 568 257 635 Quande
282 567 353 622 enim
378 566 449 621 Deus
468 565 553 620 ddum
577 565 731 634 plasmavit,
758 564 883 619 videlicet
907 569 935 617 ct

146 637 318 699 condidisset,
338 636 464 690 dicebat:
482 636 611 706 faciamus
634 636 763 688 lioiiiiiiem
783 634 816 687 od
838 634 933 703 imagi-

145 724 202 762 iicm
216 716 332 761 nostram
348 715 371 758 ci
388 705 584 760 similitudinem
598 705 702 775 (Getica.
717 703 747 776 i),
767 713 794 758 et
806 703 869 757 lecit
883 703 934 758 hu-

146 779 244 831 mineiu
269 775 378 845 imagini
394 777 450 829 liei.
466 776 535 842 Quid
557 776 649 830 enim?
670 790 735 842 ergo
760 775 822 842 qnia
848 773 935 842 imago

144 847 279 901 esthemo
296 845 354 912 Ilei,
369 846 577 910 idololatriaest,
590 846 616 898 id
630 845 813 899 estidolorum
831 842 936 896 cultura

145 925 187 971 est
210 925 238 970 et
260 916 401 985 impietas?
427 931 595 985 nequaquam
623 914 680 967 liat.
703 914 732 969 si
754 915 827 969 enim
850 912 936 966 Adam

144 986 234 1055 imago
249 986 410 1050 daemonum,
424 985 544 1054 abjectus
557 985 607 1038 luit
623 992 650 1039 et
664 983 875 1053 inacceptabilis,
890 981 937 1037 sed

165 1056 208 1110 uia
227 1057 315 1124 imago
325 1056 371 1110 Dei
391 1064 442 1121 est,
460 1057 570 1111 honoral
582 1055 625 1110 ilis
641 1063 692 1119 est,
709 1063 736 1109 et
751 1052 934 1122 acceptabilis.

143 1073 238 1181 amnis
257 1127 329 1181 enlm
344 1126 431 1195 imago
449 1127 475 1179 in
497 1126 605 1180 nomine
628 1125 736 1179 Doniini
756 1132 802 1178 aut
826 1123 936 1191 angelo·

145 1212 215 1260 runi,
230 1204 276 1250 aut
290 1196 492 1264 prophetarum,
508 1207 554 1249 ant
565 1196 758 1264 apostolorum,
774 1201 821 1247 aut
835 1201 937 1261 marty-

145 1281 214 1330 rum,
238 1275 285 1320 aut
300 1264 436 1334 justorum
457 1276 550 1320 saneta
574 1274 635 1320 esi:
661 1282 714 1319 uon
740 1265 812 1318 enini
836 1263 938 1332 liguum

145 1337 283 1398 adoratur,
307 1337 354 1389 scd
379 1337 402 1390 is
428 1338 474 1405 qui
500 1337 527 1390 iii
553 1337 625 1406 ligno
650 1343 888 1396 commemoratur,
911 1338 939 1386 et

145 1405 343 1474 contemplatos
363 1406 522 1460 honoratur.
545 1405 645 1460 Omnes
666 1406 739 1459 enim
761 1405 938 1457 noshouoia-

146 1492 206 1530 inus
219 1474 326 1544 jndices
339 1483 366 1528 et
379 1476 537 1537 salutamus,
559 1479 641 1530 etiam
660 1476 683 1530 si
704 1482 859 1544 peccatores
873 1473 937 1526 sint.

146 1544 217 1613 Quid
240 1560 314 1614 crgo,
338 1547 457 1614 nunquid
476 1563 529 1599 non
547 1547 676 1600 debemus
699 1545 812 1599 adorare
831 1551 939 1597 sanctos

146 1615 194 1669 liei
210 1629 312 1677 servos,
326 1623 353 1668 et
365 1624 475 1684 propter
493 1617 651 1670 memoriam
669 1630 762 1671 eornm
775 1614 940 1668 constituere

984 427 1110 494 possibile
1124 435 1165 480 est
1184 435 1281 480 nostiae
1297 426 1380 479 menti
1394 426 1426 478 ail
1444 426 1604 492 incorporea
1619 426 1668 479 illa
1684 428 1790 494 pcrtin⁴

984 511 1056 564 gere,
1071 497 1190 551 ccelesiis
1203 496 1305 550 miiitiae
1322 496 1499 548 imitationem
1514 495 1716 563 visionemque,
1735 499 1789 552 nisi

984 566 1069 634 siper
1084 566 1279 621 elementorum
1292 566 1439 634 poterimus
1453 563 1587 618 visibilem
1603 566 1736 619 decorem
1754 569 1788 622 ad

984 636 1145 690 invisibilem
1157 635 1418 705 pulcherrimamque
1436 634 1533 703 attingi
1551 633 1684 715 elligiem,
1703 645 1731 688 et
1746 637 1789 690 vi·

985 706 1077 760 sibiles
1099 705 1302 774 odoriferasque
1323 705 1455 774 imagines
1484 704 1610 758 rationali
1636 704 1788 761 traditione

985 776 1133 830 invisibiles
1148 774 1281 845 praelnlgl,
1296 783 1324 828 ct
1338 785 1446 829 caetera.
1462 794 1471 825 ι

1020 846 1049 898 ln
1064 846 1218 900 delinitione
1235 845 1320 900 sancti
1336 846 1406 899 sexti
1424 853 1452 900 et
1469 845 1559 913 magni
1576 843 1701 907 concilii,
1724 861 1785 915 erp.

985 915 1039 970 82:
1057 934 1066 965 (
1084 915 1112 969 ln
1134 915 1294 986 quibusdam
1317 915 1510 968 venerabilium
1526 915 1678 983 imaginum
1693 916 1786 985 pictu-

986 986 1034 1049 ris,
1048 1001 1133 1054 agnus
1148 985 1231 1056 digito
1241 986 1417 1054 praecursoris
1431 993 1597 1038 monstratus
1611 984 1786 1052 designatur,

986 1057 1032 1123 qui
1051 1057 1199 1125 insignum
1216 1056 1326 1109 relictus
1346 1063 1387 1108 est
1401 1056 1504 1122 gratiae,
1521 1069 1616 1107 vcrnm
1641 1055 1723 1108 nobis
1740 1071 1788 1125 pei·

987 1126 1072 1195 legem
1097 1134 1307 1194 praemonstrans
1332 1140 1432 1194 agnum
1455 1125 1593 1178 Christum
1618 1123 1708 1177 Deum
1738 1141 1788 1180 iro·

987 1205 1083 1258 strum,
1098 1196 1145 1264 qni
1158 1195 1269 1249 abstulit
1283 1204 1393 1264 peccata
1408 1194 1509 1247 muudi.
1523 1213 1532 1244 ι
1549 1194 1584 1247 Et
1597 1201 1662 1263 post
1675 1209 1782 1262 panea:

990 1265 1170 1320 «Secundum
1194 1267 1339 1319 humanam
1364 1265 1487 1333 hgnram,
1510 1271 1537 1316 et
1565 1263 1593 1316 iu
1619 1264 1786 1331 imaginibus

988 1351 1059 1390 nune
1082 1349 1131 1404 pro
1154 1335 1238 1390 veteri
1265 1350 1334 1403 agno
1358 1333 1491 1388 retitulari
1515 1333 1708 1394 decernimus,
1738 1352 1785 1404 pcr

989 1407 1075 1475 ipsum
1093 1405 1253 1460 humilitatis
1267 1405 1436 1458 altitudinem
1450 1405 1497 1457 bei
1513 1403 1592 1457 Verbi
1607 1405 1784 1457 considerau-

989 1486 1039 1539 tes,
1055 1483 1083 1530 et
1100 1476 1305 1530 admemoriam
1320 1490 1379 1542 quae
1396 1475 1423 1527 iii
1444 1488 1526 1528 carne
1548 1473 1669 1528 actionis
1705 1474 1786 1543 uiqne

988 1546 1122 1615 passionis
1137 1544 1194 1615 ejus
1210 1554 1236 1600 et
1249 1544 1396 1599 saluiilerae
1410 1544 1506 1597 mortis
1523 1545 1652 1597 manibus
1666 1489 1783 1608 egberti,

990 1626 1016 1671 et
1029 1632 1089 1684 quie
1107 1617 1139 1669 ab
1157 1616 1219 1669 hine
1234 1615 1304 1669 lacta
1320 1621 1360 1669 est
1373 1614 1463 1667 mundi
1479 1614 1642 1682 redemptio,
1656 1624 1710 1668 etc.
1729 1635 1739 1665 ι

146 1693 174 1740 ει
186 1684 291 1754 erigere
315 1684 454 1755 imagines,
480 1687 552 1753 qnod
574 1702 626 1741 uon
650 1684 863 1742 obliviscantur?
887 1681 976 1763 Sed„
1028 1686 1103 1741 Unde
1114 1693 1140 1740 et
1150 1687 1243 1740 beatus
1255 1686 1420 1754 Augustinus
1428 1684 1454 1736 iii
1467 1683 1602 1753 psalninni
1610 1700 1666 1738 xcii
1682 1685 1784 1752 inquit:

147 1755 231 1818 ilices,
254 1755 316 1822 qnia
337 1756 395 1823 ipse
409 1756 479 1810 licus
503 1757 673 1824 praecepitei
695 1771 748 1808 non
764 1755 877 1808 adorare
891 1768 940 1807 nos

147 1823 324 1879 inimulactos.
339 1825 387 1879 llic
400 1824 500 1893 imque,
512 1841 528 1879 o
539 1823 639 1888 Jiidacc,
656 1825 734 1895 quale
744 1840 824 1893 super
840 1832 940 1877 terram

146 1903 255 1949 nonest
272 1894 455 1949 maiiiilaetum
472 1903 532 1964 post
547 1894 680 1949 iacturam
702 1895 759 1959 Dei,
779 1894 843 1963 quid
859 1892 941 1963 ergo?

146 1981 209 2020 arca
228 1965 275 2019 uei
297 1980 357 2033 qum
373 1981 406 2020 ex
423 1964 501 2035 lignis
525 1965 629 2020 Seiliiui
650 1965 779 2018 fabricata
799 1971 841 2017 est
860 1971 941 2031 atquc

145 2043 312 2099 constructa,
334 2051 385 2089 non
408 2035 458 2089 snit
478 2034 649 2090 manufacta?
664 2043 690 2088 et
712 2034 797 2088 aliare
810 2043 837 2087 et
850 2033 940 2102 propi-

145 2104 296 2169 tiatorium,
313 2113 340 2160 et
351 2121 429 2170 urna,
448 2122 508 2174 quae
522 2107 616 2160 babuit
629 2122 736 2169 nimina,
755 2111 781 2158 et
796 2119 897 2168 mensa,
913 2114 940 2156 et

146 2175 266 2238 lucerna,
290 2185 316 2230 et
335 2177 538 2231 tabernaculum
564 2175 685 2235 inieritis,
705 2185 732 2230 et
754 2175 872 2228 crim-ins
886 2187 940 2226 iioii

95 2251 97 2261 '
146 2245 256 2300 luerunt
277 2262 309 2300 er
332 2246 459 2316 operibus
474 2262 602 2300 manuum
620 2246 758 2300 bominum
782 2260 841 2313 qum
861 2243 938 2298 Salo·

145 2331 208 2370 mon
222 2313 303 2370 fecit?
320 2325 347 2370 et
362 2332 411 2369 cnr
421 2326 514 2370 sancta
526 2326 682 2371 sauctorum
699 2323 829 2370 vocitatur
843 2329 939 2367 maiiti-

146 2386 403 2442 liietaeiisisleiitia‘l
428 2388 464 2440 ita
484 2388 624 2441 clierubim
645 2397 672 2440 et
694 2400 821 2441 senarum
835 2384 939 2437 alarum

147 2457 173 2511 iii
192 2457 306 2512 circuitu
320 2457 500 2526 propitiatorii
519 2472 572 2510 nou
587 2456 696 2511 luerunt
717 2464 814 2509 statuae
827 2461 855 2509 et
872 2453 941 2507 ima-

146 2527 222 2597 gines
236 2526 391 2596 angelorum
407 2543 489 2596 opera
510 2543 637 2580 mannum
655 2525 812 2580 hominnm?
824 2525 858 2578 Et
873 2539 939 2592 qno

146 2598 226 2652 modo
240 2613 293 2651 non
312 2594 493 2664 abjiciuntur?
514 2597 567 2651 Sed
581 2597 644 2666 quia
656 2612 705 2666 per
714 2605 877 2664 preceptum
892 2592 939 2646 [lei

145 2668 276 2739 imagines
295 2665 373 2722 laete
395 2677 456 2721 sunt
482 2667 647 2737 augelorum,
667 2675 760 2721 sancta
779 2673 851 2728 suut,
877 2664 940 2717 licei

994 1775 1003 1806 i
1021 1755 1049 1811 Si
1062 1767 1151 1810 autem
1165 1772 1217 1809 non
1233 1756 1329 1809 adoras
1341 1754 1540 1809 ioCtirisioista
1555 1761 1677 1817 terrena,
1691 1769 1786 1822 quam-

990 1827 1031 1880 tis
1046 1827 1079 1879 de
1102 1827 1154 1880 illis
1168 1825 1315 1880 similitudo
1329 1824 1450 1894 quadani
1473 1824 1534 1877 data
1550 1832 1613 1887 est,
1635 1825 1669 1876 ad
1681 1826 1785 1946 sipiriti-

990 1897 1104 1950 candum
1119 1905 1225 1950 sanctos
1239 1896 1271 1950 de
1287 1910 1446 1963 quacunque
1462 1903 1586 1948 creatura
1598 1894 1681 1947 ducta
1718 1895 1786 1949 nerii

990 1967 1147 2030 similitudo,
1179 1976 1207 2020 tu
1227 1966 1345 2034 intellige
1370 1964 1572 2018 siniilitudiiicm
1595 1972 1741 2022 creature.
1760 1973 1785 2018 et

990 2038 1073 2090 adora
1085 2037 1215 2092 artiiiccm
1228 2044 1367 2099 creaturae,
1381 2042 1408 2087 et
1418 2042 1524 2088 caetera.
1538 2053 1547 2084 i

1026 2108 1186 2160 lteiiisancti
1196 2106 1336 2161 Athanasii
1352 2104 1469 2174 episcopi
1479 2103 1668 2168 Alexandrini,
1687 2104 1720 2159 de
1733 2105 1785 2160 llu-

991 2177 1145 2231 manationc
1157 2176 1274 2239 Doniiiii,
1288 2174 1366 2243 eujus
1377 2175 1482 2229 initium
1493 2189 1499 2226 :
1512 2192 1520 2223 i
1538 2172 1716 2228 sufficienter
1729 2177 1785 2244 qui·

991 2249 1051 2301 deni
1072 2246 1104 2300 dc
1119 2247 1161 2302 liis
1189 2246 1280 2301 rivallis
1294 2261 1378 2314 panea
1401 2252 1538 2299 sumentes
1560 2244 1782 2300 intimavimus.»

991 2317 1025 2370 Et
1040 2324 1113 2385 post:
1149 2336 1157 2367 i
1176 2318 1252 2372 Sicut
1275 2332 1305 2370 ea
1322 2332 1382 2385 qnae
1399 2315 1527 2369 scribitur
1555 2314 1583 2367 in
1603 2313 1685 2383 lignis
1702 2313 1785 2369 lerina

990 2388 1090 2442 abolita
1103 2386 1424 2450 exterioribussordibus,
1434 2385 1531 2439 iteruin
1539 2399 1654 2439 necesse
1663 2386 1688 2439 id
1699 2385 1784 2453 ipsum

991 2458 1145 2527 recuperari
1159 2467 1240 2527 atque
1255 2457 1326 2510 uniri
1350 2457 1374 2510 is
1393 2454 1470 2524 eujus
1482 2462 1523 2510 est
1546 2453 1645 2516 forma,
1667 2465 1696 2509 ιιι
1712 2458 1786 2510 inno·

991 2527 1047 2580 vari
1063 2528 1148 2595 possit
1165 2529 1253 2596 imago
1269 2529 1295 2581 lii
1309 2527 1404 2581 eadem
1419 2525 1533 2578 materia
1547 2532 1630 2592 atque
1640 2526 1783 2580 elemento.

991 2596 1043 2650 Per
1068 2596 1126 2665 ejus
1155 2599 1227 2652 enini
1257 2595 1373 2651 loriiiaiii
1396 2603 1425 2650 et
1448 2595 1506 2664 ipsa
1538 2595 1657 2648 materia
1692 2596 1739 2649 ubi
1760 2603 1785 2648 ct

991 2669 1172 2723 conscribitur
1190 2683 1243 2723 nori
1265 2665 1403 2735 dejicitur,
1423 2665 1516 2720 sedin
1536 2680 1569 2719 ea
1595 2664 1655 2733 ipsa
1668 2665 1784 2737 conliga

145 2747 243 2793 statum
257 2737 366 2791 luerint.
386 2738 492 2792 Etenim
508 2738 579 2793 idola
602 2736 734 2808 gentium,
759 2735 822 2805 quia
842 2734 938 2802 imagi·
991 2746 1076 2807 ratur.
1100 2759 1109 2790 ι

145 2824 194 2863 ιιεε
213 2806 321 2862 luerunt
339 2808 501 2874 daemonum,
525 2809 596 2863 heus
619 2806 757 2877 probibuit
771 2814 797 2860 et
816 2805 940 2860 condem·
1025 2808 1091 2862 ltem
1102 2808 1314 2863 beatihmbrosii
1327 2803 1533 2862 llediolaiiensis
1544 2805 1666 2874 episcopi
1679 2804 1783 2859 adGra-

145 2879 220 2933 navit
232 2894 289 2933 eas.
302 2877 356 2932 Nos
371 2888 464 2934 antem
478 2879 512 2933 ad
526 2880 684 2933 memoriam
699 2884 855 2931 sanctornm
871 2876 940 2928 iroa·
991 2877 1094 2933 tianum
1105 2879 1303 2949 imperatorem,
1318 2894 1350 2932 ει(
1362 2878 1430 2932 libro
1445 2892 1485 2939 ιιι,
1499 2890 1559 2943 cap.
1575 2877 1608 2929 (ιε
1625 2875 1784 2944 ‹Nunquld-

145 2950 223 3018 gines
237 2948 351 3003 iacimus
365 2947 490 3012 Abralm,
506 2949 600 3018 lloysi,
617 2957 644 3001 et
657 2947 733 3010 Elim,
749 2947 832 3010 lsaiir,
847 2954 873 3001 ct
886 2945 938 2999 'La-
991 2964 1034 3014 ue,
1061 2955 1168 3018 quando
1185 2956 1212 3004 et
1226 2949 1352 3004 deitatem
1377 2956 1405 3002 et
1419 2959 1526 3002 carnem
1546 2944 1607 3013 ejus
1629 2946 1781 3008 adoramus,

146 3020 256 3082 charite,
276 3026 304 3072 et
326 3018 491 3086 reliquorum
516 3019 718 3087 prophetarum,
743 3017 936 3139 apostolorum,
952 3047 976 3110 c
991 3019 1135 3074 dividimus
1158 3019 1314 3074 Christum?
1349 3019 1403 3072 Aut
1425 3014 1532 3088 qnando
1560 3015 1587 3068 iii
1609 3017 1670 3085 ipso
1693 3026 1721 3071 et
1739 3014 1783 3070 liei

146 3098 173 3143 et
193 3096 342 3158 inartprnm
361 3097 527 3152 sniictoruni,
552 3088 597 3157 qui
620 3094 729 3158 propter
780 3102 841 3140 euin
868 3087 938 3139 inte·
992 3089 1136 3171 imaginem
1154 3098 1181 3148 et
1204 3105 1312 3145 crucem
1338 3089 1498 3151 adoramus,
1527 3086 1677 3142 dividimus
1703 3087 1783 3140 enini

147 3158 246 3227 rempti
273 3165 346 3219 sunt.
377 3167 407 3211 ut
424 3158 524 3222 omnis,
545 3160 590 3227 qui
606 3158 678 3211 videt
699 3170 744 3211 eos
764 3157 792 3209 iii
811 3156 937 3224 imagine,
990 3158 1078 3214 Absit.
1096 3180 1104 3211 ι

147 3235 314 3282 memoretur
331 3242 435 3292 corum,
455 3234 482 3281 et
495 3229 626 3297 glorificet
639 3227 722 3281 Deum
745 3225 791 3294 qui
806 3225 939 3295 gloritica-
1024 3228 1090 3284 ltem
1109 3230 1180 3285 beati
1191 3228 1313 3299 Gregorii
1327 3228 1441 3300 Nysseni
1457 3227 1587 3296 episcopi,
1608 3227 1682 3281 inter
1697 3227 1781 3295 plura,

145 3296 253 3352 viteos.
273 3296 354 3352 Demi
372 3297 445 3352 enim
468 3298 507 3353 eis
528 3299 614 3352 honor
634 3304 661 3350 ει
676 3297 798 3351 adoratio
819 3302 847 3350 et
866 3311 939 3350 com·
990 3299 1035 3353 ubi
1055 3302 1088 3355 de
1107 3301 1244 3354 Abraham
1259 3314 1411 3355 sermonem
1436 3298 1579 3352 institnit:
1605 3315 1614 3347 (
1635 3297 1695 3352 l'idi
1721 3298 1781 3350 ima

146 3366 284 3422 mendatio
297 3368 444 3422 secundum
453 3365 589 3435 justitiam
611 3382 715 3432 eorum,
732 3375 761 3420 ut
782 3380 876 3420 omncs
893 3364 939 3435 qui
989 3370 1078 3450 giucni
1090 3370 1232 3439 passionis,
1240 3380 1267 3425 et
1281 3386 1334 3424 non
1345 3370 1403 3424 sine
1415 3369 1541 3438 lacrymis
1552 3367 1687 3422 visionem
1698 3375 1782 3421 traus-

147 3437 240 3492 vidcnt
252 3453 308 3504 eos,
324 3435 464 3502 festinent,
486 3448 513 3493 et
535 3438 585 3508 ipsi
600 3437 751 3491 imitatores
774 3437 833 3491 sieri
855 3438 939 3491 actio·
990 3439 1035 3502 ivi,
1047 3455 1128 3509 opere
1141 3440 1208 3494 artis
1221 3442 1254 3495 ad
1269 3440 1365 3495 faeiem
1377 3438 1678 3500 dedueeusliistoriain,
1691 3447 1764 3490 etc.»

147 3523 210 3562 umn
221 3523 326 3562 eorum.
340 3507 405 3576 Qum
423 3509 496 3563 cuim
511 3517 553 3564 est
571 3508 694 3563 adoratio
711 3507 763 3562 nisi
779 3507 865 3561 honor
880 3513 939 3561 tan·
1023 3508 1090 3563 lteiu
1104 3511 1194 3580 ipsein
1208 3509 1430 3579 interpretatione
1443 3507 1780 3563 indanticacanticorum:

146 3579 303 3633 tmnmodo?
322 3579 392 3633 sicut
418 3586 445 3633 et
471 3594 522 3634 nos
543 3589 701 3649 peccatores
728 3577 882 3639 adoramus,
911 3583 939 3632 et
992 3578 1096 3634 «Sicut
1122 3595 1186 3634 vero
1204 3581 1356 3648 conscripta
1377 3579 1509 3643 doctrina,
1536 3577 1652 3632 materia
1663 3577 1781 3646 quedam

146 3649 296 3703 salutamus
325 3664 375 3703 iios
399 3649 559 3708 altemtrnni
586 3649 733 3702 secundnm
752 3648 882 3702 honorem
911 3653 939 3703 et
989 3657 1041 3711 est,
1061 3651 1098 3704 ita
1122 3650 1231 3705 omuino
1246 3651 1273 3703 ln
1284 3649 1398 3704 diversis
1413 3647 1549 3713 tincturis,
1574 3646 1781 3716 qiiaeeouiplerit

145 3717 326 3773 dilectionem.
346 3718 453 3774 Etenim
468 3720 552 3774 Deum
563 3726 685 3773 nostrum
704 3718 783 3771 aliter
796 3716 939 3772 adoramus
989 3720 1329 3783 aniinaotislniitationem,
1341 3719 1388 3787 qui
1402 3733 1465 3774 vero
1477 3718 1512 3771 ad
1525 3717 1671 3787 imaginem
1679 3715 1781 3785 con-pi·

145 3795 172 3842 ct
183 3789 376 3859 glorificamus,
388 3797 415 3844 et
430 3788 674 3844 contremiscimus.
696 3789 786 3858 lmago
807 3798 848 3841 εει
866 3787 939 3842 ειιιιι-
989 3791 1025 3844 cit
1045 3805 1078 3843 ex
1094 3791 1189 3845 eadem
1207 3802 1265 3844 arte
1282 3805 1330 3860 per
1344 3790 1448 3844 colores
1467 3788 1632 3857 completam
1653 3785 1779 3851 tabularu,

144 3856 231 3913 lltndo
251 3858 308 3928 ejus
333 3860 380 3929 qui
403 3859 430 3913 io
450 3875 481 3914 ea
494 3858 662 3927 conscriptus
681 3866 737 3923 est;
753 3857 827 3926 iinpii
847 3864 938 3912 autem
990 3875 1042 3913 non
1057 3859 1297 3929 tincturisprrclert
1312 3858 1578 3928 contemplationem,
1592 3857 1643 3911 sed
1655 3857 1780 3910 visionem

119 3938 123 3949 ·
145 3929 190 3996 qni
217 3930 317 3984 bonum
342 3945 395 3984 non
423 3939 515 3998 agunt,
541 3943 628 3998 neque
646 3937 802 3983 sanctoruni
822 3943 939 3983 coinnie·
988 3929 1122 3998 depictam
1145 3931 1276 3998 conspicit
1293 3929 1488 3993 tantummodo,
1512 3943 1595 3996 quam
1611 3942 1661 3998 per
1681 3926 1779 3980 colores

118 4040 121 4045 .
145 4009 292 4063 irrorantes,
309 4015 361 4053 nou
383 4000 554 4069 prohibeant,
580 4014 668 4067 neque
684 3998 868 4054 scandalizent
891 4013 938 4054 eos
988 4001 1117 4070 magister
1132 4000 1362 4054 demonstravit.»

144 4069 191 4138 qni
212 4070 394 4133 benefaciunt,
414 4077 441 4122 et
461 4069 593 4124 honorant
610 4077 718 4123 sanctos
731 4078 759 4124 et
773 4083 866 4123 servos
879 4064 937 4134 bei,
1023 4069 1128 4124 Leontii
1137 4070 1255 4139 episcopi
1270 4069 1380 4138 Neapoli
1393 4067 1485 4139 Cypri,
1505 4068 1533 4120 io
1544 4068 1642 4136 quinto
1661 4080 1779 4122 sermone

144 4145 171 4192 ει
188 4150 436 4195 commemorantur
458 4154 561 4203 eorum,
588 4139 741 4194 mercedem
765 4139 836 4193 enini
859 4139 937 4194 bonne
987 4156 1036 4209 pro
1057 4140 1326 4195 tei·Christianorum
1350 4153 1508 4206 responsum
1524 4136 1777 4197 adversusluiluros,

144 4211 310 4278 operationis
332 4210 480 4279 accipient;
506 4210 581 4278 impii
603 4224 667 4263 vero
688 4209 837 4264 secundnm
865 4207 937 4277 quod
988 4218 1015 4264 et
1028 4157 1061 4264 dia
1076 4211 1237 4280 imaginibus
1255 4217 1431 4264 sanctornm:
1450 4225 1459 4258 i
1476 4207 1554 4261 Nunc
1568 4223 1636 4262 vcro
1654 4208 1687 4262 de
1704 4222 1778 4260 vcne·

144 4281 342 4350 cogitaverunt,
351 4281 489 4336 habebunt
502 4280 678 4335 desolationis
692 4278 935 4342 inhonorationem,
988 4279 1079 4335 randis
1091 4281 1224 4350 pictisque
1239 4281 1401 4350 imaginibus
1417 4293 1576 4347 responsum
1590 4277 1732 4338 iaciamus,
1753 4282 1778 4328 ui

144 4350 214 4405 sicut
228 4351 256 4405 id
270 4352 340 4420 qnod
355 4351 459 4420 justum
472 4350 646 4420 negligentes,
665 4357 691 4403 et
709 4349 849 4402 abomiiio
864 4363 936 4402 rece·
988 4352 1164 4405 obstruantur
1190 4367 1237 4405 ora
1260 4350 1427 4419 loquentium
1457 4348 1648 4416 iniquitatem,
1680 4345 1778 4417 legalis

142 4421 254 4486 dentes;
274 4430 384 4490 propter
398 4422 556 4475 memoriani
580 4434 696 4488 namque
720 4420 747 4473 in
773 4418 935 4488 imaginibus
949 4400 975 4463 ὓ
987 4423 1093 4476 enimet
1105 4423 1162 4476 lico
1173 4420 1301 4485 traditio,
1315 4429 1343 4474 et
1354 4419 1415 4473 audi
1430 4418 1514 4472 Deum
1524 4418 1662 4473 dicentem
1676 4417 1777 4484 adllop·

143 4493 362 4553 conso-munim,
375 4499 402 4544 ei
414 4491 589 4553 innovantur,
606 4491 659 4543 imo
671 4497 698 4544 ei
714 4489 861 4543 adorantur
873 4503 935 4543 san-
987 4508 1057 4547 scin:
1076 4491 1209 4560 irreptio
1224 4490 1435 4545 erinaciorum
1449 4504 1544 4542 aurem
1563 4487 1710 4556 trascripta
1723 4502 1777 4539 con-

142 4560 179 4613 cti
197 4561 267 4614 sicut
290 4561 360 4614 servi
386 4559 443 4623 bel,
468 4569 497 4613 ut
520 4576 569 4629 pro
599 4560 676 4615 nobis
698 4559 865 4613 ditiiiitatcm
881 4559 935 4613 sirit
985 4573 1056 4617 strue
1068 4561 1250 4617 obumbrantes
1263 4559 1472 4631 propitiatorium
1488 4556 1589 4628 (Eroti.
1607 4573 1660 4610 xxv
1676 4556 1778 4610 ‚Etite-

142 4638 296 4694 exorantes
324 4639 406 4699 atque
434 4630 628 4697 implorantes,
655 4629 765 4700 dignuin
794 4629 867 4683 enini
894 4636 935 4683 est
985 4649 1056 4699 runi,
1077 4630 1205 4700 templum
1222 4632 1294 4700 qnod
1310 4627 1428 4684 ostendit
1445 4628 1516 4682 Deus
1543 4627 1683 4682 Ezechiel
1701 4641 1708 4679 ι
1727 4623 1778 4677 m-

143 4702 352 4754 eummemorari
365 4701 504 4754 doctorum
523 4707 687 4762 nostrorum,
708 4707 735 4753 et
746 4701 849 4770 gratias
868 4699 935 4755 rele
986 4705 1046 4768 ries,
1064 4699 1448 4771 dirit,pcliimmiiictleonum,
1462 4698 1631 4750 etlioiiiiiium
1647 4709 1671 4751 ci
1685 4695 1778 4750 Cleru-

145 4769 241 4825 rcudo.
259 4790 269 4823 i
986 4774 1037 4826 him
1055 4792 1070 4826 a
1103 4772 1231 4825 nuiiiiciito
1244 4771 1312 4840 ejas,
1326 4784 1406 4839 iisque
1418 4768 1590 4821 adrumetum
1604 4769 1665 4820 tecti
1675 4766 1776 4837 (tuci.

177 4840 243 4896 ltein
261 4842 347 4897 sancti
366 4839 485 4911 Dionysii
498 4839 667 4911 Areopagitae
687 4840 859 4895 htlieiiieiisis
878 4841 935 4910 epi·
985 4860 1033 4909 ιιι;
1049 4789 1101 4895 tif
1112 4842 1176 4904 llcq.
1191 4840 1239 4906 ii),
1254 4848 1328 4895 cei-tc
1342 4837 1470 4892 terribilis
1484 4852 1585 4902 sermo,
1595 4838 1642 4905 qui
1658 4835 1776 4906 precepit

142 4912 227 4984 scopi,
242 4913 268 4967 in
281 4912 393 4982 epistola
407 4927 488 4981 quam
501 4912 609 4982 scripsit
622 4912 656 4966 acl
670 4921 794 4967 sanetum
804 4911 934 4968 loannem
984 4913 1074 4967 israeli
1094 4926 1128 4966 ue
1148 4897 1249 4965 laceret
1263 4909 1400 4979 quodlibet
1424 4906 1557 4977 sculptile,
1582 4923 1673 4976 neque
1688 4905 1776 4975 imagi·

142 4985 344 5055 evangelistani,
359 4984 430 5038 inter
442 4991 549 5047 caetera,
566 4984 674 5052 inquit:
692 5001 700 5033 i
719 4982 788 5049 Quid
802 4983 932 5048 niirabile,
985 4999 1056 5047 nem,
1076 4997 1162 5051 ireque
1173 4980 1379 5050 >similitudinem
1390 4993 1450 5047 quae
1466 4978 1570 5031 suntin
1584 4978 1665 5043 coelu,
1678 4987 1706 5030 et
1722 4989 1777 5045 quie

141 5052 164 5108 si
180 5051 303 5110 Cliristns
323 5070 405 5109 verax
421 5061 448 5108 ct
461 5052 614 5123 discipulos,
626 5053 722 5124 iuquit,
740 5053 771 5107 de
787 5053 935 5108 civitatibus
984 5063 1048 5110 sunt
1065 5054 1091 5107 in
1109 5061 1191 5116 terra,
1211 5051 1268 5120 ipse
1283 5049 1411 5119 praecepit
1433 5047 1518 5116 lloysi
1544 5047 1635 5101 iacere
1649 5044 1776 5116 sculptilia

142 5124 258 5194 ejiciunt,
270 5123 298 5195 ip
306 5126 322 5179 ii
339 5126 418 5194 digne
440 5124 489 5178 sibi
503 5123 665 5192 judicantes,
682 5135 709 5179 et
734 5126 766 5178 ilc
782 5139 860 5178 sacro
877 5138 935 5178 sce·
984 5124 1110 5178 animalia
1124 5131 1151 5177 et
1165 5120 1314 5176 cherubini.
1330 5119 1406 5175 lliide
1423 5127 1450 5172 et
1463 5118 1593 5173 Salomon
1606 5133 1640 5172 ex
1655 5117 1712 5189 lege
1724 5130 1778 5170 stis·

143 5191 218 5248 lerati
239 5196 412 5260 interdicunt,
429 5203 455 5249 et
475 5195 631 5249 recedentes
643 5212 659 5248 a
671 5195 785 5248 veritate
807 5203 834 5247 et
850 5195 935 5248 niani-
984 5196 1088 5264 cipions
1114 5193 1220 5263 signum
1238 5191 1345 5261 plenum
1369 5189 1433 5243 lecit
1449 5188 1580 5258 teinplnni
1597 5203 1654 5242 mre
1677 5185 1777 5241 etscul·

143 5261 213 5317 leste
223 5265 353 5334 imagines
372 5273 435 5320 sunt
449 5263 568 5319 visibiles
583 5264 767 5328 invisibilium,
791 5281 840 5319 nce
862 5266 934 5318 enim
984 5266 1058 5335 ptilc,
1081 5276 1108 5319 ct
1126 5262 1213 5325 lusilc,
1228 5262 1345 5322 leonum,
1362 5260 1453 5324 boum,
1479 5267 1506 5312 et
1522 5258 1675 5328 palmarum
1688 5266 1716 5312 ct
1733 5257 1777 5312 ho·

142 5330 171 5411 ln
183 5336 287 5390 secutis
313 5334 565 5404 supervenientibus
588 5335 730 5404 culpabilis
752 5336 806 5390 erit
826 5350 860 5389 cx
876 5335 934 5404 ejus
984 5337 1097 5399 iiiinnrn,
1114 5342 1141 5388 ct
1155 5340 1261 5387 nonest
1287 5330 1468 5399 reprehensus
1481 5344 1497 5381 a
1510 5328 1575 5382 beo.
1614 5328 1644 5382 si
1657 5329 1727 5382 euim
1737 5339 1777 5380 ine

141 5406 245 5471 lustitia
259 5415 398 5474 respectus
411 5406 467 5459 liei.
480 5425 488 5456 ι
985 5406 1182 5477 reprehendere
1204 5402 1244 5457 vis
1264 5418 1313 5471 pro
1330 5399 1500 5468 imaginibus,
1518 5398 1687 5468 reprehende
1699 5400 1776 5453 [lemn

174 5471 241 5528 ltem
257 5475 377 5544 ejusdcm
398 5476 431 5530 de
451 5475 554 5530 coelcsti
569 5473 672 5538 blilitia,
689 5484 714 5530 et
729 5475 797 5529 iirlra
813 5495 819 5530 :
839 5494 846 5526 (
862 5476 936 5532 Pric—
984 5480 1029 5546 qui
1042 5478 1099 5531 lucc
1114 5472 1274 5542 fierijussit,
1290 5473 1317 5525 in
1337 5470 1466 5524 memoria
1482 5469 1540 5536 ejus
1556 5483 1617 5523 esse
1644 5481 1775 5546 organas.

141 5541 213 5596 clieta
225 5547 299 5601 enim
313 5546 469 5615 iiimrporca
485 5547 591 5616 agmina
605 5546 718 5599 diversis
731 5547 864 5602 coloribus
877 5545 934 5602 elli-
983 5545 1092 5601 iudaeus
1104 5545 1183 5608 dixit,
1202 5545 1248 5599 sed
1264 5558 1317 5596 non
1333 5539 1511 5594 adorabantur
1530 5539 1593 5602 illac,
1612 5540 1684 5593 sicut
1695 5538 1730 5593 dii
1743 5551 1777 5616 st·

141 5624 282 5681 putantur,
294 5617 535 5686 compositionibus
547 5616 639 5681 variis
655 5627 788 5686 qnatenus
802 5619 841 5673 sic
853 5619 934 5672 tacite
984 5615 1160 5678 militudines,
1183 5615 1230 5670 sed
1243 5611 1571 5668 memoriatantuuimodo
1584 5609 1678 5663 fiebat.
1704 5608 1776 5662 Chri-

142 5686 320 5755 uosmeiipsos
340 5700 389 5755 per
404 5686 600 5742 sacratissimas
618 5685 718 5758 elligies
741 5689 775 5742 ad
798 5689 934 5758 simplices
984 5687 1088 5745 stianns
1103 5686 1179 5751 dixit,
1200 5685 1267 5741 hene
1286 5682 1395 5749 dixisti,
1412 5695 1498 5751 neque
1519 5679 1670 5737 anobisut
1683 5678 1719 5735 dii
1734 5674 1776 5731 iiil-
