3780 6120
51 281 104 340 561
213 279 289 339 COD.
310 277 447 338 bretoil.
467 306 503 318 -
523 271 669 338 MONUM..
690 271 778 334 Elii„
806 262 873 326 SEU
893 264 1007 326 CODEX
1024 262 1231 324 canoaldus.
1252 296 1286 307 -
1305 262 1380 320 her.
1400 263 1554 319 toulant.
1650 262 1717 320 sos:

90 399 162 457 tihci
182 397 370 471 cognoscenda
387 394 583 467 permittitora
605 405 667 462 rege
683 374 855 460 permissum
870 389 894 447 Α
911 383 1041 438 rterahilis
1068 381 1225 439 monasterii
1252 380 1341 436 sancti
1370 377 1505 434 vincentii
1535 385 1562 434 et
1592 379 1728 438 abbates·

88 467 495 535 ’ssmpfflfflfflmsslssltleh
503 457 856 531 Qllilssbd¹iffl¹¹18n0⁰l¹¹b
909 472 1030 542 ejrtsrlcm
1047 471 1224 535 monasterii,
1241 470 1345 526 scilieet
1373 470 1536 524 autbertum
1556 476 1585 523 ct
1607 468 1705 525 Potho

93 532 730 615 ¹5³&Mlius⁰⁰¹¹V⁰⁰¹¹U⁵⁰⁰mmp⁰⁶39⁸⁵9f⁰
744 544 855 584 (ΜΝ
1004 565 1029 620 d'
1084 564 1101 618 ι’
1145 571 1193 618 tu
1231 560 1383 616 examinari
1410 567 1500 614 uestra
1525 559 1623 615 direxit
1658 577 1705 616 rae·

92 611 217 670 ‹tecartt
232 607 558 677 Corhurmioniscrimeu,
571 619 625 673 qtto
636 601 855 664 insimulabatur,
908 580 990 626 ”⁰¹⁰³
1023 579 1104 665 '³⁰¹3'
1127 577 1210 632 ΝΕ
1252 653 1258 664 ,
1363 650 1369 663 .
1482 651 1488 663 .
1639 576 1658 631 p·

92 683 193 739 laisum
220 695 281 736 esse
304 675 499 749 deprehendit;
523 683 694 730 sacramento
716 687 778 727 cum
796 664 858 724 aliis
908 655 980 710 celsa
998 654 1097 725 “8³¹¹ss
1116 653 1276 709 ⁸¹⁰⁰¹¹0¹¹¹¹³
1298 653 1334 717 ¹³3
1362 666 1420 721 'ps‘
1442 665 1543 721 ΨῘΨΡΘ
1577 651 1707 722 praes²¹¹¹⁵

95 751 238 809 monachis
253 758 289 805 se‘
302 758 462 819 purgantem
487 745 603 800 absolsit
616 759 623 808 ;
638 744 672 798 ad
686 756 777 811 regem
795 755 858 810 pru-
907 747 1057 802 lutbertus
1079 747 1179 810 abbas,
1195 745 1260 800 dum
1283 743 1379 798 callem
1396 744 1503 798 itineris
1525 754 1706 815 peragraret,

92 823 179 906 ⁸⁰³⁸&
204 818 494 903 ⁰¹¹¹¹¹⁰⁵.¹¹⁰⁸.¹¹¹¹³¹¹²⁶⁵
518 814 660 897 Vennum·
681 811 778 868 (Μὴ
800 813 858 866 ¹¹oe⁰
909 837 1051 908 repentina
1072 843 1160 891 morte
1184 843 1335 904 occupatus
1356 832 1469 888 minime
1486 835 1708 906 nostrisaposto·

93 892 217 966 pontifex
234 898 342 946 ntmttat
361 888 471 950 barolo,
493 901 574 956 quem
592 893 674 938 ettam
688 885 767 938 docet
791 882 859 936 hut·
908 931 968 986 Ueis
981 928 1064 984 valuit
1075 943 1105 983 se
1116 926 1292 982 manifestam
1304 924 1466 995 pmsenffis·

92 967 203 1023 bertum
224 953 346 1032 eistadem
369 968 486 1013 nuntiast.
522 953 710 1011 volturnensis
731 954 857 1008 abbrttcm
1581 1020 1588 1033 υ

97 1034 211 1090 anortem
226 1027 425 1088 occubuissein
442 1023 784 1095 itinere,etllodigausum
800 1037 859 1076 mo·
945 1023 1115 1094 Quapropter
1142 1021 1336 1077 conuenientes
1360 1021 1453 1089 plures
1482 1033 1516 1074 ex
1546 1021 1708 1090 primatibus

94 1104 214 1160 lechum
228 1098 516 1169 a⁰⁶¹¹⁸²¹¹⁰l0¹¹¹⁸²¹¹llri
530 1112 606 1151 ΜΗ]
628 1112 689 1168 91161
714 1101 796 1164 ¹¹⁸¹)tii
815 1107 859 1147 [θ’
910 1114 1051 1168 monachis
1077 1129 1140 1169 cum
1165 1113 1277 1183 prelato
1304 1112 1426 1167 Potheue
1452 1112 1550 1167 abbate
1576 1112 1706 1181 ipsarum,

91 1182 205 1246 penum
216 1188 288 1229 ⁰⁸³⁰·
829 1224 835 1237 ·
910 1206 1055 1261 astiterunt
1068 1220 1164 1260 omncs
1174 1205 1275 1276 pariter
1290 1203 1316 1259 in
1333 1211 1480 1274 conspectu
1499 1203 1640 1273 apostolici
1665 1203 1709 1259 dc·

98 1309 206 1364 bonno
229 1303 458 1361 excellentissimo
483 1301 540 1357 lilio
572 1308 719 1370 nostroque
744 1296 859 1369 spiritali
912 1300 978 1355 creti
992 1299 1088 1361 nostri,
1107 1298 1153 1367 qui
1167 1296 1318 1352 residentes
1336 1312 1389 1351 una
1406 1312 1469 1351 cum
1482 1297 1709 1354 reverendissimo

57 1399 197 1469 compatri
208 1396 317 1461 carolo,
331 1395 387 1466 regi
403 1394 570 1449 Francorum
583 1399 610 1446 ot
620 1390 860 1461 Langobardorum
912 1399 940 1445 et
951 1388 1124 1444 sanctissimo
1150 1388 1313 1443 Possessore
1335 1387 1557 1456 archiepiscopo,
1583 1402 1631 1442 seu
1653 1388 1709 1443 dn·

57 1499 146 1558 atque
162 1487 280 1558 patricio
294 1485 478 1541 homanorum
492 1523 500 1548 ,
515 1481 652 1539 Adriarms
668 1497 748 1553 papa.
912 1480 1006 1536 scaldo
1025 1479 1123 1534 abbate
1144 1469 1307 1533 uenerabilis
1333 1477 1491 1532 monasterii
1515 1478 1602 1532 saneti
1624 1479 1708 1544 Petri,

95 1577 246 1634 Praeoeisas
256 1574 543 1644 acabeoinspiratas‚
555 1589 605 1643 per
613 1573 861 1629 reuerentissimum
912 1571 1016 1641 pariter
1042 1568 1170 1639 Amrilino
1191 1568 1289 1623 abbate
1301 1578 1325 1632 ⁶,
1340 1566 1489 1638 &noregia
1512 1574 1595 1636 atque
1610 1567 1710 1639 hagin-

58 1680 89 1725 et
100 1669 305 1727 sanctissimum
316 1667 504 1723 Possessorem
517 1666 748 1736 archiepiscopum
758 1677 781 1730 ι,
796 1664 862 1720 lide·
916 1664 995 1719 baldo
1012 1663 1110 1719 abbate
1127 1662 1291 1717 venerahilis
1310 1662 1469 1717 monasterii
1485 1673 1586 1719 sanctae
1602 1664 1648 1720 liei
1660 1664 1710 1720 Ge-

61 1762 198 1817 llssimum
220 1759 334 1815 missum
352 1766 483 1823 restrum,
498 1755 861 1827 sagacissimasprreeipuas·
878 1737 1032 1819 Breuitate,
1057 1753 1192 1823 simulque
1205 1753 1311 1809 Gisullo
1324 1754 1425 1810 abbate
1439 1756 1602 1812 uenerabilis
1617 1773 1710 1814 arona·

61 1867 115 1923 qne
128 1851 251 1923 syllabas
264 1849 463 1918 suscipientes,
478 1847 556 1903 ualde
581 1848 607 1902 in
623 1846 666 1901 bis
685 1853 778 1901 noster
795 1845 861 1900 rele
912 1846 988 1901 sterii
1008 1845 1093 1899 sancti
1107 1843 1181 1899 Petri
1194 1843 1219 1910 «Ι,
1240 1844 1412 1901 lliltibraodo
1426 1846 1504 1911 duee,
1520 1847 1664 1919 Taeiperto
1683 1862 1709 1905 et

61 1953 144 1999 uatus
165 1951 211 1997 est
233 1940 359 2005 animos,
375 1939 480 2008 regales
494 1939 647 2007 triumphos
668 1938 695 1992 in
720 1938 761 1992 eis
780 1945 862 2006 atqtte
912 1936 1058 2002 Praedam,
1071 1936 1204 2007 simulque
1215 1938 1477 1993 nostrisastantibus
1486 1940 1614 2005 seruitiis,
1625 1941 1710 1998 Theo

62 2034 212 2103 sospitates
222 2031 410 2100 reperientes,
431 2038 457 2085 et
472 2044 521 2100 pro
541 2029 594 2085 boe
613 2042 726 2097 magnas
740 2027 862 2097 omnipo·
913 2027 1041 2098 plrylactu
1057 2027 1275 2092 bibliothecario,
1292 2026 1432 2098 Stephano
1453 2029 1604 2096 sacellario,
1630 2033 1709 2089 Cam-

65 2124 134 2179 tenti
149 2124 207 2179 beo
217 2122 332 2176 tulimus
342 2128 434 2192 grates
449 2120 477 2174 in
490 2119 551 2174 aula
564 2119 678 2174 fautoris
688 2118 772 2173 vestri
790 2117 863 2172 beati
913 2118 978 2185 pulo
998 2115 1114 2181 nuntio,
1137 2116 1278 2173 Theodoro
1294 2116 1362 2173 duce
1378 2126 1431 2173 ·ct
1452 2120 1558 2176 canteris
1571 2122 1707 2191 pluribus;

64 2214 138 2271 Petri
154 2212 272 2284 apostoli
300 2212 419 2268 diuinam
440 2218 583 2266 exorantes
605 2209 786 2265 clementiam.
811 2206 864 2262 lle·
914 2219 941 2262 et
954 2208 1019 2262 dnm
1031 2208 1171 2280 ingressus
1191 2207 1286 2264 luisset
1307 2208 1391 2281 428
1404 2210 1575 2281 Rodigausos
1589 2213 1709 2282 ejusdem

63 2305 205 2362 menatae
219 2305 319 2374 quippe
339 2302 367 2356 in
386 2301 453 2371 ipsis
470 2302 570 2356 restris
581 2300 718 2371 regalibus
730 2297 862 2367 apicibus,
915 2301 1073 2356 monasterii
1100 2300 1262 2365 monachus,
1284 2301 1419 2357 referebat
1440 2303 1572 2360 aduersus
1584 2306 1709 2362 errmdem

65 2397 128 2470 quia
142 2411 226 2453 musa
240 2402 329 2450 restra
344 2402 438 2448 nostra
451 2393 494 2456 sit,
505 2401 533 2448 et
543 2401 636 2448 nostra
647 2399 738 2447 uestra
751 2403 758 2443 :
771 2390 799 2444 in
811 2390 865 2444 hoc
915 2393 1065 2449 Puthonem
1088 2393 1214 2449 abbatem
1240 2393 1425 2448 testimonium
1454 2395 1546 2451 dicens
1560 2414 1567 2451 ε
1581 2397 1708 2464 Domine,

67 2503 132 2547 reru
142 2489 206 2545 freti
217 2486 375 2550 existimus,
391 2485 453 2555 quia
466 2485 556 2541 diuina
568 2483 745 2554 inspiratione
762 2482 865 2537 ueritas
916 2485 979 2541 dum
993 2498 1104 2539 cursum
1115 2483 1189 2538 born
1209 2491 1293 2538 sertae
1313 2483 1504 2554 explessemus,
1521 2496 1550 2543 et
1563 2493 1710 2546 meandum

67 2579 124 2635 larue
136 2576 233 2648 procrd
253 2573 335 2630 dubio
353 2589 369 2627 a
392 2573 470 2628 robis
488 2581 598 2627 exarata
614 2587 726 2643 prorsus
738 2570 866 2625 omatibus
916 2571 1137 2629 consuetudinem
1152 2587 1203 2642 pro
1213 2572 1286 2643 regis
1296 2572 1491 2640 incolumitate,
1504 2574 1616 2645 ejusque
1624 2579 1710 2648 prole,

68 2669 214 2726 manifesta
247 2681 280 2722 ac
306 2674 383 2721 certa
409 2664 589 2736 splendescit;
617 2672 646 2719 et
671 2677 725 2733 quo
746 2661 863 2734 ternu,
916 2664 1104 2736 propheticum
1114 2663 1321 2718 decantaremus
1331 2663 1474 2733 psalmum,
1487 2667 1611 2722 videlicet
1622 2667 1710 2740 (Paul.

67 2757 212 2834 quoniam]
238 2758 272 2814 ad
290 2766 414 2813 nostrum
437 2755 569 2824 judicium
583 2754 713 2810 canonice
732 2751 867 2822 simulque
917 2753 977 2826 ιιιι)
1001 2752 1082 2819 Deua,
1110 2753 1140 2808 in
1161 2753 1265 2808 nomine
1282 2763 1328 2806 tuo
1348 2752 1449 2809 sulcum
1473 2772 1513 2810 me
1537 2757 1595 2826 soc,
1620 2760 1710 2816 subito

68 2851 232 2925 regulariter
247 2847 437 2904 contentiones
454 2846 525 2902 inter
546 2845 628 2918 {027
655 2844 802 2902 monachos
820 2856 867 2900 re
917 2846 1036 2902 surrexit
1050 2844 1136 2900 abbas
1153 2851 1180 2900 et
1193 2843 1307 2913 psallere
1330 2843 1416 2900 uoluit
1432 2846 1454 2899 l.
1475 2846 1541 2901 ltem
1564 2847 1709 2918 releoebat,

101 3038 117 3068 ⁸
134 3022 356 3081 Ebrudunensem
379 3021 612 3091 arehiepiscopum
634 3035 695 3076 csse
717 3027 796 3090 putat
810 3019 867 3075 lla·
918 3021 1092 3095 epistolarum
1111 3020 1186 3076 Pauli
1201 3019 1222 3087 1,
1248 3030 1279 3076 ut
1300 3020 1337 3075 ibi
1352 3021 1458 3085 monui,
1477 3028 1504 3075 ct
1525 3023 1634 3078 nomina
1655 3025 1711 3082 lere

69 3096 163 3152 hilion.
177 3092 288 3176 leand.
303 3092 350 3147 hh.
366 3108 438 3155 nstv,
453 3108 481 3146 n.
497 3092 552 3162 68).
565 3092 694 3146 martem
705 3107 786 3160 supra
796 3091 864 3147 rioi—
877 3086 901 3154 C
916 3095 1006 3151 ornnia
1030 3092 1246 3162 Langobardtca,
1281 3090 1393 3146 Francis
1413 3092 1516 3162 aliquot
1540 3095 1711 3163 intermistis,

70 3182 128 3222 urus
141 3162 288 3235 episcopali
302 3171 407 3216 tuntum
418 3163 548 3232 dignitate
561 3162 703 3232 insignem,
719 3163 782 3217 doru
795 3162 860 3232 regii
913 3165 1061 3221 anroueuda
1075 3170 1137 3218 surtt
1152 3178 1167 3216 a
1181 3163 1302 3216 httnrano
1315 3161 1398 3217 ciero.
1410 3162 1494 3217 Cera.

70 3237 144 3292 missi
159 3248 271 3289 munere
285 3230 446 3301 fungebatur
460 3248 546 3302 usque
561 3233 595 3287 ad
609 3247 653 3285 an.
670 3231 720 3285 777
747 3232 801 3301 (cp.
815 3234 859 3294 lii,
951 3248 962 3275 ο
979 3233 1095 3290 Seruitia
1111 3244 1160 3303 pro
1176 3232 1241 3300 ipsis
1260 3232 1392 3287 ministris
1416 3232 1538 3287 adhiberi
1561 3242 1637 3290 uolat
1659 3235 1711 3292 tto-

71 3305 105 3359 al
127 3306 187 3376 66).
212 3302 443 3371 Archiepiscopali
471 3318 543 3357 nutrc
566 3302 708 3372 proditum
732 3303 862 3372 dignitate
913 3305 1025 3376 cangius
1040 3301 1207 3358 ahbrlriano
1222 3302 1248 3355 in
1262 3302 1312 3356 hac
1324 3303 1449 3371 epistola,
1463 3311 1491 3357 et
1506 3320 1521 3357 a
1537 3302 1639 3359 hodor.
1663 3306 1711 3361 Pio

72 3376 144 3430 illam
163 3373 326 3429 audientes.
352 3371 571 3428 Ebredunensem
591 3372 759 3441 metropolim
776 3373 802 3426 in
816 3373 864 3426 ho·
913 3378 983 3446 apud
997 3374 1069 3429 Petr.
1086 3371 1204 3429 Chilliet.
1226 3372 1267 3427 Ex
1288 3373 1422 3428 ministris
1442 3381 1532 3427 autem
1551 3373 1651 3442 placito
1662 3394 1709 3433 scu

72 3460 162 3501 norem
179 3443 325 3514 pristinum
340 3442 493 3497 restitutam
514 3458 574 3498 esse
594 3442 776 3511 intelligimus.
800 3442 863 3496 Gal·
909 3445 1011 3515 Judicio
1040 3445 1192 3499 astantibus
1222 3442 1381 3497 nominatim
1418 3455 1541 3499 recenset
1568 3445 1709 3518 Theophy·

73 3515 163 3570 limare
183 3515 256 3568 euim
276 3513 439 3582 metropoles
464 3512 520 3568 lere
542 3528 637 3568 omnies
658 3513 746 3567 Caroli
776 3509 862 3583 llagni
914 3517 1014 3572 lactum
1040 3513 1278 3589 bibliothecarium
1301 3512 1472 3569 Pmrinioct
1490 3514 1614 3583 ltaspono
1633 3516 1710 3587 igno·

73 3596 149 3656 open
160 3582 334 3654 splendorem
348 3596 426 3636 suum
444 3582 548 3651 adepta
569 3591 632 3637 sunt
648 3621 655 3645 ,
672 3583 718 3636 scd
738 3583 838 3637 sensim
853 3622 861 3647 ,
914 3595 971 3642 tum
985 3584 1029 3655 (de
1042 3582 1104 3637 lt'cc.
1118 3582 1177 3637 lot.
1190 3583 1259 3647 ltu,
1271 3599 1296 3638 c.
1312 3583 1356 3647 lli,
1369 3600 1395 3653 p.
1403 3585 1478 3655 etit),
1492 3585 1537 3655 qrti
1553 3574 1711 3643 caticellntii

74 3671 120 3711 nec
148 3655 258 3710 modico
278 3667 341 3707 cum
366 3652 438 3721 regis
459 3653 562 3708 labore.
588 3652 746 3720 Quicunque
772 3665 862 3706 autem
914 3669 1026 3712 munere
1037 3652 1063 3707 id
1079 3655 1212 3721 temporis
1230 3653 1406 3724 lungehatur3
1420 3655 1589 3724 Stephanum
1600 3660 1712 3713 sacella-

75 3725 212 3796 epscopus
227 3721 463 3791 metropolitanam
478 3723 622 3777 identidem
645 3723 801 3791 dignitatem
821 3731 864 3776 est
914 3727 995 3791 rium,
1008 3740 1056 3779 seu
1068 3722 1098 3777 S.
1114 3722 1147 3775 ll.
1165 3723 1291 3781 licelesiae
1307 3726 1485 3779 camerarium
1510 3726 1536 3777 in
1562 3730 1710 3795 superiori-

75 3806 230 3857 msccuuas,
244 3792 279 3847 ab
291 3803 383 3846 sancta
395 3793 458 3848 sede
470 3792 580 3861 pallium
591 3808 651 3846 cunr
666 3792 861 3862 arelrtepseopt
902 3791 964 3852 'hm
986 3795 1133 3854 laudatum,
1155 3793 1289 3862 precipuo
1303 3793 1357 3863 (ep.
1374 3792 1418 3858 68,
1435 3794 1525 3865 not.);
1550 3794 1710 3865 Catrtpulum

75 3866 179 3921 nominc
189 3862 269 3931 juxta
281 3874 378 3917 nouam
390 3863 558 3930 disciplinam
572 3863 701 3925 obtinuit,
715 3871 745 3917 ut
757 3862 864 3932 planius
913 3865 1025 3921 noriam
1041 3872 1167 3931 nepotem
1179 3878 1212 3916 ac
1227 3864 1339 3916 l‘ratrem
1351 3862 1500 3928 Pascltalis,
1519 3864 1565 3933 qui
1579 3880 1642 3920 ann.
1658 3867 1709 3920 777

75 3935 210 3991 mm
226 3933 261 3987 ad
274 3933 417 4002 epistolam
439 3934 483 3995 86,
499 3933 536 3986 al.
546 3932 591 3990 87.
610 3932 694 3987 Cass.
914 3936 939 3991 lc
958 3934 1075 3990 ationem
1090 3931 1175 3986 obirit
1195 3932 1230 3993 ad
1254 3932 1456 3989 &nerentanos
1472 3939 1526 4004 (cp.
1543 3934 1586 3997 66,
1602 3935 1637 3989 al.
1654 3936 1710 4008 75).

105 4007 119 4047 b
136 4005 227 4060 Locus
238 4011 392 4071 corruptus.
404 4002 505 4058 Gners.
915 4007 925 4079 (
953 4008 977 4061 ic
997 4020 1031 4059 ex
1050 4002 1157 4057 noerio
1175 4010 1276 4057 sauctae
1290 4003 1369 4066 sedis,
1385 4004 1465 4059 idest
1477 4007 1664 4072 protonotario
1682 4020 1711 4062 ut

105 4073 262 4142 conanus
282 4073 394 4128 Carolus
414 4073 632 4128 &trcvcrrtauum
652 4074 780 4128 ducatum
793 4071 864 4129 haud
915 4077 995 4132 modo
1008 4074 1132 4138 dicimus,
1161 4074 1196 4129 ad
1212 4073 1345 4129 sacellarii
1364 4073 1481 4129 cilicium
1501 4076 1635 4144 praevenit,
1657 4094 1712 4148 quo

152 4146 174 4200 it
187 4151 253 4198 aute
266 4157 367 4197 aunum
380 4142 442 4207 787,
454 4152 486 4197 ut
498 4143 619 4198 historici
631 4159 726 4198 otrtncs
740 4152 865 4200 cottstan-
915 4154 1036 4217 tempore
1053 4141 1112 4213 ejus
1129 4141 1214 4198 irater
1235 4153 1295 4199 erat
1315 4144 1495 4215 primicerius,
1515 4154 1671 4217 ctuuteroue
1683 4151 1709 4204 iu

73 4224 111 4269 ter
168 4220 270 4278 rmam,
282 4213 340 4280 regi
350 4221 439 4268 nmen
451 4213 699 4283 Langobardorum,
712 4216 865 4285 quoducpe
915 4213 1200 4284 sauctumpontihccm
1210 4214 1326 4270 Leorrcm
1340 4215 1382 4279 lll,
1393 4215 1504 4271 Adriani
1513 4209 1708 4283 strcccssorent,

71 4293 111 4340 est
122 4285 238 4348 dictum,
250 4291 307 4337 mm
319 4281 481 4350 Spoletanus
490 4299 570 4354 quam
587 4283 788 4339 Bertemntanus
801 4291 865 4340 suh-
915 4289 1016 4359 gramde
1030 4285 1094 4341 illud
1108 4285 1195 4340 sca-lus
1207 4293 1409 4354 perpetrarunt,
1419 4287 1491 4355 ‹puod
1501 4287 1546 4342 alii
1561 4287 1614 4345 alio
1631 4290 1711 4344 modo

71 4355 117 4410 oti
141 4362 236 4411 erant.
268 4352 448 4420 Quamobrem
471 4354 595 4408 abbatem
620 4355 706 4409 sancti
729 4355 864 4411 Virteeutii
915 4358 1051 4429 narrant.)
1065 4356 1185 4426 lienique
1201 4357 1322 4410 nuntiant
1338 4356 1508 4413 Theodorum
1524 4358 1630 4425 ducem,
1647 4375 1711 4431 pro-

72 4423 139 4494 apud
152 4423 283 4481 Carnium
305 4432 462 4477 accusatum
480 4439 539 4477 esse
554 4438 609 4477 non
621 4434 663 4478 est
677 4423 785 4480 mirum.
800 4425 864 4495 Eius
878 4436 903 4496 Q
917 4428 1042 4485 habiliter
1062 4437 1187 4495 nepotem
1203 4427 1284 4480 retiam
1308 4427 1404 4496 ipsum,
1427 4429 1461 4485 de
1482 4443 1535 4496 ntro
1557 4445 1612 4484 uon
1628 4431 1712 4487 sentcl

72 4510 135 4551 rere
153 4508 268 4552 musam
289 4491 409 4547 Adriano
430 4493 591 4550 eornmittia
608 4508 670 4565 rege
685 4494 861 4561 Frartcotuat,
916 4499 944 4555 iu
952 4497 1137 4567 superioribus
1147 4496 1201 4568 (ep.
1215 4495 1259 4562 tu,
1272 4496 1308 4550 al.
1322 4498 1372 4563 69;
1384 4497 1426 4560 66,
1439 4499 1474 4553 al.
1488 4498 1536 4564 ta;
1549 4500 1594 4564 67,
1606 4501 1641 4556 al.
1654 4502 1710 4573 69),

71 4563 266 4622 beneuolentiae
280 4578 312 4620 ac
325 4563 506 4619 reiteratiouis
528 4575 715 4633 argumentum
733 4575 783 4630 est,
801 4568 863 4636 qui·
915 4586 966 4624 nec
988 4569 1114 4636 deinceps
1131 4568 1161 4620 ht
1175 4567 1229 4621 ulla
1248 4569 1350 4622 necatio
1370 4567 1448 4636 hujus
1467 4570 1544 4625 ducis
1564 4571 1591 4624 in
1607 4571 1711 4627 codice.

72 4636 121 4690 bus
131 4651 179 4692 rer
191 4633 349 4704 pontificem
361 4635 582 4705 prosequebatur.
598 4633 680 4688 Ceus.
916 4637 1075 4707 Huiusmodi
1094 4648 1185 4692 autem
1208 4638 1327 4701 seruitia,
1350 4639 1409 4692 sire
1419 4638 1517 4704 officia,
1532 4655 1578 4695 seu
1596 4640 1712 4698 trtiuistri

104 4705 118 4745 ⁴
136 4704 310 4761 ilabiliouius
320 4704 427 4772 (dauni.
440 4705 486 4758 lib.
499 4719 574 4767 satu,
587 4720 614 4757 tt.
627 4705 671 4776 tt)
684 4705 757 4761 dubii
771 4705 865 4776 plenus
916 4707 1067 4779 majestatis
1085 4707 1230 4776 pontiliciac
1244 4715 1328 4763 testes
1349 4716 1413 4762 sunt
1434 4708 1646 4778 locupletissimi.
1673 4715 1710 4767 ln.

70 4777 237 4831 monasteria
260 4774 387 4828 nonnulla
401 4774 501 4830 indicat
515 4774 592 4843 queis
606 4785 740 4843 pnracrant
754 4779 865 4832 abbates
954 4779 1013 4832 ‘Ex
1026 4780 1114 4848 primo
1125 4779 1177 4833 isto
1186 4792 1247 4846 cap.
1260 4778 1442 4833 accusationis
1452 4796 1554 4834 rnorem
1567 4782 1712 4838 invaluisse

70 4845 116 4902 bie
136 4845 276 4900 recensiti.
291 4844 457 4898 Ausonidum
470 4844 574 4899 seilicet
592 4854 670 4914 putat
684 4845 767 4901 luisse
779 4848 863 4901 abba·
916 4849 1040 4905 ridemus
1054 4850 1081 4903 itt
1096 4863 1128 4903 eo
1142 4847 1317 4902 celeberrimo
1337 4851 1513 4913 monasterio,
1537 4858 1566 4905 ut
1583 4866 1633 4921 pro
1650 4868 1713 4922 rege

69 4923 125 4971 lem
155 4915 245 4972 sancti
273 4912 346 4969 Petri
371 4915 573 4979 Βιιιιιιειιῑιιιιίς
597 4915 753 4984 ΑιῑιιίΙίιιιιιιι
777 4916 864 4971 satrcti
916 4919 1083 4989 Francorum
1093 4927 1218 4973 oraretur
1228 4926 1391 4987 postomnes
1403 4920 1493 4975 horas.
1508 4919 1608 4976 Oratrtli
1622 4932 1713 4977 autern

67 4984 166 5057 Angeli
179 4986 214 5041 de
227 4982 427 5056 llaregiojusta
440 4983 549 5038 biviram
565 4984 699 5056 Sangrum
714 4987 740 5041 in
751 4986 866 5056 Aprutio
916 5004 1001 5062 genus
1024 4989 1097 5043 haud
1119 5003 1268 5058 coagmere
1292 4988 1399 5044 ridetur
1416 5005 1478 5044 cum
1497 4991 1552 5045 line
1566 5007 1645 5061 quem
1660 4993 1711 5048 sibi

68 5056 213 5121 citeriori;
232 5054 439 5125 liagimbaldum
460 5054 608 5110 Foriensis.
631 5055 731 5111 Nostra
744 5057 810 5112 tritril
825 5057 866 5112 in-
916 5060 1042 5115 monaohi
1054 5061 1250 5129 proponebant.
1269 5058 1397 5125 eramrn
1417 5060 1489 5115 enim
1503 5063 1637 5130 etpsalm.
1652 5079 1706 5129 nrtr,

67 5134 156 5182 teresi
169 5127 199 5181 in
210 5125 263 5180 ista
277 5126 386 5181 nomina
402 5140 527 5196 magnam
539 5133 644 5196 partem
660 5128 764 5182 incerta
778 5128 866 5196 tarqui·
916 5130 951 5184 nri
964 5128 1123 5200 precandum
1142 5128 1317 5192 inscribatur,
1327 5130 1392 5199 qtrid
1406 5131 1495 5186 Caroli
1509 5147 1541 5186 uc
1556 5133 1635 5202 regim
1650 5147 1707 5202 pro

69 5210 143 5251 rere.
175 5197 206 5252 ld
229 5195 343 5250 minime
368 5197 586 5264 pratereundum
609 5198 680 5264 qttod
706 5197 814 5251 noruiua
838 5199 865 5252 in
916 5200 950 5256 lis
974 5199 1154 5254 itrcolumitati
1171 5213 1233 5254 cum
1252 5199 1352 5255 baside
1367 5201 1537 5270 Ziphmorruu
1558 5202 1713 5270 proditione

67 5265 195 5337 epistulas
216 5265 296 5335 hujus
308 5265 410 5320 calcem
423 5265 523 5334 reiecta
540 5268 574 5321 ad
587 5281 634 5320 eos
647 5267 742 5321 relcrri
755 5267 864 5333 debent,
915 5270 1043 5341 periculis
1057 5268 1163 5339 objecto
1180 5284 1213 5325 ae
1227 5269 1275 5324 lici
1298 5284 1349 5339 ope
1373 5270 1506 5325 liberarat
1530 5269 1597 5326 Cum
1621 5279 1712 5328 autem

67 5337 275 5407 quiconrcntui
291 5335 444 5403 adfuerunt,
464 5352 527 5391 nam
549 5335 694 5391 Gretserus
712 5338 746 5391 ud
766 5339 867 5407 epistu-
916 5339 1297 5412 bicagaturdepsalmocani
1312 5341 1392 5394 solito
1439 5349 1464 5396 st
1478 5339 1598 5407 Serum,
1615 5356 1713 5412 resque

67 5406 137 5472 lam,
150 5423 212 5477 quae
223 5407 346 5476 corruitur
355 5405 551 5478 ineooimtep.
560 5407 604 5472 66,
613 5407 649 5462 al.
662 5408 707 5479 77)
718 5407 866 5464 arbitratus
916 5416 944 5470 in
958 5413 1074 5467 obscuro
1086 5410 1121 5465 sit
1135 5410 1168 5464 de
1180 5410 1292 5478 psalmis
1311 5421 1372 5480 post
1387 5356 1454 5465 offis
1466 5411 1547 5464 horas
1560 5412 1713 5469 decantatis

67 5478 220 5549 pulnere,
236 5493 292 5532 oon
304 5475 483 5533 modoeidem
496 5478 638 5547 perioches
650 5479 735 5533 instar
747 5482 866 5548 praemit·
916 5482 1087 5539 adeumdem
1108 5480 1202 5546 bucin,
1222 5481 1351 5550 precandi
1376 5496 1461 5550 genus
1480 5480 1635 5551 improbare
1657 5500 1711 5540 non

67 5550 113 5613 tit,
123 5549 175 5604 scd
183 5563 278 5603 omnes
287 5563 321 5602 ear
334 5546 407 5604 clero
415 5546 540 5602 llotnano
551 5564 613 5605 esse
621 5547 736 5603 alhrmut
748 5559 867 5605 :uuum-
916 5552 1014 5611 ausim.
1023 5550 1105 5606 Valde
1118 5551 1274 5606 obscuriora
1285 5559 1348 5605 suot
1360 5551 1461 5620 reliqua
1472 5547 1526 5605 duo
1539 5553 1638 5622 capita,
1651 5570 1712 5624 quae

67 5634 123 5683 true
145 5617 254 5674 laisum.
270 5617 337 5672 Natu
357 5620 485 5687 perioche
505 5619 563 5674 sire
585 5627 772 5691 argumentum
794 5621 866 5677 iilius
916 5623 977 5679 aliis
999 5620 1146 5677 divinanda
1171 5622 1331 5689 relinquam.
1361 5620 1396 5693 Ut
1424 5629 1515 5676 autern
1541 5622 1712 5694 aliquatenus·

66 5689 191 5760 episima
212 5689 268 5760 peti
284 5689 364 5745 debet
382 5704 417 5744 ex
435 5689 595 5745 duodecimo
615 5693 687 5746 inter
707 5702 866 5763 argrnneota
916 5694 982 5766 quid
1005 5707 1056 5764 ego
1081 5693 1195 5747 scribam
1221 5689 1360 5760 aperiam,
1385 5705 1419 5747 es
1444 5689 1570 5749 [tertberti
1596 5693 1714 5751 houtiuia

195 5803 331 5864 i‘arttot.
357 5802 497 5866 xct'ttl.
1453 5802 1491 5864 la
