3780 6120
77 240 133 301 sn
192 196 196 204 ⁵
229 242 309 303 con.
330 243 468 302 mama.
488 277 523 286 -
542 243 689 312 ababa,
718 247 807 314 sau,
827 245 893 305 ssu
913 244 1029 305 conns
1046 247 1253 310 canoumus.
1275 285 1309 295 -
1324 250 1398 310 nnn.
1418 251 1569 311 aoniam.
1667 255 1721 314 sss

78 364 226 432 mmpatrt,
240 361 339 419 Carmo
351 364 408 432 regi
421 364 588 420 Francorum
600 374 628 420 et
644 365 882 437 Langobardorum
895 371 918 428 Α
933 367 984 423 snb
995 367 1158 438 integritate,
1170 370 1216 424 sed
1225 371 1411 426 tautummodo
1424 371 1626 437 masasdnobis,
1640 389 1725 445 quau

78 462 165 523 atque
175 452 293 523 patricio
304 453 499 520 Romanorum,
512 452 647 512 Adrianus
659 472 736 527 papa.
932 463 988 510 tum
999 458 1111 526 reperiri
1124 460 1222 530 potuit,
1245 476 1313 530 qttas
1333 476 1367 516 ex
1382 461 1531 531 antiquitus
1552 471 1645 519 saneta
1668 464 1725 518 llat-

119 544 256 602 bivinitus
269 547 479 617 praeordinatam
501 555 619 604 vestram
632 564 648 603 a
662 549 717 604 lieo
730 557 880 619 protectam
929 564 1010 603 mana
1023 549 1142 607 Ecclesia
1155 552 1251 615 terruit,
1268 561 1296 606 ut
1309 552 1398 607 nullus
1412 553 1512 609 exiliis
1525 554 1649 622 partibus
1660 555 1727 610 ban·

78 651 218 692 summam
229 636 347 708 regalem
359 638 508 706 potentiam
529 639 623 709 procul
638 640 719 695 dubio
733 640 878 703 eredimus,
930 639 1110 709 gubardorum
1121 656 1204 696 ausus
1218 651 1259 696 est
1270 643 1417 709 resistere;
1432 642 1514 715 [015
1527 653 1629 713 quanto
1640 646 1727 714 magis

78 728 145 797 utria
170 742 253 798 super
279 728 409 797 pristinos
432 743 528 784 omnes
548 744 580 784 ae
595 728 767 786 fidelissimos
788 731 882 786 ortlao-
930 738 1029 786 restrae
1044 746 1059 785 a
1077 732 1133 787 lieo
1144 741 1274 801 protecte
1299 734 1381 804 regali
1403 735 1530 804 potentiae
1552 735 1580 790 in
1601 737 1728 791 omnibus

79 821 224 889 durosque
250 835 329 891 reges
353 829 436 892 atque
453 821 645 891 imperatores,
668 839 733 894 erga
758 835 880 880 sanctam
931 823 1090 879 obedientes
1109 826 1258 881 existentes
1271 825 1345 895 iussa
1359 835 1448 882 restra
1470 827 1619 898 adimplere
1629 829 1729 885 debus

79 911 246 966 catholicam
266 921 294 968 et
319 912 496 982 apostolicam
519 913 668 983 spiritalem
695 922 810 969 matrem
833 930 880 970 vc·
932 913 1041 965 ranl0?

79 1018 167 1059 stram
184 1006 338 1061 Romanam
360 1007 510 1063 Ecclesiam
532 1024 623 1063 reram
639 1008 812 1065 dilectionem
833 1011 882 1064 ha·
969 1003 1023 1058 Nos
1035 1004 1143 1073 quidem
1158 1019 1246 1074 neque
1264 1006 1482 1075 imperatoribus,
1508 1023 1597 1077 neque
1620 1009 1729 1079 regilius

78 1100 189 1162 benten,
209 1096 418 1154 innumerabilia
430 1100 498 1154 bona
510 1114 560 1169 per
574 1108 662 1154 vestra
676 1100 809 1157 laboriosa
822 1117 882 1157 eet·-
932 1097 1033 1166 gratias
1046 1097 1159 1165 agimus,
1172 1097 1225 1153 nisi
1237 1099 1424 1154 tantummodo
1433 1106 1530 1154 vestrm
1544 1100 1730 1169 triumphatis-

79 1188 184 1243 tamiua
201 1189 323 1258 quotidie
332 1189 447 1255 offertis,
460 1199 489 1245 et
504 1207 553 1262 pro
565 1191 615 1248 hoe
626 1207 723 1262 nempe
737 1192 804 1248 certi
817 1192 881 1248 lacti
933 1188 1008 1241 simtu
1019 1186 1196 1250 excellentias,
1212 1188 1275 1257 quia
1290 1189 1394 1244 noviter
1406 1204 1468 1243 eum
1482 1189 1564 1244 beato
1577 1189 1655 1244 Petro
1667 1204 1729 1259 apo

78 1287 181 1345 ssime,
207 1280 416 1351 quiaquantum
433 1289 514 1350 eaput
526 1283 609 1338 totius
629 1284 733 1349 muudi,
759 1284 881 1340 eamdem
933 1276 1062 1331 stolorum
1081 1277 1196 1345 principi
1209 1279 1260 1334 sub
1279 1278 1434 1349 integritate
1447 1279 1621 1334 condonastis
1636 1279 1664 1345 ῖς
1679 1294 1729 1348 pro

77 1380 206 1426 metam
221 1370 311 1443 [cepa
331 1372 395 1426 aaa,
412 1372 574 1445 amanam]
595 1374 745 1430 Ecclesiam
770 1374 881 1445 ejusque
932 1365 1067 1422 hoeenim
1081 1365 1253 1422 ddelissimos
1268 1368 1365 1423 missos
1383 1375 1491 1422 nostros
1503 1382 1556 1422 una
1568 1383 1630 1422 eum
1643 1369 1731 1423 monl-

79 1471 219 1515 fpcwmm
242 1462 379 1532 simulque
398 1463 553 1533 poniificem
573 1465 761 1534 fflnptgcoendp,
778 1482 825 1521 spu
838 1465 882 1523 s0.
934 1457 1052 1512 tionibus
1066 1458 1167 1512 nostris
1184 1465 1246 1528 apto
1260 1466 1380 1527 tempore
1391 1466 1490 1512 uestrae
1502 1457 1584 1527 regali
1603 1459 1731 1526 potentiae

79 1550 180 1615 retado,
194 1550 442 1623 honorabiliterque
453 1552 628 1624 glorificando
642 1555 762 1625 diligitis,
776 1564 881 1611 tautum
934 1549 1083 1621 dirigimus,
1098 1557 1128 1604 ul
1141 1549 1241 1619 liquida
1254 1549 1468 1619 ilelscffflififfllss
1481 1549 1609 1603 ‘llllssstlffl
1620 1549 1732 1618 5¹¹⁸lll2·

79 1656 131 1694 nos
156 1641 255 1697 beaten
281 1640 396 1707 Petrus,
427 1641 510 1714 Ml.
540 1644 722 1712 apostolorum
745 1646 880 1716 princeps,
936 1650 979 1697 tus
993 1657 1040 1697 eas
1054 1643 1193 1712 indagans,
1210 1641 1319 1710 iustitiae
1338 1643 1418 1696 beato
1432 1640 1513 1696 Petro
1534 1640 1733 1711 apostolocae·

81 1727 188 1802 [erh.
207 1731 274 1784 add.
291 1729 350 1804 per]
362 1732 537 1788 inconcussos
553 1732 618 1790 lacit
632 1735 784 1804 triumphos
797 1735 841 1790 bie
857 1742 885 1791 ct
901 1729 1012 1792 liniant
1023 1733 1056 1789 ad
1069 1732 1203 1796 edeetttm,
1218 1741 1248 1788 ut
1258 1732 1443 1802 praeeelsuma
1458 1731 1513 1785 beo
1523 1738 1677 1800 pmmotum
1690 1744 1733 1783 re·

79 1822 110 1876 in
124 1821 217 1878 intanto
234 1822 353 1880 victores
362 1838 443 1893 super
455 1840 550 1881 omnes
563 1842 676 1897 rogitare
690 1843 786 1898 regam
805 1844 883 1898 pror·
936 1823 996 1893 gale
1007 1830 1126 1878 restrum
1142 1825 1247 1878 eulmen
1262 1833 1343 1892 atque
1359 1821 1488 1876 memoria
1500 1830 1589 1876 vestra
1603 1821 1630 1876 in
1643 1819 1734 1875 Ecule-

79 1929 130 1969 sus
146 1914 248 1985 quippe
259 1914 431 1982 condidimus,
445 1916 509 1985 quia
521 1925 652 1986 quantum
663 1933 712 1987 per
731 1933 780 1974 ros
791 1926 884 1973 sancta
936 1914 975 1969 sia
991 1913 1149 1968 beatiPetri
1162 1914 1289 1968 nartritori
1314 1913 1398 1967 uestri
1411 1927 1496 1981 usquc
1509 1912 1627 1965 induem
1641 1909 1733 1966 saemtli
1821 1932 1827 1942 ·

80 2004 218 2060 catholica
239 2013 267 2061 et
290 2005 436 2075 apostoliea
458 2007 588 2076 spiritalis
612 2016 699 2064 mater
719 2019 812 2065 restra
832 2010 886 2064 ilo-
936 2003 1008 2057 inter
1032 2009 1142 2058 sanctos
1156 2004 1320 2058 noittittelur·
1344 2001 1398 2057 Sed
1415 2002 1485 2056 sicul
1505 2015 1612 2070 sculpet
1627 2002 1655 2054 itt
1673 1999 1734 2070 ejus

80 2109 164 2148 mana
180 2094 303 2152 Ecclesia
323 2095 442 2151 exaltata
468 2096 626 2166 triumphat,
653 2107 757 2155 tantum
774 2100 886 2157 caeleste
936 2093 1120 2148 sucrudssima
1139 2093 1201 2147 aula
1216 2101 1326 2148 orantes
1337 2107 1386 2162 pro
1397 2093 1473 2148 robis
1482 2092 1663 2162 persistimus,
1674 2102 1734 2147 ont-

80 2199 132 2240 tos
142 2184 250 2240 ambire
260 2194 343 2254 atque
358 2185 517 2242 haereditare
529 2203 578 2257 per
587 2189 809 2245 intercessionem
824 2205 886 2260 apo
937 2182 1072 2251 bipotens·
1090 2182 1209 2238 olentem
1229 2191 1256 2237 θῑ
1270 2183 1425 2239 misericord
1438 2183 1509 2239 fleus
1523 2184 1550 2239 in
1563 2182 1640 2254 wius
1651 2199 1734 2240 ΜΝ

80 2274 217 2330 stolomm
229 2274 361 2346 principis
378 2276 502 2333 concedit
517 2278 544 2332 in
562 2286 722 2350 perpetuum
736 2295 847 2350 regnum
859 2293 883 2334 a.
937 2289 985 2328 eor
996 2273 1161 2329 excellentiae
1174 2281 1271 2329 restrae
1284 2275 1403 2345 regitur,
1421 2289 1473 2328 una
1486 2290 1548 2331 eum
1563 2275 1733 2331 excellentis·

119 2363 255 2420 leniente
266 2364 347 2437 igitur
361 2366 406 2422 bic
415 2367 486 2437 apud
497 2381 547 2422 uos
561 2366 884 2438 fidelissimollaginario,
936 2365 1005 2419 sisne
1019 2364 1074 2420 illia
1084 2373 1177 2419 nostra
1190 2373 1217 2420 et
1230 2365 1345 2434 spiritali
1357 2374 1506 2420 continuatre
1516 2366 1615 2421 minna
1627 2367 1731 2438 regina,

81 2439 252 2510 denuntiaris
274 2456 353 2511 nobis
381 2467 479 2512 vestrm
500 2455 647 2526 sospitates
668 2457 767 2528 regalis
787 2465 885 2528 puteu-
936 2470 984 2509 seu
1010 2454 1110 2510 domno
1127 2454 1241 2525 Pippiuo
1260 2455 1488 2512 excellentissimo
1503 2471 1566 2526 rege
1580 2457 1736 2528 Langobar·

83 2543 139 2608 tiae,
157 2545 241 2601 nimis
262 2560 313 2615 pro
325 2546 378 2602 boe
390 2546 485 2603 nuntio
506 2557 600 2604 noster
617 2548 752 2604 relevatus
772 2556 815 2605 est
827 2549 885 2603 aui·
936 2545 1034 2600 dorum
1057 2551 1084 2600 et
1106 2546 1215 2617 propria
1236 2546 1350 2616 spiritali
1376 2545 1433 2600 lilio
1452 2553 1561 2610 nostro,
1582 2554 1735 2616 metensque

82 2650 157 2689 mus.
184 2634 289 2707 llepieti
315 2652 410 2693 sumus
432 2638 506 2695 omrai
527 2637 620 2693 letitia
642 2646 670 2694 et
692 2639 883 2695 exsultatione.
936 2648 1027 2694 restra
1050 2639 1216 2694 nobilissima
1229 2639 1315 2708 prole,
1335 2640 1597 2694 corrohoretooret
1616 2647 1735 2696 merrtem
1791 2654 1794 2661 “

82 2724 210 2794 Qualiter
231 2742 298 2784 vero
318 2728 343 2784 ei
366 2731 496 2800 praecepit
522 2738 614 2785 vestra
640 2745 656 2784 a
681 2730 736 2786 Deo
760 2738 884 2801 promota
937 2740 1058 2784 uestram
1072 2737 1100 2785 et
1121 2729 1261 2786 brachium
1276 2745 1333 2785 sum
1352 2730 1481 2799 potentiae
1505 2729 1581 2785 vobis
1595 2731 1735 2795 extendat,

84 2819 330 2889 triumphatissima
349 2820 507 2876 excellentia
533 2838 583 2894 pro
607 2821 748 2878 Savineusi
776 2809 887 2877 territat·
937 2831 968 2878 ut
985 2823 1102 2878 uictores
1123 2836 1172 2876 ros
1190 2835 1267 2890 super
1291 2834 1386 2876 outrtes
1405 2819 1536 2896 barbaras
1549 2820 1673 2874 nationes
1695 2818 1734 2873 ia·

84 2907 137 2971 rio,
154 2917 185 2963 ut
202 2908 282 2964 uobis
296 2910 346 2964 sub
361 2910 515 2981 integritate
529 2911 710 2976 mntraderet,
725 2911 796 2967 sieut
806 2912 885 2967 beato
937 2915 1003 2971 ciat.
1021 2911 1158 2979 Quatenus
1179 2926 1275 2967 omues
1289 2912 1341 2968 sub
1356 2919 1448 2967 vestro
1467 2911 1580 2966 brachiu
1602 2910 1736 2966 humiliati

85 2997 168 3053 Ροῑτο
194 2997 332 3069 clavigero
358 3000 434 3070 regni
461 3000 591 3056 emiorum
619 3001 753 3057 tribuistis
775 3001 886 3057 minime
938 3004 1052 3075 uestigia
1065 3002 1164 3073 pedum
1178 3014 1331 3058 vestrorum
1342 3003 1508 3067 osculentur,
1521 3012 1552 3058 ut
1564 3004 1737 3074 ampliusEe·

86 3098 198 3159 propter
221 3087 355 3160 malignus
380 3105 412 3144 ac
436 3105 579 3160 perversos
598 3091 722 3146 buruines
746 3091 834 3162 potnit
848 3094 884 3159 ὓς
899 3073 923 3135 c
939 3095 1021 3151 elesia
1032 3095 1081 3151 bei
1096 3109 1145 3164 per
1157 3103 1302 3150 restrama
1318 3093 1375 3149 Deo
1384 3093 1537 3149 institutam
1558 3108 1676 3162 tegetem
1689 3108 1737 3163 po·

87 3188 173 3235 totam
191 3180 266 3236 enim
280 3179 414 3250 justitiam
432 3196 513 3252 qnam
525 3183 621 3238 heatus
635 3181 733 3237 Petrus
749 3183 887 3253 apostolus
940 3187 1063 3251 tentiam,
1077 3186 1205 3241 nimirum
1222 3184 1331 3258 lidron,
1345 3183 1481 3257 nimium]
1497 3185 1615 3242 exaltaa
1631 3199 1739 3254 perma-

85 3281 229 3341 proteetor
245 3278 340 3327 noster
353 3286 387 3326 ex
398 3272 457 3344 ipso
468 3272 606 3329 territorio
620 3274 713 3340 habet,
727 3274 889 3344 praescinia-
939 3278 1184 3334 ueat.lneolumem
1195 3277 1382 3333 excellentiam
1394 3285 1511 3333 nestram
1521 3276 1607 3348 gratia
1617 3290 1737 3347 superna

87 3363 151 3419 liter
165 3361 222 3431 iam
233 3361 308 3419 latus
327 3362 492 3436 llagiuarius
505 3364 605 3422 missus
626 3374 717 3423 nester
729 3367 805 3432 uidit,
832 3374 888 3421 mm
939 3367 1082 3425 custodiat.

87 3470 137 3528 per
158 3454 322 3511 donationes
338 3454 502 3526 imperiales,
526 3471 608 3525 quam
626 3472 676 3526 per
687 3457 807 3527 ipsorum
826 3473 889 3529 pro·
1271 3457 1367 3513 Lxxt
1381 3460 1405 3512 ὅ.

88 3556 229 3601 oerromm
244 3558 339 3615 regum
352 3545 591 3618 Langobardorum
614 3547 702 3618 ipsum
721 3548 889 3605 territorium
1003 3572 1070 3644 (An,
1089 3572 1167 3626 Dm,
1182 3571 1245 3635 733,
1258 3569 1323 3626 gog·
1337 3568 1401 3626 gar,
1422 3588 1485 3637 m,
1500 3571 1591 3627 egum·
1611 3570 1676 3644 ῃ.)

87 3651 151 3692 eum
167 3636 274 3692 musis
285 3636 338 3693 sibi
352 3638 550 3708 pertinentibus
562 3639 730 3695 enucleatius
745 3638 890 3712 designan-
939 3659 1048 3784 [aqu
1064 3660 1418 3731 ppssumwo.-Georgio
1430 3662 1489 3730 epis
1567 3662 1642 3732 regio
1656 3662 1740 3717 misso

89 3737 168 3784 ια’.
191 3727 223 3784 Si
239 3743 305 3785 nero
317 3728 437 3799 pertidus
454 3729 609 3786 desiderius
633 3730 735 3787 dudum
756 3745 814 3798 rex,
836 3747 891 3786 non
978 3747 1007 3785 re
1019 3739 1112 3786 erente
1133 3738 1199 3801 quot
1224 3731 1364 3786 beneticiis
1388 3732 1497 3786 beatum
1541 3740 1630 3786 etrum
1654 3745 1738 3802 seque

122 3898 137 3928 ⁸
152 3882 212 3939 Gur
234 3889 312 3938 tanta
329 3882 447 3939 exsultet
468 3882 584 3950 laetitia,
607 3883 690 3939 tantis
729 3883 892 3939 claudibus
942 3902 1001 3942 rum
1034 3885 1181 3941 otientibus
1202 3883 1396 3955 Langobardis.
1412 3883 1495 3939 Genu.

84 3964 272 4025 prosequatur
281 3953 420 4019 carolum,
432 3954 488 4024 ipsa
499 3954 613 4024 epistola
626 3954 698 4009 mani
711 3963 792 4009 estat.
813 3953 891 4021 Quod
980 3956 990 3994 ¹
1030 3972 1064 4010 uo
1076 3956 1138 4009 bitae
1153 3954 1229 4009 valde
1247 3955 1389 4025 perspicua
1399 3962 1559 4019 cernuntur,
1570 3953 1737 4012 territorium

84 4024 300 4089 scilieetsemel,
312 4025 420 4086 iterum,
435 4025 615 4095 tertioregcm
633 4034 775 4095 rogaverat
787 4025 813 4078 iu
825 4039 893 4093 pne·
941 4026 1043 4082 scilieet
1061 4025 1211 4080 sabinense
1227 4024 1360 4095 integrum
1378 4024 1503 4079 acarolo
1524 4026 1653 4081 donatum
1677 4041 1740 4081 ease

84 4095 383 4159 oedeadbuamamcm
404 4094 570 4149 obtinuerat.
589 4095 727 4150 diteruter
746 4109 780 4149 ex
801 4095 892 4149 missis
941 4106 1042 4154 sanetae
1051 4097 1107 4151 sedi
1128 4096 1207 4167 (cum
1220 4095 1340 4150 meando
1353 4095 1467 4149 bornam
1479 4095 1555 4150 venit
1574 4110 1647 4151 anuo
1662 4096 1737 4167 itt),

83 4166 212 4223 redient
229 4164 360 4229 Renum,
377 4161 525 4233 jussusque
547 4175 607 4220 erat
623 4181 639 4219 a
658 4179 721 4235 rege
742 4163 892 4220 sabinense
941 4176 969 4224 et
985 4167 1182 4237 possessionem
1200 4165 1298 4233 integri
1314 4163 1373 4233 ejus
1394 4165 1525 4222 territorii
1547 4164 1642 4220 initam
1667 4181 1738 4221 nors·

82 4234 760 4376 “dlit'll⁰¹²⁸lt,²itlit⁰,tttbb⁸⁰⁶li
776 4234 879 4358 “illa
942 4238 1009 4363 lbi}
1031 4234 1741 4362 emittitelltdllbltdtlttld‘tl

79 4374 163 4459 not.)
185 4375 235 4445 qni
261 4383 303 4430 tra
323 4318 520 4457 infamatum
539 4375 674 4446 integrum
687 4320 739 4430 gon
755 4342 890 4456 sinebant:
904 4422 930 4483 D
943 4392 976 4434 ex
991 4347 1136 4459 diplomate
1154 4375 1280 4458 budosici
1294 4374 1339 4457 llil
1354 4322 1485 4456 germines
1505 4346 1565 4459 esse
1580 4314 1740 4458 positosqu-

75 4445 635 4597 &tandemtandem
658 4459 692 4500 ”
705 4446 892 4597 ”””’
942 4445 1741 4600 salutumterminia,arbitranda

117 4600 133 4627 ε
164 4586 322 4656 bucangms
343 4594 462 4653 antiquis
485 4584 589 4640 chartis
614 4584 728 4665 prolatas
751 4584 891 4669 ostendat,
941 4601 1037 4643 omncs
1064 4586 1127 4642 lites
1151 4585 1339 4640 lindunorum.
1373 4585 1440 4668 Naro
1460 4586 1636 4671 'llagtuartus
1668 4587 1741 4643 lulio

71 4654 893 4795 mmmmdtst‘bdttltttbllltlb
941 4672 1124 4799 biliardi
1145 4656 1745 4796 llatlj‘tdtbdtlltlmallit}

69 4810 190 4865 nempe
209 4808 338 4865 agrorum
349 4793 456 4859 modus,
480 4809 528 4848 seu
543 4794 714 4866 conglobatio
731 4801 758 4847 et
769 4792 892 4851 collectio
942 4796 1015 4852 anni.
1031 4797 1069 4851 lo.

68 4867 220 4944 quadam
240 4865 443 4937 possessionum
464 4879 496 4918 ac
510 4866 685 4946 praediorum.
712 4862 785 4946 inira
801 4872 892 4921 autem
979 4868 1171 4947 {Adummim
1192 4864 1323 4920 Perioebe
1345 4864 1425 4933 buius
1451 4864 1576 4948 epistolae·
1590 4866 1618 4920 in
1642 4881 1739 4949 manu·

68 4948 249 5029 yooemau
264 4935 351 5016 utitur
362 4934 422 4990 loeo
434 4933 488 4989 isto
501 4934 652 5017 litterarum
665 4933 787 5016 Adriani,
810 4941 892 5006 atque
942 4944 1044 5018 scripto
1061 4937 1154 5037 codiee
1181 4935 1253 4990 nulla
1275 4943 1327 4990 est.
1349 4935 1388 4990 Er
1408 4935 1523 5017 baronto
1542 4944 1625 5018 agitur
1647 4951 1741 5006 accipe

67 5003 718 5143 bhwtbtlnittdbldtbtl
734 5018 893 5146 tibist
943 5004 1740 5157 'llltlbdldatdtfdttb‘bb‘lddbddlb

66 5156 138 5217 ὼ·
158 5144 329 5200 territorium
354 5144 490 5227 integrum
512 5145 668 5228 designasse
684 5143 819 5200 Adrianus
842 5146 890 5200 ait.
943 5091 1024 5226 Betae
1048 5145 1181 5226 susceptis
1208 5145 1405 5225 indicat·emt;-
1421 5160 1505 5214 quare
1520 5146 1664 5229 ‚Adrianus
1684 5146 1738 5228 ‘ipsa

65 5212 524 5356 wambanem
537 5213 894 5353 consuimus
943 5224 1201 5356 elibanus
1520 5231 1571 5287 u
1594 5214 1739 5285 ””

67 5368 118 5424 21,
308 5355 546 5426 impugnabantur.
979 5354 1119 5427 idrgum.
1145 5351 1229 5408 Pana.
1254 5352 1336 5424 (cod.
1355 5355 1415 5411 Vnt.
1437 5356 1531 5430 illas
1550 5352 1663 5411 Carolus
1690 5368 1742 5426 per

116 5429 137 5471 δ
187 5440 279 5482 ωσι.
296 5423 351 5483 Μ
364 5436 468 5482 rectum
490 5426 597 5483 ridetur
609 5443 721 5492 masana,
739 5438 793 5494 guo
814 5440 894 5481 roca·
943 5423 1089 5508 Georgium
1108 5422 1263 5494 episcopum
1286 5440 1362 5497 papae
1377 5426 1410 5481 de
1421 5428 1478 5483 suis
1495 5423 1690 5510 certaminibus
1712 5434 1741 5482 et

69 5500 156 5565 ulo
170 5495 262 5554 utitur
280 5494 363 5553 etiarn
378 5497 538 5553 Anastasius
548 5496 773 5554 Biblotheeurius.
789 5495 891 5579 Ganrs.
944 5495 1082 5579 laboribus
1099 5508 1150 5564 pro
1160 5493 1239 5594 beato
1255 5492 1337 5577 Retro
1348 5495 1684 5623 indicharviggauts[astrigitaepffs¹
1699 5494 1741 5643 inl

74 5567 610 5723 ..·,l'tlb‘”.,tbbtbdldd
626 5565 894 5700 „ltlttlltltd
944 5563 1280 5720 {bilihildem
1295 5564 1493 5720 *obsita
1517 5581 1571 5710 ,l
1595 5605 1652 5693 aa
1685 5582 1740 5693 lla

77 5710 414 5773 murmurationi
431 5709 688 5771 adversatus-nemu
702 5717 772 5768 erat.
793 5706 837 5764 ml
851 5722 894 5764 re-
944 5700 1215 5780 epueopumleptse.
1228 5715 1347 5777 tueptst.
1364 5707 1493 5782 quadrag.
1506 5706 1640 5782 primata
1695 5724 1740 5764 ss.
