3780 6120
142 279 210 338 itas

578 273 609 327 u.
627 272 753 329 cattum
774 270 881 327 tumr
901 268 976 325 ore.
998 267 1087 326 eins
1107 271 1138 327 ιι.
1160 271 1281 328 sacrm
1297 271 1328 326 n.
1397 248 1400 253 ’

1715 268 1784 326 iiiii

139 391 239 446 vidisse
255 404 286 444 ae
303 403 420 443 senssse
443 401 594 451 narramus
616 385 653 440 ita
675 385 734 440 illas
752 385 882 454 imagines
905 383 970 442 ἱιιᾹ
1018 383 1127 438 Certum
1140 392 1180 438 est
1195 385 1265 438 euim
1281 385 1343 454 quia
1365 384 1434 438 seut
1449 383 1593 453 qnisquam
1615 384 1639 438 si
1659 385 1784 438 eamdem

141 459 278 516 memorie
294 457 479 529 penetralibus
492 472 581 511 rernm
595 464 796 510 antecessarum
809 455 931 524 qiindam

141 533 301 587 documenta
315 539 461 600 gestamus,
468 544 528 598 quzc
537 527 628 580 animo
639 525 852 596 contemplantes
863 525 932 578 boun

140 601 307 656 conscientia
322 615 375 653 nou
390 600 535 653 mentimur
547 613 607 651 euin
627 597 772 666 loquimur,
786 595 833 649 sed
856 594 933 649 nobis

121 725 123 728 .
141 680 205 726 sunt
218 672 269 726 ista
281 673 451 725 documenta.
463 669 486 723 is
501 667 573 722 cuim
589 667 635 737 qni
649 667 735 730 audit,
748 668 770 722 si
792 681 822 720 ea
848 664 934 719 sensit

120 750 125 767 ⁸
142 749 224 810 atque
241 739 327 804 alluit,
337 756 389 794 nou
403 738 483 794 discit
502 739 568 792 ineis
588 738 688 799 verbis,
705 738 752 791 sed
765 735 934 805 recognoscit

121 789 240 882 {ablatis
257 826 347 865 secum
361 810 457 878 etipse
476 808 648 878 imaginibus.
672 809 700 861 Si
717 815 805 860 autem
820 807 864 859 ille
881 820 932 858 non

121 883 237 938 tsensit.
251 881 312 951 quis
334 896 387 934 uon
411 895 473 933 eum
496 880 606 933 credere
629 879 718 948 potius
740 878 838 940 serbis,
852 891 933 946 qnam

142 954 247 1008 discere
260 951 407 1033 intelligat?
421 950 487 1004 Cum
498 963 561 1002 tero
572 949 604 1003 ile
617 950 659 1003 liis
670 949 760 1019 agitur
772 962 832 1017 qum
844 954 933 1000 niente

141 1021 332 1091 conspicimus,
348 1023 427 1075 idest
444 1019 581 1074 intellectu
596 1027 677 1089 atque
697 1019 811 1082 ratione,
825 1033 857 1072 ea
871 1018 933 1085 qni-

141 1093 202 1148 dem
229 1093 452 1161 loqniinnr,qtno
471 1090 613 1158 praesentia
640 1095 813 1151 contuemur,
836 1087 862 1140 in
889 1087 933 1140 iila

142 1162 271 1217 interiore
283 1162 343 1216 luce
362 1162 500 1224 recitatis,
514 1177 566 1230 qna
581 1161 637 1229 ipse
658 1160 705 1228 qui
729 1158 829 1213 dicitur
853 1159 934 1212 lroiuo

141 1233 257 1289 interior
269 1232 419 1287 iliustratus
429 1240 456 1285 et
471 1232 579 1296 l‘riritur,
598 1240 650 1284 etc.
668 1250 676 1281 i

443 1321 556 1377 oleat
572 1320 642 1375 Xi'l.

142 1414 218 1472 Unde
244 1418 357 1488 primunt
382 1427 473 1471 eaorto
497 1417 530 1470 sit
553 1417 581 1468 in
607 1413 732 1468 Ecclesiii
759 1411 933 1467 Orientalium

372 1488 515 1558 irrtapinnnt
535 1485 686 1539 destructio.

177 1589 190 1616 ⁸
208 1577 350 1649 Tyrannus
362 1577 469 1648 quidam
485 1576 535 1632 luit
548 1575 673 1630 Seleman
685 1573 805 1638 nomine,
817 1573 934 1642 Aggere-

141 1662 193 1702 nns
223 1663 333 1717 genere,
357 1664 411 1718 quo
432 1647 574 1710 defuncto,
600 1646 729 1700 successit
753 1644 887 1698 llnmarus
905 1643 931 1696 in

984 454 1143 508 charitatum
1160 455 1231 508 illam
1245 454 1300 507 Deo
1314 455 1417 524 placite
1428 454 1611 508 fraternitatis
1620 455 1784 509 charitatem

985 539 1094 578 serrare
1113 526 1223 593 poterit,
1236 532 1262 578 et
1286 525 1403 579 nolucrit
1430 525 1463 578 ad
1478 525 1613 593 palatium
1642 525 1784 578 charitatis

984 596 1124 663 perreuire
1139 610 1191 648 non
1208 595 1318 663 poterit.
1336 594 1373 648 lta
1387 596 1408 649 si
1429 595 1488 648 illos
1502 611 1574 664 quos
1587 604 1687 649 contra
1708 605 1782 647 cairi-

984 664 1045 717 dem
1067 665 1219 719 dilectionis
1236 665 1365 719 unitatem
1382 666 1544 719 dissidentes
1569 664 1783 735 cognomenti

984 733 1045 788 illos
1056 735 1089 788 nd
1102 743 1182 789 tantae
1197 734 1372 789 beatitudiuis
1384 736 1453 789 riam
1475 750 1605 790 revocare
1631 736 1746 803 poterit,
1758 743 1784 790 et

984 805 1083 859 virtute
1093 821 1145 873 qna
1165 806 1235 858 valet
1255 821 1307 859 nou
1330 806 1485 866 certaverit,
1502 807 1560 875 ipse
1580 806 1635 859 sibi
1660 802 1783 874 eliisiieiu

983 874 1159 929 beatitudiuis
1167 873 1277 943 januam
1292 877 1361 930 seris
1378 876 1551 930 validissimis
1566 874 1683 930 claudit.
1705 875 1784 929 Simi-

984 943 1047 997 liter
1059 960 1164 1014 quoque
1179 945 1330 1014 justissimo
1345 947 1392 1001 Dei
1404 943 1506 1015 judicio
1518 947 1647 1000 canitiem
1661 945 1783 1000 calcandi

984 1015 1108 1068 sentilam
1127 1015 1294 1070 obstaculum
1309 1018 1360 1072 sibi
1376 1017 1495 1087 opponit,
1506 1016 1529 1070 si
1550 1017 1706 1070 sectandum
1721 1029 1783 1085 qna-

985 1084 1069 1140 litatis
1089 1101 1145 1139 snm
1160 1086 1269 1140 modum
1283 1101 1378 1142 omnes
1393 1089 1419 1142 in
1436 1086 1490 1141 Deo
1517 1087 1677 1148 unanimes,
1699 1100 1732 1139 ne
1758 1085 1783 1139 itt

984 1154 1141 1210 barathrum
1153 1157 1294 1211 discordiae
1308 1167 1445 1217 corruant,
1459 1166 1591 1226 quantuni
1611 1157 1694 1211 reniti
1717 1169 1784 1225 piae·

985 1225 1056 1279 vaiet
1070 1226 1183 1280 ririliter
1196 1242 1249 1281 nou
1260 1229 1409 1282 contendit.
1419 1227 1482 1281 llaec
1491 1227 1524 1283 ad
1536 1227 1588 1281 boc
1597 1242 1655 1281 non
1665 1227 1782 1280 humana

986 1298 1218 1366 argumentatione
1233 1306 1356 1366 reperta,
1376 1299 1422 1352 sed
1437 1298 1527 1351 dirina
1544 1305 1602 1350 tota
1617 1299 1678 1351 orbi
1696 1305 1781 1349 terra·

985 1379 1044 1420 rum
1070 1367 1183 1420 docente
1211 1368 1370 1422 auctoritate
1395 1365 1505 1430 diffusa,
1531 1375 1616 1436 atque
1641 1367 1782 1422 notissma

985 1436 1084 1505 ubique
1103 1438 1193 1491 talete
1206 1437 1314 1503 delient,
1327 1447 1356 1492 ut
1370 1438 1524 1505 ubicunque
1547 1437 1652 1491 luerint
1678 1437 1782 1491 discor-

986 1505 1134 1570 dantesad
1159 1507 1331 1562 concordiam
1355 1517 1524 1570 revocentur,
1541 1507 1696 1562 concordes
1720 1521 1783 1559 tero

985 1590 1019 1699 pe
1034 1577 1059 1631 in
1081 1577 1244 1632 discordiam
1266 1585 1397 1646 proruant
1417 1580 1451 1634 ab
1466 1577 1602 1632 uuirersis
1616 1579 1665 1647 qni
1679 1590 1783 1647 presit·

994 1653 1040 1702 ent
1054 1655 1190 1701 tucantur.

142 1733 236 1786 regno,
249 1719 291 1771 cui
304 1719 401 1773 iterum
414 1720 544 1774 suecessit
562 1718 672 1779 Ezizlus,
682 1715 722 1769 tir
734 1715 815 1794 raldo¹
828 1714 893 1767 leuis
905 1723 932 1795 et
948 1735 971 1795 B
1021 1716 1069 1771 llis
1087 1717 1122 1772 ita
1139 1720 1295 1774 summatim
1308 1718 1470 1789 praemissis,
1487 1717 1573 1772 series
1586 1716 1672 1786 liujus
1686 1715 1783 1771 dictio-

142 1787 169 1841 in
186 1788 281 1869 ipieus.
295 1788 381 1858 llujus
394 1790 465 1844 ciiim
493 1788 661 1857 temporibus
684 1793 743 1839 erat
771 1785 879 1853 qaudam
905 1800 932 1836 m
985 1786 1028 1841 nis
1042 1789 1209 1855 postulat,nt
1219 1791 1386 1860 subsequens
1396 1802 1485 1844 sermo
1499 1804 1549 1843 cur
1564 1787 1630 1841 talia
1642 1788 1783 1859 praemissa

141 1856 254 1913 llerrade
268 1856 333 1929 lali..
348 1857 501 1929 Tiberiade]
515 1858 653 1912 maleficus
663 1872 696 1911 ae
707 1856 822 1918 divinus,
834 1853 933 1908 Seran-

141 1928 246 1998 tapiens
260 1927 325 1999 [.ιι.,
336 1928 550 2000 Sarantapecltyi
568 1927 687 1991 nonime,
703 1933 854 1995 praeceptor
879 1924 932 1978 iui-

141 2013 257 2068 qoornm
272 1997 459 2064 llebraeoruaa,
474 2006 502 2052 et
516 1999 642 2053 iniinicns
659 1997 705 2051 Dei
724 1996 860 2060 Ecclesiae,
876 1994 932 2064 qni,

140 2077 171 2121 ut
188 2070 318 2137 comperit
340 2069 477 2123 lenitatem
500 2070 574 2124 Eiidi
597 2066 806 2138 protosymboli,
821 2067 935 2120 accessit

141 2138 174 2191 ail
189 2155 249 2192 eain
264 2140 399 2210 coepitque
411 2140 449 2194 illi
462 2140 585 2210 quasdam
597 2139 719 2193 divinare
731 2153 763 2191 ac
776 2136 932 2205 pimdicere.

143 2208 183 2263 llli
211 2217 301 2262 autent
327 2224 361 2264 ex
373 2212 425 2265 lmc
437 2210 610 2280 acceptabilis
624 2208 765 2271 lactosae
778 2223 831 2260 non
849 2206 934 2262 multo

143 2287 204 2349 pust
222 2279 246 2333 ei
258 2279 348 2334 dicere
358 2281 458 2362 coepit:
476 2281 637 2350 Beitignitnti
651 2287 703 2332 tuae
716 2292 850 2347 exponere
863 2276 933 2342 tolo,

142 2349 213 2405 uuile
235 2363 278 2403 me
301 2348 324 2404 si
342 2352 446 2416 audias,
463 2352 578 2406 addatur
598 2350 646 2405 tibi
667 2348 805 2417 longitudo
822 2347 892 2410 ritae,
907 2358 935 2402 ct

142 2433 299 2504 perseveres
311 2421 337 2474 in
350 2421 562 2490 hoepriaeipatu
574 2436 658 2475 annos
669 2420 789 2487 triginta,
797 2418 934 2487 siqnidem

143 2490 296 2559 implereris
307 2505 446 2547 sermones
459 2506 543 2546 meos.
555 2492 601 2546 lile
614 2506 678 2545 ιιι-ο
694 2489 824 2557 iusipiens
843 2498 936 2557 tyran-

142 2574 208 2625 nus,
225 2561 385 2618 obscuratus
398 2569 488 2617 meritc
507 2561 633 2616 desiderii
646 2560 732 2629 longae
748 2560 810 2612 ritae
828 2572 835 2611 :
856 2557 936 2624 Quid·

143 2628 209 2699 qnid
222 2630 299 2694 mihi,
314 2630 417 2701 inquit,
432 2633 603 2702 perceperis,
615 2640 727 2701 paratus
741 2630 775 2682 ad
790 2628 935 2697 persicien-

143 2708 206 2755 itum
225 2701 335 2756 exsisto.
353 2705 386 2759 Et
398 2704 421 2758 si
433 2711 594 2758 consecutus
607 2702 693 2765 luero,
707 2701 779 2825 quod
802 2698 936 2768 pollicitus

142 2783 181 2837 cs,
194 2771 328 2827 maximos
340 2775 388 2830 tibr
402 2776 521 2829 bonores
532 2774 689 2828 retribuam.
727 2770 850 2825 lalelicus
871 2783 935 2822 rem

141 2847 169 2894 et
183 2841 289 2896 dtrinns
302 2843 340 2897 ait
350 2846 383 2900 ad
394 2860 456 2900 cum
471 2863 478 2898 z
494 2844 562 2898 lube
575 2858 637 2897 mox
650 2841 802 2910 generalem
817 2840 936 2894 seribere

142 2911 293 2982 epistolam,
319 2924 452 2982 quatenns
482 2914 571 2969 onmis
587 2911 746 2983 imaginaria
764 2911 868 2979 pictura
887 2910 927 2988 de·

143 2979 230 3035 icatur
244 2983 270 3037 in
288 2987 414 3040 omnibus
434 2985 649 3040 Christianorum
672 2981 803 3046 ecelesiis,
826 2982 882 3035 sire
907 2996 934 3032 m

984 1857 1039 1910 sint
1054 1858 1140 1912 lucide
1151 1862 1261 1927 giairdat.

1020 1927 1088 1993 Quia
1103 1929 1224 1996 igiturut
1238 1931 1363 1984 irnirerso
1384 1927 1569 1984 eeclesiastico
1591 1926 1684 1983 ordini
1706 1941 1783 1982 rere-

985 1995 1058 2052 lante
1078 1997 1179 2068 Spiritu
1194 2011 1287 2055 sancto
1303 2009 1397 2056 notum
1411 2009 1453 2054 est
1467 1999 1540 2053 inter
1553 2008 1655 2054 cetera
1675 1997 1784 2068 pictatis

986 2066 1165 2130 documenta,
1195 2079 1310 2124 testante
1339 2070 1477 2140 apostole.
1505 2069 1588 2132 lidcs,
1616 2084 1696 2138 spes.
1722 2067 1783 2122 cha-

984 2137 1051 2192 ritas
1064 2139 1248 2208 praearduam,
1261 2143 1378 2211 ipsaeque
1392 2155 1499 2194 rursum
1513 2139 1631 2193 itiones
1653 2154 1701 2218 per
1720 2152 1782 2206 pin

984 2206 1114 2273 dentiam,
1127 2212 1343 2278 temperantiam,
1355 2211 1643 2279 lortituilineiit,atqne
1650 2207 1784 2276 iustitiam

985 2287 1096 2333 auctore
1117 2281 1172 2333 lieo
1193 2281 1383 2336 inviolabiliter
1405 2288 1611 2343 conservantur,
1628 2279 1666 2332 ita
1691 2291 1784 2333 rursus

986 2348 1038 2404 itta
1051 2358 1169 2418 quatuor
1179 2351 1212 2405 ad
1225 2351 1371 2406 lntmanam
1386 2352 1513 2406 derivata
1528 2350 1651 2403 sobriam
1671 2363 1784 2402 eomer-

986 2420 1119 2473 sationem
1142 2436 1190 2489 per
1214 2423 1357 2487 rationem,
1381 2421 1583 2485 discretionem,
1600 2420 1784 2480 honestitcm,

987 2497 1068 2570 atque
1083 2491 1226 2544 utilitatem
1241 2492 1376 2546 ltaltentur
1401 2500 1481 2561 atque
1503 2498 1629 2553 utuntur,
1644 2489 1786 2557 nullusque

987 2559 1046 2613 istis
1060 2575 1155 2614 carens
1169 2560 1230 2615 illas
1243 2561 1362 2629 perlecto
1382 2563 1482 2616 babere
1501 2561 1599 2629 potnit,
1614 2575 1667 2613 nec
1681 2559 1722 2612 cis
1738 2559 1786 2611 rite

986 2629 1047 2683 istis
1059 2631 1157 2698 spretis
1172 2629 1316 2700 aliquando
1330 2632 1369 2685 uti
1385 2631 1537 2701 praevaluit,
1551 2640 1578 2683 ct
1592 2630 1722 2698 quamtis
1735 2628 1786 2682 sint

986 2700 1109 2769 quadani
1130 2716 1163 2753 ex
1183 2701 1223 2754 cis
1238 2702 1382 2755 huntauanr
1405 2702 1537 2755 rationem
1561 2700 1744 2762 excedentes,
1758 2705 1786 2750 nt

986 2778 1049 2824 suut
1064 2770 1201 2835 nonnulla,
1216 2787 1277 2841 quae
1291 2772 1347 2826 sola
1369 2772 1420 2827 lide
1439 2771 1534 2840 attingi
1560 2780 1687 2840 possunt,
1702 2778 1730 2823 et
1753 2767 1785 2821 ob

987 2839 1038 2894 hoc
1053 2839 1197 2894 inellabilia
1214 2841 1254 2895 rel
1277 2841 1560 2911 incomprehensibilia
1582 2841 1723 2903 dicuntur,
1741 2853 1785 2890 an·

987 2909 1115 2964 ctoritate
1130 2920 1219 2965 tamen
1234 2911 1324 2966 dirina
1339 2914 1365 2965 iu
1378 2911 1667 2970 sacrisrolnmiuibns,
1680 2918 1786 2963 sancto·

990 2995 1048 3034 rum
1063 2981 1145 3035 etiam
1165 2981 1361 3036 calliolicornni
1381 2983 1490 3036 Patrum
1514 2981 1624 3043 edictis,
1641 2980 1697 3033 lieo
1713 2991 1786 3033 terc-

143 3052 301 3121 parietibus,
314 3055 370 3110 sire
381 3057 407 3109 in
424 3057 495 3109 rasis
518 3055 613 3117 sacris,
629 3062 656 3107 et
677 3055 703 3108 iii
728 3053 849 3108 restibus
869 3051 972 3143 alta-C
989 3049 1071 3113 lanto,
1083 3052 1201 3120 qualiter
1226 3054 1320 3105 eadem
1344 3051 1458 3105 tenenda
1483 3051 1524 3106 rel
1550 3049 1708 3104 confitenda
1723 3048 1783 3105 sint.

145 3121 226 3186 rium,
241 3131 268 3175 et
281 3139 337 3177 non
350 3126 436 3179 solnm
448 3127 514 3187 bace,
534 3126 580 3179 scil
595 3140 656 3194 qum
682 3125 709 3177 in
727 3122 866 3177 civitatum
880 3121 936 3189 pla·
989 3118 1154 3175 sufficienter
1176 3122 1361 3191 reperiuntur;
1388 3123 1501 3191 ideoque
1515 3136 1583 3191 pene
1607 3122 1643 3174 ab
1662 3118 1785 3172 omnibus

145 3192 197 3245 teis
208 3199 270 3245 sunt
281 3194 428 3248 adornatur.
445 3195 521 3260 Quod
533 3195 644 3248 audiens
655 3192 773 3261 perfidus
787 3191 831 3245 ille
845 3200 852 3242 ι
866 3206 937 3245 ἰιι-
989 3190 1169 3257 desideratur,
1183 3201 1302 3260 optatur,
1314 3192 1494 3260 quaeritarem
1510 3191 1617 3245 ratione
1638 3196 1783 3258 praeeunte.

145 3275 211 3325 uus,
235 3265 364 3333 praecepit
392 3266 465 3318 omni
486 3264 709 3334 praefecturam
731 3262 837 3316 eunctis
866 3261 937 3323 ocis,
990 3261 1147 3325 eomitante,
1164 3261 1205 3316 rel
1221 3263 1410 3330 subsequente,
1428 3262 1454 3315 in
1471 3261 1609 3321 omnibns,
1622 3259 1666 3314 rel
1681 3259 1715 3313 de
1728 3273 1779 3312 om·

143 3332 319 3387 ecclesiarum
335 3335 466 3405 imagines
481 3343 507 3389 et
521 3345 634 3388 caeteras
645 3332 836 3387 similitudines
849 3330 939 3384 aboie-
990 3330 1069 3383 nibus
1084 3331 1155 3385 uude
1167 3340 1258 3386 certus
1269 3346 1328 3386 esse
1343 3332 1489 3394 desiderat,
1503 3331 1577 3386 salia
1591 3338 1621 3383 et
1636 3328 1784 3397 anteposita

145 3416 184 3466 re,
197 3411 224 3457 ct
238 3403 275 3456 ita
292 3405 433 3459 cremarit
451 3405 580 3460 ecelesias
596 3404 652 3458 liei.
670 3404 776 3459 Alilrinc
793 3403 865 3456 enim
881 3416 938 3455 cm·
990 3409 1137 3468 comperet
1151 3402 1251 3470 ubique
1268 3401 1359 3456 dirina
1371 3403 1543 3457 auctoritate.
1556 3416 1611 3454 uon
1626 3400 1705 3467 prins
1721 3413 1784 3468 qna·

144 3481 243 3542 perant
274 3485 447 3545 corruptores
473 3476 619 3545 imaginum
648 3473 773 3528 inveniri.
803 3471 856 3525 Sed
883 3472 940 3540 ipse
990 3468 1055 3522 libet
1082 3471 1198 3525 bantana
1223 3472 1413 3526 adinventione
1435 3481 1598 3542 opponatur,
1623 3484 1705 3537 quam
1729 3465 1784 3521 utili

145 3549 277 3612 tytamms
301 3560 371 3600 antio
391 3545 477 3601 altero
497 3554 620 3600 mortuns
639 3553 690 3608 est,
710 3551 737 3597 et
762 3542 892 3612 imagines
912 3541 939 3595 iu
989 3541 1094 3593 ratione
1109 3541 1268 3605 instruatur,
1280 3550 1307 3595 et
1327 3542 1506 3611 undecunque
1529 3550 1622 3597 certus
1637 3554 1697 3593 esse
1714 3538 1784 3592 desi-

144 3613 289 3681 pristinum
306 3624 406 3671 statam
422 3618 553 3672 restitutae
570 3632 632 3671 cum
645 3617 757 3678 lioiiore,
769 3624 822 3666 etc.
990 3609 1076 3670 derat,
1088 3610 1205 3679 pleniter
1216 3613 1363 3665 imbuatur.

384 3706 435 3761 mc
454 3707 547 3762 dmm
560 3705 697 3762 ammana·
1026 3679 1128 3735 lileirco
1141 3697 1206 3749 ergo
1220 3697 1391 3751 summopere
1406 3682 1556 3737 carendum
1570 3689 1623 3746 cst,
1637 3696 1672 3736 ne
1684 3675 1784 3734 bomini

162 3795 196 3811 ,,
343 3798 349 3809 ,
498 3799 529 3810 ,,
553 3798 558 3808 ,
696 3798 702 3808 ,
858 3797 862 3808 ,
990 3751 1115 3804 rationali
1131 3753 1262 3806 rationem
1286 3752 1450 3806 desideranti
1477 3760 1560 3822 atque
1584 3750 1707 3821 poscenti
1734 3746 1785 3801 ullo

147 3795 382 3861 tristimoniam
404 3797 528 3852 brirloiriei
550 3806 715 3868 imperatoris
736 3796 770 3850 od
790 3797 938 3866 peritiorem
990 3822 1069 3874 mog„
1081 3822 1150 3875 mio
1164 3822 1347 3884 interdicatur,
1365 3822 1415 3876 „555
1431 3832 1536 3876 mamm
1560 3823 1587 3876 ᾗ,
1602 3822 1646 3875 his
1665 3829 1694 3874 up
1708 3832 1784 3886 509„

464 3869 622 3922 ΠΘΨΊΜ·
990 3900 1233 3945 eontinentoratum
1247 3901 1298 3956 est,
1312 3891 1536 3946 inellabilistauta
1547 3908 1580 3947 ac
1589 3892 1652 3945 talis
1662 3893 1785 3946 occurrat

196 3996 204 4011 .
245 3996 252 4010 .
291 3996 298 4011 .
339 3996 346 4009 .
387 3999 392 4010 .
433 3999 439 4011 .
480 3999 487 4012 .
526 3998 533 4011 .
573 3997 581 4012 .
621 3997 628 4010 .
668 3999 674 4011 .
722 3997 729 4011 .
775 3998 782 4011 .
828 3998 834 4011 .
880 3996 886 4011 .
931 3999 938 4011 .
991 3961 1786 4024 sublimitas,cuimeritouuit'ersalrumanasesitltstctttai

147 4066 154 4081 .
195 4027 284 4096 .Quia
296 4043 360 4098 crgo
376 4043 425 4098 per
444 4029 604 4084 clraritatcm
621 4029 669 4084 liei
685 4045 746 4110 qum
763 4030 797 4084 ab
815 4029 872 4098 ipso
888 4028 941 4083 lar·
991 4031 1205 4087 ratiocinationis
1218 4033 1366 4089 humilitas.
1383 4031 1451 4099 Quia
1465 4045 1528 4086 reru
1541 4048 1595 4086 uuo
1608 4031 1697 4101 pretio
1711 4027 1784 4081 (lurt-

146 4097 236 4169 giente
251 4098 347 4154 dillusa
364 4108 405 4154 cst
423 4100 450 4154 in
469 4101 596 4155 cordibus
614 4107 715 4154 nostris
736 4114 785 4169 per
809 4099 940 4168 Spiritum
991 4102 1024 4154 sti
1037 4101 1163 4157 videlicet
1176 4106 1306 4171 sanguine
1320 4101 1451 4171 redempti
1466 4101 1566 4156 iratres
1577 4107 1719 4164 sumerset
1732 4098 1785 4166 ipso

145 4177 280 4234 sanctum,
293 4169 339 4240 qui
352 4168 431 4225 ilatns
443 4179 485 4226 cst
500 4170 587 4233 nobis,
601 4171 734 4225 uriirersa‘¹
752 4169 880 4224 Ecclesiae
893 4185 942 4224 no·
992 4171 1146 4235 miserante,
1158 4172 1235 4241 cujus
1249 4173 1432 4227 misericordia
1448 4172 1473 4227 id
1484 4172 1580 4237 simus,
1594 4170 1721 4242 cognosci
1733 4183 1786 4222 mc·

148 4248 205 4294 tum
222 4255 281 4296 esse
302 4256 354 4295 non
374 4241 774 4310 dubitatur,qiiou01nntaquae
788 4241 943 4294 iutraeam·
992 4243 1105 4306 ruimus,
1122 4260 1183 4299 cum
1199 4244 1271 4297 ouini
1288 4243 1387 4297 ructatis
1408 4243 1515 4308 allecta,
1527 4251 1558 4296 nt
1574 4259 1656 4312 supra
1673 4253 1786 4295 comnio-

146 4309 208 4364 dem
221 4319 343 4366 sanctam
358 4311 405 4365 liei
419 4311 567 4366 Ecclesiam
581 4312 613 4366 al
626 4326 772 4380 perennem
783 4309 941 4378 capiendam
992 4321 1126 4367 inoratam
1142 4322 1192 4373 est.
1202 4314 1391 4368 necessitatem
1401 4313 1517 4368 fratrum
1527 4322 1696 4371 nostrorum.
1708 4308 1787 4363 totius

147 4380 260 4436 salutem
274 4383 436 4452 pertinenti
449 4391 580 4453 aguntur,
599 4383 635 4436 ita
648 4396 696 4451 per
711 4379 831 4447 ejusdem
855 4379 940 4433 sancti
955 4424 979 4482 ὓ
993 4382 1094 4437 seilicet
1106 4383 1211 4454 imperii
1227 4383 1406 4438 Orientalium
1426 4384 1620 4443 Romanorum.
1637 4384 1672 4437 ad
1696 4379 1785 4435 intima

147 4450 265 4521 Spiritus
277 4455 391 4523 gratiam
405 4462 482 4507 caute
495 4450 941 4523 agendaesiut,utiliuilpraecipnie
993 4452 1083 4508 cordis
1108 4455 1193 4509 nostri
1220 4454 1323 4508 viscera
1351 4452 1495 4508 admittere
1519 4455 1662 4517 debemus,
1675 4462 1785 4520 quorum

146 4522 291 4577 clamitatis
302 4522 470 4592 privilegium
484 4532 673 4586 conservetur,
687 4522 759 4603 qnod
772 4519 829 4589 ipse
846 4529 941 4575 auctor
992 4523 1174 4578 inviolabilem
1189 4525 1350 4580 charitatem
1374 4526 1408 4579 ob
1434 4523 1534 4578 nullam
1558 4524 1641 4578 aliam
1658 4520 1787 4588 disrepta·

147 4601 175 4645 et
192 4593 305 4663 largitor
326 4593 447 4647 oninium
474 4593 607 4646 bonorum
632 4593 762 4646 Dominus
788 4590 820 4645 de
840 4591 941 4645 mutulo
993 4593 1073 4648 tionis
1094 4594 1280 4657 occasionem,
1295 4594 1376 4648 nimis
1391 4594 1504 4656 duriter,
1519 4601 1547 4648 et
1566 4603 1596 4648 ut
1610 4592 1705 4647 multis
1719 4581 1794 4650 ridel

147 4661 326 4732 corporaliter
339 4663 514 4716 abscessurus
526 4677 575 4730 pro
591 4677 697 4717 summo
709 4667 790 4731 atque
809 4658 940 4715 altissimo
992 4673 1045 4727 tur,
1062 4665 1284 4719 irrationabiliter
1306 4666 1420 4719 scissam
1445 4679 1505 4718 esse
1530 4663 1720 4733 cognorimus,
1737 4656 1786 4712 nisi

149 4746 262 4786 innitere
280 4732 404 4786 fidelibus
421 4732 478 4786 suis
492 4733 580 4786 dando
599 4733 701 4801 pariter
717 4739 744 4785 ct
765 4729 942 4799 relinquendo
993 4734 1065 4804 qnod
1078 4736 1187 4803 qnidam
1200 4736 1306 4789 illorum
1320 4751 1373 4788 una
1384 4750 1444 4788 cuni
1459 4734 1590 4790 llichaele
1600 4741 1624 4788 et
1643 4727 1788 4800 'llieopliilo

148 4802 243 4872 largiri
256 4803 381 4874 dignatus
394 4811 445 4869 est,
458 4803 550 4857 diceus
564 4817 571 4854 :
587 4802 684 4856 l'ucenr
706 4817 789 4855 inermi
808 4800 841 4854 ilo
860 4802 940 4865 nobis,
993 4805 1203 4873 imperatoribus
1218 4804 1386 4860 cbarissimis
1401 4804 1532 4858 iratribus
1545 4804 1648 4860 uostris
1662 4802 1788 4871 imagines

148 4890 237 4946 pacem
257 4891 340 4928 ruenni
356 4872 472 4945 relinquo
490 4873 560 4927 eolis
578 4873 668 4944 (lonii.
683 4871 750 4942 arv).
772 4870 839 4925 lllud
859 4873 940 4926 etiam
993 4883 1148 4930 sauctorum
1167 4892 1219 4929 nou
1236 4876 1335 4930 haltere
1350 4874 1571 4944 roluut,qnidam
1588 4890 1654 4928 roro
1670 4876 1788 4927 econtra

148 4944 271 5015 Apostoli
295 4945 398 5015 pariter
418 4944 598 5000 attentissime
623 4943 795 5014 cogitandum
816 4960 822 4994 :
846 4941 942 4997 Paceni
994 4961 1027 4999 er
1043 4946 1136 5000 eadem
1154 4955 1247 5001 sancta
1264 4945 1341 5015 plebe
1354 4961 1407 4999 non
1424 4945 1510 5001 solam
1525 4945 1637 5009 habere,
1650 4942 1698 4998 scd
1711 4940 1790 5019 etiam

149 5016 287 5086 sequimini
313 5025 337 5070 et
363 5015 577 5079 sanctimoniam,
599 5016 654 5070 iine
675 5032 729 5086 qun
754 5028 828 5066 nerito
850 5013 944 5067 adedit
995 5017 1109 5071 adorare
1138 5018 1246 5071 volunt.
1276 5016 1396 5082 Quorum
1430 5015 1617 5069 altercationis
1651 5011 1790 5069 discordie

148 5085 233 5141 Deion
254 5084 347 5160 (lleir.
361 5085 421 5156 aul.
445 5085 479 5141 Et
495 5086 595 5142 idcirco
617 5085 694 5141 ralde
718 5098 829 5139 necesse
853 5093 903 5146 est,
915 5091 945 5137 ut
996 5101 1102 5141 summa
1116 5087 1178 5141 talis
1195 5095 1245 5145 est,
1262 5095 1291 5140 ut
1314 5086 1435 5141 nolentes
1460 5086 1520 5141 illas
1542 5086 1661 5148 ianitore,
1674 5083 1790 5162 nolentia

150 5157 273 5227 quisquis
295 5157 329 5212 ad
354 5156 425 5211 illam
442 5157 557 5226 patriam
576 5157 711 5211 desiderat
729 5153 884 5226 pervenire,
898 5153 944 5208 ubi
996 5172 1047 5211 nec
1060 5157 1160 5212 babere
1171 5158 1356 5212 consentiant:
1369 5157 1491 5211 roteiites
1503 5171 1568 5210 reio
1578 5156 1703 5210 nolentes
1712 5162 1791 5208 etiaut

151 5241 290 5297 nunquam
305 5226 440 5283 discordia
453 5227 540 5295 potuit
558 5227 600 5280 rel
621 5227 720 5296 poterit
740 5223 862 5289 introire,
878 5224 944 5279 illud
997 5227 1110 5281 adorare
1124 5228 1297 5299 compellant.
1311 5227 1356 5295 qui
1373 5228 1437 5281 ltine
1451 5234 1479 5280 et
1492 5226 1554 5280 inde
1571 5227 1599 5280 in
1616 5227 1724 5280 discisa
1740 5231 1791 5275 ten·

151 5309 322 5366 summopere
342 5310 422 5367 agere
438 5297 554 5359 studeat,
573 5312 622 5367 per
638 5297 711 5366 quod
735 5304 763 5351 ct
788 5294 844 5362 ipse
870 5294 943 5348 illam
998 5297 1093 5351 deutcs
1103 5298 1232 5353 adversus
1244 5298 1412 5360 alterutrum,
1422 5298 1480 5352 sire
1490 5296 1610 5351 humana
1621 5300 1792 5366 argumenta-

153 5363 209 5419 lieo
222 5359 348 5435 placitam
359 5367 499 5423 eharitatis
513 5382 607 5436 pacem
622 5382 684 5421 cum
699 5366 824 5421 omnibus
844 5365 944 5419 liaberc
998 5367 1081 5429 tinne,
1093 5369 1134 5422 rel
1152 5371 1263 5429 ratione,
1280 5368 1336 5422 sire
1355 5369 1436 5422 etiam
1455 5383 1487 5421 ex
1506 5367 1596 5420 divina
1621 5363 1794 5421 auctoritate·

152 5433 274 5501 studeat,
286 5443 314 5492 et
329 5451 423 5492 omnes
438 5446 531 5492 centra
549 5436 623 5491 illim
642 5452 737 5506 pacem
757 5436 944 5490 discordantes
997 5438 1038 5490 rei
1050 5448 1204 5493 sanctoruni
1219 5439 1328 5493 Patrem
1346 5439 1469 5508 scriptis;
1485 5437 1617 5491 voluntati
1635 5452 1692 5491 siim
1703 5443 1793 5487 execr-

152 5505 188 5560 ιιι
200 5522 291 5563 reram
303 5507 474 5563 concordiam
489 5523 618 5563 revocare
630 5506 784 5563 contendat.
996 5517 1042 5579 pta
1056 5509 1097 5562 rei
1111 5520 1270 5564 coacervata
1287 5510 1440 5573 bubernet
1460 5509 1583 5578 utrisque
1606 5508 1714 5562 ridetur
1735 5516 1795 5557 cuir·

188 5656 202 5685 ¹
224 5643 270 5771 Εῶ
280 5643 381 5700 uteri.
398 5643 493 5700 concil.
515 5661 544 5706 ιι,
560 5651 615 5700 act.
635 5643 663 5698 ὅ.
684 5641 758 5698 llilde
778 5641 935 5711 Tlreopbau.
957 5639 1119 5709 uitiiset,
1151 5652 1308 5708 ptiriascen.
1328 5643 1360 5699 de
1388 5644 1501 5709 lieres,
1525 5649 1551 5696 ct
1574 5640 1676 5697 Zonar.
1698 5637 1794 5694 nunt

154 5726 221 5772 titur.
273 5754 280 5769 .
