3780 6120
128 262 179 327 tol
566 267 594 324 h
613 267 738 326 sinoti
757 265 865 327 llllle'l
883 262 958 322 ΟΡΡ.
979 259 1069 320 nulls
1087 264 1107 319 l.
1127 262 1247 321 secuto
1265 263 1307 318 lll.
1701 256 1753 322 708

127 377 330 448 omnipotentiae
345 377 458 444 gratiam
486 375 584 431 vestris
599 377 652 446 ptis
668 376 912 434 interventionibus
925 380 949 440 Α
962 391 1022 431 inm
1035 375 1167 445 pmsidtis
1183 374 1286 430 nobise
1302 373 1396 443 grathe
1408 372 1506 429 diriore
1523 369 1651 442 suffragia
1671 375 1757 442 impo-

127 448 283 532 acquiratis,
294 455 325 502 at
334 447 393 530 eins
403 446 559 502 admiranda
570 447 690 529 potentia
701 447 782 502 faciat
791 461 840 516 per
852 461 912 517 gra-
967 447 1056 529 tretis,
1072 445 1165 500 humili
1181 444 1375 526 supplicatione
1388 443 1570 525 postulantes,
1586 453 1616 497 ut
1629 441 1688 525 fiiis
1701 445 1757 525 ¹ad*

126 514 917 649 lteinfitiandet⁰lliltrttenthea
966 515 1099 654 tileth
1112 511 1756 664 deridetetttlthenlilsttlt

126 659 222 723 horet;
239 658 336 726 detque
349 656 427 711 nohis
443 656 477 709 ali
487 654 542 709 alio
557 656 682 737 prosequi
698 657 768 726 quod
781 654 918 710 commisit
966 664 993 710 et
1004 657 1100 736 robore
1113 653 1215 719 fulciat,
1227 661 1362 736 etvirtnte
1372 652 1530 733 perfundat,
1552 650 1633 722 310
1656 653 1756 734 detque

124 736 156 781 et
170 725 292 790 tradidit,
308 732 439 795 quatenus
453 725 481 778 lii
502 725 594 795 gloriae
616 740 671 780 suae
683 725 853 780 convalescat
867 739 915 776 eu·
966 725 1006 779 sic
1020 726 1097 780 nohis
1111 738 1235 794 prosequi
1254 724 1326 791 quoil
1340 729 1504 791 impotentiae
1517 731 1617 776 nostrae
1630 723 1753 786 tradidit,

127 805 277 866 gmcutum,
288 803 315 850 et
327 794 497 850 Christianus
511 795 625 863 populns
641 806 720 849 tuna
734 796 874 850 nobiscum
889 793 916 847 iii
966 804 994 848 ot
1011 794 1156 849 humilitati
1169 793 1314 859 commisit,
1332 799 1463 861 quatenus
1474 792 1500 845 iii
1510 791 1604 860 gloriae
1626 805 1684 847 suae
1703 807 1753 847 au—

126 865 326 934 pulchritudine
356 865 431 947 pacis
454 871 483 919 et
510 865 603 932 requie
628 865 753 933 opulenta
779 863 917 919 consideat
966 873 1105 937 gmentum
1124 870 1253 925 transeat,
1273 870 1300 917 et
1320 861 1434 932 populus
1448 859 1617 916 Christianus
1640 876 1690 930 per
1705 876 1757 917 iios

126 935 237 990 tandem
253 933 384 990 claritatis
400 941 538 1004 perpetuas
563 935 647 991 radiis
660 934 844 989 illustrandus.
984 948 1032 988 ace
1046 942 1073 988 et
1088 932 1281 1002 tranquillitate
1289 931 1422 1001 proficiat.
1438 938 1466 984 et
1478 931 1651 986 tandeinillis
1661 947 1694 986 ac
1704 946 1755 984 im-

360 1046 442 1118 309
454 1045 621 1102 mmm
639 1045 674 1102 w
966 950 1010 1058 nis
1020 1012 1128 1058 aeternos
1142 1003 1276 1057 claritatis
1286 1001 1377 1055 radius
1393 1001 1540 1056 illucescat.

176 1138 182 1150 ι
445 1137 451 1148 ,
649 1136 655 1148 ,
732 1136 738 1147 ,
1251 1087 1418 1145 eeisrona
1438 1089 1470 1144 v.

146 1137 272 1207 Elidem
288 1152 348 1190 ‘m
364 1145 665 1217 ‘mmmmmm'’
685 1143 710 1188 θ’
728 1134 821 1188 'Mem
835 1150 902 1203 ΡΜ
965 1171 1217 1245 Maiphaselectae
1238 1180 1266 1234 iii
1290 1196 1374 1251 repent
1402 1178 1580 1234 Romanorum
1607 1179 1698 1234 scribit
1722 1177 1757 1234 ed

395 1206 476 1259 ”mm
495 1215 652 1275 ‘mmm'
1002 1252 1135 1306 uniuersos
1162 1251 1266 1321 imperii
1290 1259 1375 1303 etatae
1389 1248 1422 1304 de
1435 1265 1498 1319 pere
1524 1250 1712 1319 referendario,
1732 1256 1756 1305 et

271 1296 333 1368 (2¹¹¹-
351 1297 429 1351 Det·
452 1296 531 1360 ¹2⁷&
552 1296 610 1349 ⁶0‘l·
632 1293 703 1350 Rei·
726 1295 777 1366 iv.)
1003 1330 1030 1375 n
1046 1321 1096 1374 ies
1117 1320 1232 1374 renim
1243 1320 1377 1375 mireari
1401 1318 1573 1373 atteiensem
1586 1319 1612 1373 a,

163 1389 191 1444 lii
203 1387 339 1458 precelse
358 1384 618 1456 diguitatishonore,
646 1400 700 1454 quo
725 1400 776 1439 uos
797 1383 917 1455 pretulit
1125 1411 1187 1484 (An.
1205 1411 1283 1464 pom·
1302 1409 1381 1474 4275,
1397 1408 1456 1466 gog,
1473 1408 1542 1462 Μ,
1558 1408 1597 1481 v.)

128 1458 261 1515 exaltator
273 1454 429 1520 humilium,
443 1453 520 1525 quasi
542 1469 610 1508 onus
622 1454 792 1525 importabile
816 1455 917 1510 nostris
1508 1501 1515 1513 .
1536 1500 1541 1512 .
1649 1502 1655 1514 .

128 1537 170 1584 est
183 1526 302 1589 humeris
317 1524 465 1595 alligatum,
480 1521 631 1592 cujusdam
647 1525 859 1594 magnitudinem
871 1539 916 1579 ve·
966 1502 1161 1559 Alssfflffl·
1174 1531 1210 1542 ““·
1229 1501 1323 1555 ΒΜΜ
1336 1515 1387 1570 ⁰1³⁰
1400 1515 1451 1570 W
1467 1500 1607 1571 *W
1630 1517 1704 1558 *¹¹⁰⁸
1722 1518 1756 1560 ⁸⁰

129 1597 276 1653 iterandam
289 1610 321 1650 ac
333 1594 489 1664 stupendam
502 1593 674 1658 attendimus,
700 1609 753 1650 nori
779 1594 916 1650 immerito
1001 1588 1093 1654 swa?
1105 1572 1224 1653 Virginis.
1236 1570 1388 1652 ⁵¹⁰9¹⁰f³¹5¹2
1407 1570 1478 1625 ⁵⁰¹5⁰
1493 1572 1617 1651 ⁰⁰3⁵²3⁰⁸
1628 1573 1661 1627 ὼ
1673 1574 1756 1655 mli·

128 1665 314 1722 tomitanos.
325 1664 424 1719 Verum
438 1663 550 1718 sicuteii
566 1660 720 1732 fragilitatis
733 1670 832 1718 nostrae
849 1680 914 1719 coii-
1001 1643 1107 1723 mindi?
1122 1657 1237 1721 ¹¹¹¹ll0¹it
1250 1640 1363 1695 R⁰¹¹¹³¹¹¹
1390 1641 1470 1695 libus
1484 1655 1601 1723 ²9⁰¹⁸¹Sg
1617 1642 1756 1726 essssqltss

129 1735 291 1792 siileratione
303 1733 458 1804 mergimur,
472 1733 554 1788 sices
567 1730 664 1787 fiducia
682 1731 779 1787 diriore
794 1731 950 1796 clemen-n
1000 1714 1051 1767 ¹¹³⁰
1063 1712 1175 1794 ⁶t¹¹Sl⁰¹2l
1193 1725 1333 1794 ¹¹¹}1Vef505
1349 1708 1468 1792 timim
1497 1726 1602 1780 ¹¹¹¹W¹¹
1618 1727 1757 1782 principes

128 1808 172 1861 ιη
185 1802 379 1874 quodammodo
392 1804 550 1865 ,giemum
573 1813 713 1883 speram,
738 1802 810 1872 quod
827 1801 913 1872 hujus
1000 1791 1056 1836 taui
1075 1782 1279 1863 ecclesiasticos¹
1294 1795 1374 1861 quain
1396 1779 1495 1844 laicos,
1517 1782 1552 1835 ad
1573 1783 1756 1863 praestandum

128 1873 269 1945 pmoeuffii
281 1873 363 1927 mal-is
376 1887 504 1942 prospere
516 1879 631 1925 tfflsssu'e
644 1872 779 1942 possimus
791 1872 913 1937 insidias·
999 1853 1155 1922 homagum
1170 1859 1196 1905 02
1211 1850 1346 1905 adelmus
1362 1857 1561 1905 sacramentum
1585 1859 1695 1906 mmm·

128 1947 152 2000 si
171 1944 248 1999 nobis
267 1942 415 2012 impetretis
436 1941 531 1996 salutis
553 1941 702 2006 auxilium,
732 1942 778 2010 qui
810 1943 914 1998 coelesti
999 1940 1168 1996 ddllomaui
1189 1939 1264 2010 regni
1281 1939 1463 2010 giilieruacnla
1479 1939 1568 1994 vocati
1592 1940 1664 1996 illius
1678 1952 1755 1997 voca·

124 2013 262 2084 sponsoin
274 2020 369 2066 vestrae
379 2011 551 2067 conscientiae
562 2009 665 2067 deliciis
682 2010 913 2066 lectuinlloridnm
963 2021 1054 2074 tione,
1076 2011 1121 2081 qui
1135 2011 1312 2079 superliorum
1338 2009 1508 2080 fastigiomm
1529 2011 1685 2080 snperbiam
1705 2011 1756 2066 eli·

125 2081 309 2165 piaeparanis.
321 2080 390 2148 Quid
401 2082 472 2137 enim
483 2081 586 2136 vobise
601 2081 647 2135 liei
659 2081 759 2150 pietate
772 2081 915 2150 deiiegabi·
964 2083 1041 2146 dens,
1054 2082 1177 2136 devotam
1190 2080 1368 2134 humilitatem
1386 2079 1527 2134 humilium
1540 2079 1655 2135 collocat
1671 2081 1699 2135 iu
1712 2096 1756 2137 se·

128 2162 172 2208 tur
186 2153 258 2206 illam
271 2152 436 2207 merentibus
453 2151 553 2205 hahere
565 2151 708 2220 propitiam
727 2150 914 2207 candorcvir-
964 2151 1049 2214 lilimi,
1074 2160 1164 2206 niente
1194 2150 1361 2218 disponimus
1386 2157 1415 2203 et
1468 2149 1555 2220 rvigili
1581 2150 1755 2207 meditatione

127 2223 237 2277 tntum?
255 2221 325 2288 Quid
353 2221 423 2290 apud
452 2221 570 2291 reginam
596 2219 780 2290 praefulgidam
800 2228 914 2276 matrem
963 2220 1162 2291 pervolvimus,
1183 2219 1340 2290 qualitcrin
1361 2233 1469 2274 excesu
1494 2233 1543 2288 per
1566 2220 1704 2276 excelsum
1728 2228 1756 2276 et

128 2293 175 2348 liei
189 2291 345 2362 angelorum
356 2289 492 2345 dominam
505 2290 648 2361 gloriosam
668 2300 756 2346 vestra
773 2305 915 2346 conversa·
964 2291 1105 2346 sublimeiii
1121 2304 1212 2359 rcgcni
1226 2305 1320 2369 regiim
1333 2286 1483 2356 humectatis
1495 2289 1562 2344 solio
1575 2290 1717 2346 constituti
1729 2291 1754 2346 iii

128 2362 165 2417 tio
178 2377 232 2416 non
243 2360 386 2422 obtinebit,
399 2375 512 2430 quoram
529 2360 633 2415 meritis
648 2360 770 2447 splendet
782 2359 912 2423 Ecclesia,
965 2359 1157 2416 reformatione
1168 2359 1411 2430 pacisiaindudniu
1431 2358 1586 2426 disperditae
1598 2361 1755 2430 reipublicae

124 2430 255 2501 exemplis
268 2431 339 2500 viget
367 2439 395 2484 et
419 2429 524 2500 prolicit
543 2430 636 2499 religio
649 2429 820 2485 thristianal
846 2428 916 2496 Quid
965 2427 1145 2493 consulamus,
1170 2442 1412 2498 oppressorumque
1430 2429 1569 2495 hactenus,
1583 2438 1610 2484 et
1628 2429 1755 2498 subjectis

124 2501 171 2556 illa
187 2502 327 2556 beatorum
340 2500 413 2554 acics
434 2500 531 2554 vestris
559 2499 655 2554 votivis
682 2515 735 2555 non
762 2499 916 2569 impetrabit
965 2509 1141 2572 tyrannorum
1154 2498 1288 2570 tyrannidi
1308 2498 1485 2569 dispendiosis
1497 2498 1625 2568 periculis
1650 2501 1756 2555 cautius

124 2570 278 2634 affectibus,
293 2583 353 2638 quoe
367 2569 443 2624 vohis
452 2569 569 2638 propitia
583 2569 713 2634 redditur,
728 2578 755 2625 et
765 2585 814 2639 pro
828 2569 916 2625 laudis
966 2584 1106 2625 caveamus
1123 2584 1129 2622 :
1144 2577 1284 2639 sperantes
1296 2584 1329 2623 cx
1341 2570 1400 2631 hoc,
1415 2569 1480 2622 etin
1493 2568 1650 2640 talisagone
1665 2579 1756 2625 certa·

123 2638 224 2694 divitiae
235 2639 390 2708 praeconiis,
408 2648 436 2694 et
447 2638 510 2692 vitre
534 2639 637 2694 ineriiis
657 2639 829 2695 innocentis?
846 2640 916 2696 Ecce
965 2640 1056 2705 minis,
1071 2639 1116 2708 qui
1129 2647 1246 2694 mentem
1264 2638 1357 2709 aflligit
1372 2637 1486 2693 interius
1497 2650 1523 2693 et
1534 2640 1652 2708 quietem
1669 2639 1755 2695 sensi-

127 2711 199 2779 regis
213 2708 306 2764 nitenti
317 2709 432 2779 gratiam
457 2716 485 2762 et
503 2709 621 2765 coelestis
641 2709 723 2764 euriae
745 2724 793 2765 vos
816 2710 916 2766 habere
965 2710 1017 2765 biis
1030 2709 1209 2765 exteriorilnis
1220 2723 1273 2764 non
1287 2707 1420 2773 concedit,
1436 2720 1582 2777 supernum
1601 2710 1681 2765 nohis
1695 2724 1756 2779 pro·

126 2773 338 2836 favommclaris
349 2777 514 2849 argumentis
527 2779 708 2847 presumitur,
720 2779 841 2850 etsignis
855 2795 916 2850 per·
965 2780 1059 2834 venire
1089 2779 1238 2835 subsidium
1253 2786 1280 2835 et
1304 2777 1415 2833 humani
1439 2776 1540 2833 favoris
1562 2779 1730 2835 incremento
1744 2790 1756 2820 ⁸

123 2849 226 2919 spicuis
236 2847 437 2919 comprobatur.
451 2846 536 2918 Digne
544 2848 638 2917 itaque
651 2858 769 2903 vestram
783 2848 917 2905 universi·
965 2848 1098 2921 proficere
1111 2865 1160 2905 nos
1173 2849 1280 2905 dehere.
1296 2847 1365 2903 lliiic
1378 2848 1501 2916 estquod
1514 2863 1576 2903 cum
1593 2849 1620 2904 iii
1632 2864 1755 2919 suprema

128 2926 210 2973 tatem
227 2918 334 2987 perlici
348 2917 562 2972 misericordiam
585 2919 768 2983 obsecramus,
782 2927 916 2989 quatenus
966 2919 1105 2989 dignitatis
1117 2919 1225 2989 specula
1238 2919 1365 2973 simusail
1377 2919 1429 2972 hoc
1440 2918 1531 2986 positi,
1549 2920 1620 2988 quod
1631 2920 1756 2974 unirersa

125 2987 169 3055 pia
190 2988 362 3043 meditatione
372 2996 516 3055 pensantes
530 2995 660 3055 quantum
673 3003 749 3044 exeo
766 2989 850 3056 possit
862 2989 914 3043 im·
966 3003 1044 3045 sacro
1056 2989 1178 3045 Romano
1190 2989 1312 3058 imperio,
1328 2996 1355 3043 et
1368 2986 1402 3042 ad
1415 3003 1463 3042 nos
1471 3002 1520 3056 per
1534 2990 1629 3043 devota
1646 2989 1756 3044 servitia

126 3056 228 3111 ininere
243 3056 374 3127 stuporis,
389 3054 460 3125 quod
474 3055 521 3125 qui
532 3055 651 3124 pulveris
665 3065 691 3111 ct
705 3058 808 3112 cineris
822 3073 915 3114 essen·
966 3058 1047 3113 ditem
1073 3061 1175 3114 cientin
1188 3057 1336 3113 memorat
1354 3057 1435 3113 claris
1445 3057 1592 3122 obtutibus,
1604 3067 1631 3114 et
1644 3059 1756 3114 sincerii

125 3125 192 3180 tiam
206 3125 334 3196 gerimus,
358 3124 474 3194 regentis
490 3125 519 3178 iii
546 3125 643 3181 secula
661 3141 710 3196 per
738 3128 912 3198 temporalem
927 3094 950 3155 C
967 3076 1110 3185 affectiffius
1132 3136 1251 3183 nostram
1269 3127 1442 3184 serenitatem
1467 3126 1547 3198 311
1573 3128 1669 3182 deccat
1694 3145 1755 3184 coii-

35 3234 37 3238 μ
124 3195 243 3265 gladium
255 3193 348 3250 vicarii
357 3193 423 3249 lacti
436 3209 529 3250 suiuus
544 3195 569 3261 b,
581 3195 633 3266 piis
647 3195 800 3252 orationum
811 3205 913 3253 restru-
967 3198 1099 3268 toniplari,
1112 3199 1251 3254 arriversos
1261 3213 1318 3266 vos,
1330 3205 1357 3252 et
1367 3197 1486 3267 shigulos
1495 3198 1568 3253 ouini
1581 3199 1757 3270 benignitate,

125 3355 270 3411 ‘rutinense
293 3354 320 3409 iri
345 3351 473 3409 inferiore
487 3352 606 3420 dustria,
631 3368 716 3424 eoque
738 3353 914 3427 Norimberga
968 3359 1129 3413 sententiam
1146 3359 1179 3413 de
1192 3354 1332 3426 temporali
1358 3365 1492 3427 potestate
1510 3371 1581 3427 sepe
1604 3358 1756 3429 loquentem

123 3429 271 3481 arcessissc
290 3425 408 3494 virgines
425 3424 529 3480 ordinis
556 3424 641 3481 sancti
659 3425 808 3488 Dominici,
837 3425 915 3496 cujus
969 3427 1138 3497 liudolpbuni
1156 3428 1305 3491 audiemus,
1322 3427 1430 3481 tametsi
1441 3425 1556 3495 niljiirls
1567 3428 1620 3484 silii
1631 3432 1756 3489 tribuen-

122 3495 213 3551 ordiui
232 3495 258 3550 id
278 3493 471 3548 monesteiiiiie
485 3494 597 3560 obtulit;
615 3495 687 3564 quod
701 3494 805 3551 scilicet
822 3495 850 3551 iii
866 3497 915 3551 ho·
969 3507 1023 3554 tem
1034 3512 1152 3568 unquam
1166 3496 1333 3552 inveniemus
1345 3497 1371 3550 in
1386 3497 1473 3550 aliona
1488 3497 1601 3553 ditione.

122 3579 219 3621 norem
244 3575 344 3619 sanctae
357 3562 450 3619 Crucis
468 3563 663 3619 edificatorem
680 3580 710 3619 se
729 3573 838 3620 voveret
854 3572 917 3621 aiito
1005 3578 1016 3607 ⁰
1036 3567 1065 3621 lii
1077 3566 1290 3637 praecedentibus
1300 3567 1399 3621 litteris
1413 3581 1467 3620 non
1478 3567 1566 3622 solum
1579 3582 1631 3637 pro
1650 3584 1695 3635 se,
1708 3573 1756 3629 sed

122 3633 247 3706 pralium
270 3649 330 3688 cuni
344 3632 621 3690 Ottocarollohemiic
633 3649 705 3705 rege.
723 3634 917 3704 lliplomafim-
967 3636 1111 3707 etiampro
1126 3636 1203 3692 iluna
1224 3636 1317 3706 regina
1338 3635 1520 3691 Romanorum
1545 3652 1641 3706 preces
1656 3640 1756 3697 effundi

126 3704 242 3759 abdonis
255 3711 342 3758 exstat
362 3704 432 3774 apud
451 3714 589 3759 auctorem
612 3705 684 3759 Piet.
700 3704 792 3760 dustr.
814 3777 816 3781 ἲ
837 3706 883 3761 lili.
895 3721 914 3770 i,
967 3705 1106 3778 flagitabat
1118 3725 1124 3760 :
1137 3722 1197 3777 quae
1212 3721 1356 3761 resineam
1380 3707 1535 3775 opinionem
1550 3709 1709 3776 confirmat,
1726 3712 1756 3767 il·

121 3772 916 3912 tit.*hidilinldtltdltltttdlltitt
967 3775 1654 3916 tentalumltlbtrdlihlhtttllll:
1668 3782 1756 3839 ⁵²⁰³*

125 3918 244 3968 alensem
262 3913 334 3982 prid
358 3912 416 3968 llal.
437 3912 510 3984 Sept.
527 3915 555 3968 iii
571 3859 778 3985 viiiindf'post.
799 3915 911 3971 Nativit.
967 3887 1120 3972 sebantur.’
1138 3862 1156 3917 q
1665 3866 1756 3909 m

122 3982 188 4038 Chr.
205 3980 282 4042 teto,
297 3983 373 4052 regni
388 3984 474 4038 uestri
489 3984 629 4052 septimo.»
1000 3985 1014 4025 <¹
1035 3986 1124 4042 Titulo
1142 3983 1277 4056 nilmagis
1301 3985 1335 4039 ali
1354 3999 1394 4040 re.
1414 3986 1523 4042 litterae
1549 3986 1608 4042 istae
1632 4002 1662 4042 se
1690 3989 1756 4060 ipsae

160 4050 255 4107 icum
269 4051 327 4105 Leo
348 4051 381 4106 lll
406 4051 578 4109 occidentale
601 4052 743 4138 imperium
762 4053 910 4118 renovarit,
965 4055 1082 4126 prodant
1096 4071 1103 4110 t
1117 4056 1242 4136 princeps
1254 4055 1372 4123 optiinus
1383 4058 1495 4113 arduam
1509 4066 1685 4127 suscepturus
1694 4074 1757 4129 pro·

124 4121 253 4176 llomanm
271 4121 407 4187 Ecclesiae,
429 4136 534 4178 suninio
553 4123 682 4191 pontifici,
710 4138 742 4178 ae
763 4124 912 4191 prasertim
965 4126 1091 4189 vinciam,
1120 4133 1182 4195 post
1208 4124 1378 4193 imploratam
1406 4126 1524 4182 divinam
1543 4142 1622 4195 opem
1641 4128 1675 4182 ad
1690 4130 1754 4186 uni·

123 4192 281 4246 orthodoxae
318 4189 380 4245 fidei
412 4191 594 4248 defensionem
630 4193 763 4260 qnaesivit.
797 4191 912 4247 Perinde
966 4210 1058 4250 versos
1086 4194 1191 4265 imperii
1213 4192 1377 4249 feudatarius
1398 4197 1444 4252 det
1467 4196 1572 4250 litteras
1585 4198 1752 4267 encyclicas,

122 4259 253 4317 loannem
267 4259 313 4315 Xll
331 4260 528 4316 edGermanos
546 4275 605 4316 enm
625 4261 781 4330 dignitatern
801 4260 913 4316 tmnsfe-
966 4271 996 4318 ut
1012 4265 1066 4318 dixi
1088 4265 1114 4320 iii
1133 4272 1311 4335 argumento,
1345 4279 1379 4319 ue
1395 4281 1445 4322 suo
1462 4264 1605 4336 quisquam
1624 4267 1696 4323 desit
1714 4270 1753 4325 of·

125 4332 217 4394 reiiilo,
234 4344 283 4384 seii
305 4330 394 4398 potius
419 4330 446 4384 iu
465 4329 607 4386 Germanis
626 4330 809 4385 continuando
823 4330 911 4386 Caroli
966 4333 1037 4388 ficio.

125 4399 214 4471 llagni
226 4414 259 4453 ex
270 4397 413 4454 Germanis
427 4399 554 4469 Augustis
577 4399 656 4469 prinii
678 4397 859 4469 majestatem,
883 4416 913 4457 se
927 4388 951 4450 ⁰
1001 4416 1012 4443 ι
1030 4404 1102 4458 lnter
1115 4403 1264 4474 principem
1275 4405 1390 4461 electum
1402 4414 1430 4459 et
1439 4414 1532 4461 natum
1546 4406 1574 4461 id
1585 4422 1647 4462 esse
1658 4407 1754 4464 discri-

124 4470 247 4592 gesfflssi}
258 4477 426 4591 ognggitnex
446 4468 601 4591 Ῑιιῶιιῗςιιέο
613 4466 732 4594 ᾱθιὲιιιξε
750 4470 761 4524 l
780 4470 862 4592 (dilss.
873 4470 910 4552 .¹⁹
962 4473 1178 4596 inlinisoonstat,
1197 4475 1271 4598 quoodl
1280 4475 1383 4531 electus
1404 4472 1541 4557 faveriset
1556 4475 1753 4533 benevolentia

121 4539 220 4690 lind,
242 4553 270 4660 l.
292 4553 559 4688 ...alriii‘iossill
576 4554 912 4692 ,defalsatae
961 4546 1755 4698 haesitassentttlaltthttlittitltttt

123 4676 243 4759 pontifex
259 4690 272 4758 :¹
282 4675 437 4758 ‹Eanctaiu
452 4677 610 4757 Ecclesiam,
634 4678 814 4761 populumque
830 4678 910 4761 Clin-
961 4682 1197 4753 cipehaereditario
1210 4700 1263 4739 non
1275 4692 1417 4754 contingit.
1426 4684 1485 4738 Prae
1493 4684 1553 4740 aliis
1560 4698 1608 4741 reu
1618 4684 1753 4742 Romano·

123 4755 241 4801 suanum
254 4747 303 4800 tihi
320 4745 587 4803 alleocominissum
608 4762 680 4817 regia
698 4757 797 4802 virtute
811 4749 845 4803 ab
864 4765 912 4804 iui-
961 4753 1359 4823 rumimperatordesiguatus,
1377 4754 1424 4824 qui
1438 4755 1508 4809 iuter
1530 4753 1664 4810 electores
1687 4770 1753 4813 suos

123 4818 215 4885 probis
228 4814 366 4871 defendas.
382 4836 391 4868 i
407 4816 475 4871 llinc
485 4823 577 4886 postea
589 4819 671 4886 coepit
690 4818 781 4887 opinio
795 4818 832 4872 lin
852 4835 912 4898 'ra-
961 4824 1041 4879 hahet
1057 4825 1130 4894 regia
1142 4825 1223 4878 etiarn
1247 4826 1273 4879 di
1293 4825 1377 4880 nitate
1402 4824 1584 4895 conspicuos,
1610 4825 1753 4895 utriusque

123 4887 200 4942 toriae
245 4885 350 4940 testatis
364 4886 394 4941 in
414 4886 615 4957 temporalibus,
628 4898 658 4942 ut
681 4888 708 4943 iii
726 4889 837 4958 spiritua
851 4889 911 4945 ilius
960 4895 1071 4964 indiget.
1085 4893 1187 4950 idcireo
1200 4893 1258 4948 llud
1286 4897 1356 4964 plius
1367 4903 1429 4965 post
1438 4895 1556 4949 divinam
1568 4909 1648 4964 opciu
1659 4895 1753 4951 subdi·

123 4957 199 5080 potiti
219 4957 278 5022 cite,
292 4956 371 5011 nullis
384 4955 481 5012 linibus
494 4966 638 5014 coarctate
651 4972 659 5012 i
672 4958 782 5014 undeet
796 4958 910 5014 duorum
960 4974 1049 5018 tarum
1061 4964 1180 5034 gentium
1198 4981 1231 5020 ac
1247 4965 1399 5036 principum
1422 4963 1540 5019 favorem
1564 4966 1694 5033 exquirit.
1717 4964 1750 5020 Et

134 5026 296 5082 umiuarium
316 5025 448 5096 majomm
463 5029 629 5097 comparatio
960 5034 1067 5102 qnideiu
1088 5032 1171 5100 jure:
1191 5050 1253 5089 nain
1272 5033 1428 5090 ottocarum
1451 5032 1587 5089 ltohcniiae
1615 5049 1707 5103 regem
1721 5043 1750 5090 et

158 5098 172 5137 b
190 5095 328 5152 Praedictae
340 5097 474 5168 opinionis
484 5112 516 5151 er
553 5107 671 5153 uioutum
686 5098 857 5154 luculentius.
871 5099 910 5155 lle
960 5104 1103 5159 henricum
1120 5105 1240 5159 llavariae
1252 5104 1348 5160 duecin
1365 5104 1533 5160 adversarios
1545 5111 1677 5173 expertus
1694 5114 1748 5170 est,

121 5166 258 5236 pontilicis
268 5167 376 5249 qnideni
387 5167 490 5221 nullum
533 5168 625 5223 obium
652 5183 659 5221 τ
681 5169 734 5223 ilii
757 5168 872 5238 speculis
893 5185 909 5224 a
959 5181 989 5228 ut
1000 5172 1069 5229 infra
1082 5173 1192 5243 planuni
1208 5174 1270 5229 erit.

124 5237 178 5292 lleo
196 5237 352 5302 mustituti,
367 5237 405 5291 ait
417 5236 593 5302 Caelestinus,
607 5248 636 5292 ut
648 5238 792 5308 vigilantiae
808 5249 909 5294 nostrae
998 5244 1007 5282 l
1028 5243 1057 5298 lii
1069 5243 1101 5296 Α.
1115 5243 1145 5296 Β.
1170 5245 1240 5315 (cap.
1252 5243 1278 5325 β,
1292 5242 1344 5314 58)
1358 5242 1489 5298 electores
1501 5248 1635 5324 vocentur
1645 5259 1694 5314 pro
1715 5244 1722 5257 '

121 5305 287 5375 diligentiam
302 5307 519 5376 comprobantes,
546 5316 573 5362 et
589 5324 649 5377 quae
673 5310 821 5364 coercenda
846 5318 909 5364 sunt
957 5314 1050 5384 quiere
1062 5315 1147 5368 iuncti
1158 5315 1258 5384 immeo
1269 5313 1395 5367 membre.
1411 5313 1517 5383 Reliqui
1526 5314 1666 5383 principes
1677 5260 1751 5368 (ιζ

121 5389 284 5458 resecemus,
296 5385 325 5457 et
332 5391 391 5445 quae
402 5376 568 5459 observanda
583 5386 646 5432 sant
655 5379 817 5460 sanciamus.
830 5378 908 5435 Circa
959 5385 1055 5437 inania:
1068 5386 1208 5443 universe.
1224 5383 1306 5438 ltaliae
1312 5398 1359 5438 seu
1375 5383 1576 5454 Langobardite,
1590 5390 1617 5438 et
1632 5382 1749 5451 Tusciae,

121 5457 243 5511 quamvis
255 5445 400 5527 longinqua
425 5447 553 5528 spiritalis
570 5462 704 5528 curanon
729 5448 836 5514 deficit,
853 5448 908 5531 'sed
959 5453 1025 5511 sive.
1041 5461 1075 5535 iit
1100 5453 1179 5508 hodie
1192 5452 1456 5535 aniliuiit,“ducatus
1471 5453 1702 5517 ilcdiohnensis,
1720 5462 1751 5508 et

121 5526 211 5592 seper
219 5529 321 5579 omnia,
333 5527 495 5598 qua-nomen
509 5517 555 5598 liei
567 5517 736 5587 praedicatur,
752 5519 904 5575 extenditi
959 5522 1082 5585 Etmrin,
1098 5525 1217 5579 niemhra
1230 5538 1334 5592 imperii
1347 5530 1424 5588 sunt,
1438 5538 1507 5594 qnos
1529 5537 1625 5580 omnes
1648 5522 1746 5578 liudol-

120 5580 449 5723 afflffilpmlffiffoe
467 5586 640 5724 osltlbietiin'clni
654 5586 846 5730 εριῐῗιὸἓῐέἷηῗιιι
862 5604 907 5658 ap.
958 5594 1028 5661 phus
1039 5593 1269 5663 alloquiturbistc
1286 5592 1394 5648 litteris.

253 5689 331 5706 ..
413 5672 686 5718 .cni.oi.,.
780 5673 907 5714 .nianc
