3780 6120
145 268 195 327 tto

588 267 618 322 D.
639 267 763 324 delleta
784 267 888 324 listis]
911 266 987 322 oet’.
1008 264 1097 323 bans
1113 269 1134 326 1.
1158 269 1279 326 secuto
1300 270 1342 327 bt.

1726 278 1777 336 tto

179 383 257 439 laude
269 380 451 451 prosequitur,
468 392 550 449 seque.
566 380 600 434 ad
618 379 690 435 illam
703 383 895 452 protegendam
907 390 935 435 et
950 385 972 440 h
986 380 1107 444 vasallis,
1125 390 1151 436 et
1168 381 1323 438 hominibus
1340 382 1473 440 universis
1484 383 1627 443 Leodieusi
1641 390 1774 461 episcopa-

178 451 372 508 bonestandam
393 458 515 520 paratum
537 451 654 504 exbibet.
677 451 778 506 Deinde
797 451 829 503 d.
853 467 932 505 sirvrm

178 521 293 577 aulicum
305 521 331 574 ia
342 519 400 587 ejus
410 519 600 574 earionicorum
614 520 755 591 collegium
766 530 931 591 cooptatum,

176 606 258 663 quiem
279 590 363 645 mittit
385 590 419 644 ad
438 589 635 659 possessionem
657 591 818 654 ineundam,
845 591 878 645 ad
904 606 933 646 se

174 661 335 733 quantocius
356 661 456 715 remitti
475 669 546 725 orat,
568 660 682 730 nogotiis
700 660 820 716 eeclesiae
839 661 933 715 utilius

176 731 330 786 adiuturum
340 729 368 784 in
381 730 454 801 regia
464 730 539 784 curia
550 745 631 799 quam
645 731 671 784 in
683 732 766 785 choro
778 730 930 786 leodiensi.

172 842 280 913 insigne
299 839 435 915 speculum
450 840 525 910 regni
544 838 696 896 Germaniae
711 841 810 897 nobilis
826 841 869 895 illa
885 857 931 895 ec-

140 914 237 975 clesia,
252 928 312 982 «lum
328 912 354 965 in
368 910 453 965 oculis
468 919 567 964 nostrae
586 911 720 966 benerolm
733 912 825 981 gratiae
844 921 872 965 et
887 913 933 966 be-

141 983 299 1038 nerolentiar.
311 981 435 1051 gratiose
449 981 574 1035 condinae
587 980 743 1045 mollientur,
757 981 796 1036 sic
811 981 930 1035 animuin

141 1063 261 1109 anstrum
278 1068 327 1106 sun
341 1051 470 1119 praeclaro
490 1050 605 1105 candore
620 1050 769 1120 gratificat,
788 1053 827 1105 sic
842 1052 931 1120 splen-

47 1168 52 1177 .
141 1124 214 1177 «bris
225 1123 267 1177 sui
282 1123 381 1176 lrrrrriae
395 1121 488 1175 intima
501 1128 599 1175 nostre
610 1122 708 1175 trientis
720 1121 846 1185 illustrat,
860 1122 931 1190 quod

63 1202 66 1207 '
142 1193 269 1248 nimirum
288 1193 314 1246 in
334 1207 389 1245 suae
406 1190 548 1245 suavitatis
565 1189 726 1261 fragrantia,
740 1192 812 1245 vulrrt
827 1193 853 1246 in
873 1192 930 1313 apri

140 1263 212 1334 pleni
227 1263 323 1322 otiare,
345 1261 388 1315 cui
407 1261 536 1316 Dominus
556 1261 704 1324 benedixit,
725 1263 864 1331 potissime
883 1276 930 1315 ιιι-

142 1336 283 1389 lectamur.
302 1332 405 1401 ideirco
419 1346 472 1384 ιιιιιι
495 1330 629 1385 immerito
641 1343 792 1400 promptum
807 1332 834 1386 in
854 1331 932 1385 nuliis

141 1411 197 1467 est,
210 1402 446 1458 commoditatibus
459 1400 515 1455 suis
529 1400 643 1454 libenter
663 1400 814 1466 irirondere,
835 1416 866 1455 ae
884 1401 932 1455 bo

142 1474 252 1528 neribus
272 1471 432 1542 ampliandis
451 1470 477 1524 ia
498 1470 572 1525 omni
593 1470 802 1540 promptitudine
820 1471 932 1542 spiritns

140 1543 270 1626 aspirare.
293 1541 363 1596 Sanc
384 1540 445 1596 lieet
465 1541 595 1595 honestus
614 1540 655 1594 vir
671 1541 771 1608 h.qui,
795 1540 932 1609 praeclaris

139 1629 196 1668 suis
214 1611 382 1683 exigentibus
401 1611 522 1672 meritis,
544 1610 570 1664 in
591 1620 735 1681 enrrspeetu
759 1611 832 1681 regio
854 1610 931 1664 raldo

139 1682 275 1751 gratiosus
293 1681 424 1750 assurgit,
438 1681 471 1735 de
486 1691 578 1734 nostra
594 1679 700 1735 licentia
715 1681 749 1734 ad
759 1681 929 1762 presentiam

140 1760 258 1808 vestram
272 1752 399 1815 accedat,
414 1750 554 1820 adprimae
569 1765 624 1804 suar
640 1751 790 1804 residentiae
809 1750 931 1805 ministe-

141 1825 210 1877 rium
228 1822 255 1877 in
267 1821 379 1877 ecelesia
394 1831 491 1880 vestra,
506 1820 647 1874 devotione
658 1836 709 1890 qua
724 1821 849 1875 corrrcnit
863 1819 930 1876 olla-

143 1892 271 1957 readum,
286 1891 348 1973 qrria
371 1899 458 1944 tamen
480 1889 640 1945 conditionis
660 1899 687 1944 et
707 1896 794 1945 status
813 1889 930 1959 ejusdem

138 1962 260 2018 eeclesiae
279 1961 490 2016 circumstantiis
508 1961 618 2029 provide
638 1961 784 2025 trutinatis,
806 1969 833 2014 et
852 1960 931 2015 nobis

138 2033 232 2088 utilius
250 2040 278 2086 et
292 2031 413 2087 ecelesias
431 2039 528 2085 vestran
548 2031 626 2113 longe
644 2030 793 2085 consultius
814 2030 930 2085 arbitra-

140 2118 210 2166 mur,
225 2103 297 2172 quod
310 2101 397 2156 adbuc
412 2101 498 2155 eidem
511 2100 631 2155 ecelesun
643 2109 739 2155 restrae
753 2101 779 2155 ia
793 2101 867 2155 curia
879 2115 930 2154 no-

137 2182 193 2228 stra
207 2171 341 2227 deserviat
359 2185 440 2240 quam
460 2170 486 2224 in
507 2171 603 2234 cboro;
624 2170 794 2241 prudentiam
811 2176 930 2225 vestram

139 2256 266 2312 rogamus
285 2240 381 2295 allecto
403 2256 457 2311 quo
475 2255 618 2308 possumus
639 2240 779 2311 ampliori,
798 2248 931 2309 quatenus

138 2327 221 2383 suaper
232 2313 325 2367 eadem
338 2311 483 2365 residentia
499 2326 548 2381 pro
563 2318 654 2365 nostra
671 2311 820 2365 reverentia
834 2318 861 2365 et
875 2309 929 2364 uti·

137 2384 213 2437 litate
232 2381 355 2452 propria,
372 2396 490 2450 eorigrua
511 2381 599 2450 ipsam
617 2382 703 2451 gratia
723 2388 927 2451 pmsequentcs,

138 2454 292 2508 ecumdem
311 2451 345 2504 ad
362 2451 465 2505 enriaru
485 2459 605 2504 nostram
623 2450 783 2519 quantocius
799 2449 930 2504 studeatis

137 2524 287 2585 remittere,
312 2521 409 2575 vestris
433 2528 460 2573 et
479 2521 600 2576 ecclesie
618 2520 775 2590 prenotatis
795 2520 928 2582 servitiis,

136 2592 202 2647 inibi
214 2591 378 2646 fructuosius
388 2590 553 2656 institnmm‚
567 2589 649 2663 We
661 2590 755 2646 seitrtri
768 2590 928 2653 certissime,

135 2662 208 2731 quod
231 2669 341 2731 propter
362 2660 565 2716 eornmodorum
588 2669 749 2731 augmenta,
772 2674 832 2729 quae
854 2659 929 2714 vobis

135 2730 231 2787 exinde
243 2731 410 2801 provenient,
427 2746 475 2785 nos
488 2730 515 2785 in
531 2730 629 2785 vestris
643 2731 751 2802 agendis
764 2729 930 2800 quibuslibet

135 2816 242 2874 semper
256 2801 430 2873 experiemini
443 2802 624 2873 promptiores
636 2801 661 2854 b.

394 2909 560 2968 EPlSTOLh
579 2911 672 2966 XXlll.

152 2998 306 3073 hudotptim
319 3001 455 3070 confirmet
468 3001 579 3072 episcopi
592 2999 741 3055 leodiensis
756 3002 909 3056 sententium

274 3070 307 3126 tle
320 3071 437 3125 terminis
452 3069 599 3124 duellorum
613 3070 790 3142 praefigendis.

267 3160 330 3224 idn.
345 3160 423 3217 Dcm.
440 3161 518 3227 teto,
539 3160 597 3215 cod.
614 3159 685 3214 llud.
701 3160 792 3234 xxrrr.)

134 3255 332 3329 decursurus.
353 3284 389 3294 -
411 3251 554 3307 Decretum
575 3252 733 3308 leodiensis
755 3253 873 3336 episcopi
895 3257 929 3310 de

168 3325 335 3407 proroganda
348 3322 392 3378 die
409 3324 443 3379 ad
461 3323 597 3393 singulare
615 3332 751 3377 certamen
765 3331 926 3392 praestituta,

170 3396 282 3452 arbitrio
294 3394 424 3464 principis
437 3393 541 3463 imperii
554 3408 644 3448 eoram
660 3407 712 3461 quo
729 3403 771 3447 est
783 3392 928 3466 cnnlligen-

169 3468 247 3532 dum,
265 3473 351 3519 ratuni
366 3465 446 3519 babet
461 3464 488 3517 in
506 3471 560 3517 tota
573 3462 712 3518 Leodiensi
730 3465 878 3533 provincia,
896 3481 927 3522 ac

168 3537 241 3608 regia
256 3534 415 3590 auctoritato
429 3533 538 3588 mandit
551 3534 585 3588 ab
597 3532 722 3589 onmibus
734 3535 882 3590 obseruari.

168 3647 336 3718 liudolphus,
350 3653 413 3712 cto,
424 3645 539 3716 egregiis
551 3645 616 3700 viris
630 3645 772 3711 nobilibus,
786 3646 926 3713 urinistris,

133 3803 223 3874 petitu
232 3802 267 3857 ab
277 3801 371 3856 eodem
383 3807 474 3857 essent
485 3816 582 3860 cause,
595 3815 644 3853 eur
656 3814 754 3853 novum
768 3800 926 3854 eanonicuni

133 3873 167 3928 ad
182 3873 283 3943 regiain
298 3872 385 3925 attilam
402 3872 502 3926 remitti
517 3870 677 3942 cissagittuet
692 3889 698 3923 z
717 3871 788 3940 equod
804 3879 878 3940 patet
893 3885 927 3924 ex

134 3943 194 3998 aliis
206 3941 284 4009 lartius
294 3943 401 4012 gesseris
412 3941 519 3997 litteris.

169 4026 183 4055 ⁸
202 4012 269 4067 Puta
295 4027 345 4083 pro
369 4013 541 4082 perceptione
568 4009 703 4065 iniretunm
730 4009 927 4080 :dispensatio

133 4083 205 4138 enim
226 4098 241 4136 a
264 4082 408 4137 residendo
429 4082 621 4137 carnonicorum
644 4081 832 4135 auctoritatem
855 4089 927 4135 tran·

134 4153 245 4216 scandit,
259 4152 366 4207 tametsi
381 4153 539 4221 obsequium
550 4150 688 4220 principis,
703 4151 838 4205 enarrandi
850 4166 928 4205 acee-

132 4223 244 4279 nedeute
259 4237 350 4288 eausa,
364 4222 481 4292 legitima
494 4221 660 4290 dispensatio
675 4229 726 4274 est.

170 4292 272 4347 l›llino
294 4299 369 4362 patet
393 4291 563 4361 privilegium
586 4290 652 4343 cleri
682 4289 817 4344 hauddum
839 4303 927 4342 emer-

131 4364 211 4426 sisse,
236 4362 449 4430 eanonicumquo
470 4362 566 4423 istum,
592 4358 638 4430 qni
661 4359 731 4428 apud
757 4358 925 4426 liudolpbum

132 4446 293 4503 permanere
305 4431 436 4495 debebat,
452 4446 467 4484 a
481 4430 591 4499 collegis
607 4430 677 4485 haud
690 4444 765 4485 mora
783 4430 924 4483 remissurn

132 4518 193 4557 eum
209 4514 302 4563 onere,
316 4500 342 4553 ni
357 4498 442 4564 fallor,
456 4499 525 4569 apud
540 4513 629 4569 regern
647 4499 806 4568 procurandi
822 4500 925 4569 antiqui

133 4573 204 4628 illius
221 4569 355 4641 privilegii
368 4570 614 4632 coralimrationcm,
631 4585 678 4624 seu
693 4569 923 4624 instaurationem.

169 4653 181 4683 e
205 4660 215 4694 ι
234 4639 404 4694 Detestabilis
417 4639 565 4694 duellorum
582 4655 647 4694 usus
658 4638 806 4695 fabricante
818 4639 925 4695 diaholo

133 4713 316 4774 introductus,
334 4719 364 4764 ut
381 4717 492 4764 eruenta
510 4725 653 4780 scirporum
672 4719 757 4764 morte
774 4709 924 4764 animarum

132 4783 214 4840 etiam
227 4780 374 4853 perniciem
386 4780 513 4845 lucretur,
527 4794 559 4835 ev
572 4780 727 4835 Christiano
739 4780 804 4834 orbe
819 4779 925 4848 penitus

133 4853 338 4909 exterminetur.
362 4849 520 4920 imperator,
543 4866 634 4921 reges,
655 4851 752 4914 duces,
777 4848 923 4919 principes,

134 4924 320 4987 marchiones,
334 4920 463 4985 comites,
479 4930 506 4976 ct
518 4937 678 4991 quocunqne
690 4921 743 4975 alio
756 4919 865 4973 nomine
878 4920 926 4974 do-

133 4995 198 5050 mini
213 4992 384 5062 temporales
397 4992 442 5061 qui
456 4992 543 5047 Deum
558 4992 591 5048 ad
604 4991 816 5048 monomacbiam
830 4989 856 5043 in
871 5001 925 5043 ter-

134 5065 172 5120 ris
188 5065 244 5120 suis
265 5064 334 5119 iuter
348 5061 447 5117 Christi
456 5078 516 5117 viros
531 5062 728 5120 correesserint.
747 5075 780 5115 co
800 5059 859 5133 ipso
871 5061 925 5114 siat

132 5133 385 5191 excommunicati.»
395 5130 433 5186 lta
445 5133 587 5188 correilimn
598 5132 782 5187 Tridentinunr
793 5130 871 5200 (sess.
879 5131 924 5192 23,

134 5206 168 5260 dc
184 5205 276 5271 reson,
291 5220 316 5259 c.
340 5204 384 5277 19)
405 5204 492 5272 pridie
511 5202 600 5258 Nonas
619 5202 744 5258 Deccnrb.
766 5216 836 5256 anrro
857 5200 925 5256 1565

135 5275 239 5344 privata
259 5275 365 5346 piorum
387 5274 540 5345 principum
565 5282 646 5343 atque
672 5274 858 5342 cpiscoporum
881 5270 926 5326 de-

135 5353 209 5398 creta
233 5345 407 5415 amplectens,
423 5344 542 5417 decrevit
569 5352 661 5398 eontra
690 5341 924 5406 ruouomaehiam,

179 5429 228 5469 nas
241 5415 324 5470 etiam
342 5417 480 5487 graviores
493 5413 673 5475 constituens,
692 5428 751 5482 quie
767 5411 850 5467 citato
864 5425 924 5481 cap.

180 5483 187 5536 i
208 5495 330 5553 possunt.
350 5486 438 5542 lintea
456 5499 523 5542 rero
541 5483 684 5554 singularia
707 5484 758 5537 ista
776 5482 926 5536 certamina

137 5552 236 5636 utrique
247 5561 325 5609 erant
337 5557 396 5612 usui
410 5575 417 5611 ι
432 5570 547 5627 errmque
558 5556 609 5611 hae
623 5555 656 5610 de
669 5568 698 5608 re
712 5553 858 5623 scriptores
870 5552 927 5621 plu·

137 5622 199 5677 rinu
216 5622 357 5693 diligenter
371 5628 488 5697 egerint,
509 5641 577 5696 quos
593 5623 649 5680 iere
665 5638 759 5680 omrrcs
774 5623 927 5693 Ducangius

137 5692 228 5748 laudiit
250 5693 277 5749 ia
299 5695 444 5760 Glossario,
466 5712 526 5766 quar
546 5696 605 5765 ejas
626 5695 697 5765 leges
716 5701 822 5757 essent,
845 5692 926 5762 quive

987 453 1024 504 tui
1045 452 1168 507 setlrditis.
1191 453 1399 509 Praesidentibns
1421 456 1498 510 nobis
1517 470 1603 525 nuper
1622 459 1648 512 in
1670 458 1778 517 civitate

985 529 1076 575 nostra
1094 520 1125 574 N.
1140 537 1189 592 pro
1202 523 1328 577 tribunali
1348 525 1505 579 solemniter
1516 525 1559 580 die
1577 529 1697 594 sabbati,
1712 540 1777 597 cte..

984 597 1012 644 et
1025 602 1198 673 procuratore
1211 592 1371 647 venerahilis
1385 593 1539 650 leodiensis
1553 597 1644 664 episeo
1664 598 1686 663 i,
1703 602 1778 668 prin-

984 660 1050 729 ciprs
1062 661 1147 715 nostri
1160 662 1326 726 charissimi,
1343 663 1407 718 inibi
1421 674 1601 734 comparente,
1618 683 1633 720 a
1665 671 1779 739 requisi-

985 730 1084 784 tionem
1100 737 1127 784 et
1142 731 1274 799 justitiam
1293 747 1414 801 personae
1435 733 1569 801 ejusdem,
1590 738 1711 793 oninium
1724 739 1778 795 cir·

984 800 1175 854 eumstantium
1198 803 1374 883 applaudente
1399 811 1505 857 caterva
1527 813 1554 858 et
1574 806 1657 860 etiam
1681 823 1714 878 ap
1734 825 1778 863 ro-

983 868 1073 931 bante‚
1087 871 1281 924 sententialiter
1294 872 1396 925 exstitit
1404 873 1563 940 judicatum,
1579 878 1650 946 quod
1663 826 1778 947 equiiibet

983 938 1108 1060 princeps
1131 941 1236 1009 imperii
1257 940 1472 1008 jurisdictionem
1493 943 1619 999 obtinens
1642 955 1777 1017 tempora·

993 1023 1052 1072 en,
1079 1020 1261 1079 crrJrrseunque
1285 1011 1446 1067 conditionis
1469 1013 1580 1076 existat,
1607 1030 1699 1070 coram
1722 1034 1777 1088 quo

983 1078 1116 1131 committi
1127 1087 1323 1133 consueverunt
1337 1082 1483 1135 certamina
1496 1083 1644 1138 duellorum
1659 1097 1683 1150 ⁰,
1698 1086 1721 1140 si
1733 1086 1776 1143 die

982 1146 1103 1215 prolixo,
1123 1150 1180 1202 sire
1192 1158 1293 1203 statuto
1307 1150 1441 1219 pugilibus
1456 1151 1489 1204 ad
1501 1152 1653 1209 condictum
1666 1171 1699 1210 ex
1713 1172 1776 1212 mu·

983 1216 1021 1270 sis
1035 1218 1193 1272 necessariis
1210 1228 1238 1273 ot
1258 1219 1389 1281 honestis,
1411 1221 1491 1274 drrelli
1511 1221 1589 1290 hujus
1611 1238 1706 1294 pagum
1721 1242 1774 1281 non

982 1287 1069 1339 ualeat
1082 1288 1259 1356 personaliter
1273 1290 1417 1355 interesse,
1434 1305 1469 1361 op
1505 1300 1583 1346 rtuna
1595 1307 1624 1348 et
1642 1295 1699 1349 otili
1715 1311 1775 1350 mu·

982 1356 1113 1410 tabilitate
1132 1356 1213 1429 455
1236 1358 1351 1421 consilii,
1372 1359 1430 1413 sine
1453 1377 1468 1413 ιι
1481 1360 1504 1413 la
1530 1360 1625 1429 iniuria
1646 1365 1773 1432 partium,

983 1424 1053 1479 irioni
1068 1427 1192 1496 princeps
1207 1428 1288 1482 alium
1303 1429 1383 1483 tacite
1393 1431 1479 1498 possit
1493 1431 1563 1484 diem
1578 1448 1628 1502 pro
1641 1449 1689 1488 sua
1704 1449 1775 1489 conr-

983 1495 1111 1551 moditate
1129 1496 1267 1580 praefigere
1279 1501 1451 1569 pugnaturis,
1466 1500 1603 1571 ipsiusque
1616 1503 1697 1558 duelli
1710 1518 1774 1559 con-

982 1562 1084 1619 flictura
1105 1581 1189 1635 usque
1207 1583 1234 1622 ιιι
1253 1575 1359 1637 tempus
1376 1569 1493 1625 habilius
1507 1585 1654 1641 prorogare
1665 1572 1691 1629 d.
1706 1574 1774 1629 Dine

982 1640 1024 1688 est
1035 1635 1106 1704 quod
1115 1651 1165 1691 nos
1178 1638 1337 1692 auctoritate
1350 1638 1421 1708 regia
1433 1640 1531 1694 dictam
1544 1643 1720 1706 sententiam,
1732 1652 1775 1698 ut·

946 1723 968 1782 B
982 1712 1045 1774 pote
1058 1705 1109 1759 rite
1121 1706 1217 1771 latam,
1232 1707 1389 1762 solemniter
1401 1710 1588 1778 approbantes,
1605 1713 1774 1769 universitati

982 1784 1078 1829 vestrm
1090 1777 1179 1831 edicto
1193 1778 1341 1832 districtius
1352 1777 1477 1834 duximus
1490 1777 1693 1850 injungendum,
1708 1798 1775 1853 qoa-

981 1850 1060 1899 tcnes
1088 1859 1170 1914 super
1198 1846 1351 1915 hujusmodi
1380 1851 1569 1970 prompatione
1600 1852 1773 1907 eorrhietuum

981 1915 1140 1980 duellorum,
1163 1931 1242 1986 quam
1265 1932 1314 1986 per
1336 1918 1461 1972 venerabi
1473 1934 1515 1974 em
1538 1917 1570 1972 Α.
1595 1929 1773 1989 prenotatam

980 1984 1135 2054 episcopum
1155 1987 1285 2041 haetenus
1305 1986 1361 2041 lieri
1378 1988 1450 2041 eonti
1469 1989 1521 2044 erit
1540 1998 1586 2043 aut
1606 1992 1774 2062 coritingeret

981 2053 1007 2107 iu
1022 2063 1174 2123 posterum,
1195 2057 1220 2109 ei
1237 2056 1356 2139 pareatis
1374 2006 1510 2114 humiiiter
1525 2066 1552 2114 ct
1565 2061 1708 2117 devotione
1722 2077 1773 2133 qua

981 2126 1105 2180 convenit
1118 2125 1262 2181 intendatis
1276 2137 1298 2179 0.

1232 2235 1401 2292 uetsrota
1419 2236 1514 2294 xxiv.

981 2322 1134 2396 liudolphus
1146 2327 1238 2382 iterum
1253 2330 1306 2398 reqi
1320 2327 1486 2384 Francorum
1501 2333 1665 2387 commendat
1679 2349 1773 2389 morro-

1216 2399 1324 2452 sterium
1339 2399 1433 2452 haerere
1454 2399 1539 2454 oollae.

1122 2488 1184 2560 (ila.
1197 2487 1275 2541 Deru.
1292 2488 1370 2553 titt,
1386 2490 1445 2543 eod.
1462 2488 1532 2543 ilud.
1545 2493 1632 2565 ιιιιιι.)

979 2575 1176 2634 decesserunt.
1193 2608 1229 2618 -
1247 2577 1406 2633 Cmuohinm
1433 2579 1655 2636 cisterciensium
1675 2585 1773 2641 durese

1016 2647 1092 2703 vallis
1101 2648 1240 2703 linxembu
1274 2648 1346 2702 ensis
1356 2647 1479 2718 Philippo
1490 2649 1521 2704 ill
1536 2650 1703 2709 Francorum
1716 2656 1771 2725 regi

1016 2717 1113 2771 iterum
1129 2733 1251 2773 commen
1272 2726 1309 2782 at,
1330 2717 1407 2785 juxta
1431 2718 1547 2775 lnrrrranr
1564 2722 1685 2790 priorum
1702 2725 1771 2780 litte·

1015 2803 1106 2841 rarurn
1123 2803 1130 2842 ε
1148 2787 1265 2842 nondum
1276 2788 1348 2842 enim
1360 2789 1541 2860 patrocinium
1557 2791 1665 2847 illorum
1681 2809 1771 2850 susce

1014 2858 1087 2927 pisse
1099 2873 1161 2913 eum
1179 2858 1311 2911 audierat.

1014 2945 1090 3002 Licet
1111 2946 1229 3016 religiosi
1246 2946 1296 3001 riri
1316 2946 1410 3012 abbas,
1426 2954 1454 3003 et
1468 2957 1617 3007 conventus
1634 2962 1770 3009 monaste-

979 3016 1014 3072 rii
1030 3017 1127 3072 hureae
1142 3016 1221 3070 rallis
1237 3016 1288 3071 sub
1299 3016 1480 3086 imperatorie
1497 3021 1641 3089 potestatis
1663 3025 1772 3080 umbra·

979 3086 1040 3141 culo
1051 3088 1167 3142 debeant
1180 3086 1324 3155 respirare,
1337 3088 1401 3156 quia
1418 3096 1507 3144 tamen
1520 3089 1682 3161 plerumque
1693 3095 1772 3149 nohis

978 3156 1006 3211 iu
1024 3165 1128 3212 remoto
1139 3157 1289 3226 agentibus,
1303 3171 1492 3226 perversorum
1512 3159 1611 3214 inlesta
1628 3164 1771 3232 tyrannide

977 3227 1147 3295 quatiuntur,
1163 3242 1277 3296 quorum
1297 3225 1478 3283 calumniosos
1504 3228 1621 3285 insultus
1646 3233 1770 3300 poteritis

978 3295 1148 3368 [poterimus]
1175 3295 1255 3351 laeile
1282 3295 1431 3362 refrenare,
1458 3300 1632 3354 serenitatem
1651 3312 1768 3358 vestram

978 3367 1106 3421 attentius
1116 3366 1241 3421 drrximus
1254 3366 1461 3434 deprecandam,
1475 3377 1608 3436 quatenus
1626 3369 1706 3439 juxta
1720 3389 1769 3427 nn·

978 3445 1095 3491 strarum
1120 3437 1270 3506 patentium
1293 3436 1486 3491 continentiam
1513 3439 1675 3506 litterarum,
1702 3457 1770 3512 quas

978 3506 1059 3577 regim
1072 3505 1225 3560 celsitudini
1237 3506 1303 3559 alias
1317 3504 1327 3543 l
1343 3521 1524 3577 supereorum
1538 3509 1652 3566 tuitione
1671 3513 1770 3567 direxi-

978 3591 1048 3639 mus,
1062 3575 1145 3657 !456
1156 3575 1196 3631 eis
1211 3575 1326 3656 libenter
1337 3584 1365 3630 ct
1380 3577 1494 3647 henigne
1511 3579 1656 3702 dipnemini
1674 3592 1770 3637 restro

977 3649 1152 3718 protectionis
1165 3654 1302 3717 vestrique
1321 3646 1441 3715 presidii
1465 3647 1533 3703 bene
1554 3649 1625 3704 cium
1648 3659 1676 3706 et
1700 3653 1770 3707 sola-

977 3798 1047 3869 epud
1061 3798 1151 3853 varias
1168 3807 1261 3869 gentes
1279 3799 1356 3861 ritus,
1372 3799 1433 3854 iude
1451 3800 1505 3868 peti
1523 3810 1638 3870 oportet.
1657 3800 1768 3860 Interim

976 3882 1009 3924 ex
1028 3867 1154 3923 hocloco
1172 3869 1351 3939 perc'pinrus,
1371 3885 1460 3923 eoram
1478 3871 1645 3941 principibus
1664 3873 1769 3943 imperii

973 3936 1189 4021 jurisdictionem
1201 3939 1360 3994 habentibus
1371 3939 1457 3994 duella
1467 3939 1627 3997 Germanica
1641 3944 1699 3998 lieri
1710 3959 1771 3999 eon·

977 4023 1106 4065 suevrsse.

1012 4077 1139 4133 dbuetto
1163 4078 1280 4143 radiato,
1295 4085 1325 4133 ut
1340 4079 1425 4142 aiunt,
1451 4080 1675 4151 quadragesimus
1700 4083 1768 4149 dies,

976 4157 1168 4221 praeterquam
1190 4150 1216 4202 in
1231 4164 1312 4203 cansa
1328 4149 1475 4213 homicidii,
1500 4157 1556 4204 tum
1576 4153 1647 4206 enim
1674 4155 1770 4209 tertios

977 4235 992 4274 a
1004 4219 1112 4274 donnino
1123 4217 1262 4286 veljudice
1273 4219 1450 4285 indicebatur,
1458 4230 1485 4273 ut
1495 4219 1580 4275 hssfs.
1588 4221 1769 4295 iherosolym.

977 4304 1002 4345 c.
1019 4289 1064 4354 95,
1080 4303 1123 4358 ap.
1148 4289 1267 4370 Ducang.
1283 4287 1360 4355 Quod
1377 4298 1471 4344 sancte
1482 4291 1550 4344 adeo
1560 4293 1691 4347 custodiri
1703 4309 1769 4349 eou-

977 4359 1075 4423 suevit,
1091 4357 1300 4429 utpririlegrum
1318 4359 1389 4414 istud
1405 4360 1553 4415 Leodicnse
1575 4361 1711 4421 singulare
1730 4365 1770 4418 ri·

939 4412 964 4471 Ῑ)
977 4429 1083 4485 deutur.

1014 4497 1189 4568 οΡιὶιιιὴιιιιιι
1201 4498 1269 4554 adeo
1285 4498 1359 4569 pium
1372 4498 1406 4555 de
1421 4512 1451 4553 re
1464 4507 1518 4554 tam
1531 4501 1685 4558 detestabili
1698 4505 1770 4558 serio

976 4570 1138 4632 decrevisse,
1158 4583 1206 4638 pro
1227 4569 1385 4624 Leodiensis
1400 4570 1519 4641 episcopi
1543 4571 1652 4627 decreto
1673 4574 1771 4628 corrbr·

975 4640 1084 4703 mando,
1098 4639 1165 4693 nibil
1180 4638 1288 4692 anirum.
1316 4638 1407 4693 Sancti
1431 4640 1502 4694 enim
1521 4641 1650 4697 holmrici
1665 4645 1771 4698 stabili·

976 4717 1066 4764 menta
1079 4709 1161 4763 etiam
1177 4717 1284 4763 exstant
1299 4723 1380 4790 super
1392 4709 1575 4780 singularibus
1591 4712 1665 4768 hisee
1679 4723 1769 4768 certa·

976 4779 1104 4842 minibus,
1128 4780 1172 4847 qui
1196 4788 1341 4848 caeteroqui
1365 4793 1396 4832 ea
1420 4780 1478 4834 lieri
1502 4781 1641 4849 probibuit
1660 4784 1688 4838 in
1712 4785 1770 4840 suis

976 4850 1057 4904 terris
1075 4848 1216 4911 duntaxat,
1239 4864 1292 4903 nou
1318 4857 1407 4903 autem
1428 4849 1455 4902 in
1477 4851 1557 4904 terris
1579 4852 1768 4908 vassallorum.

975 4919 1127 4984 Damasus,
1139 4919 1311 4987 quantumvis
1327 4919 1504 4985 darrmabiles,
1517 4935 1579 4975 cum
1597 4922 1770 4978 invaluerunt

975 4991 1076 5115 pbique
1102 4997 1235 5043 terrarum
1258 4996 1285 5042 et
1312 4990 1443 5059 gentium,
1464 4989 1625 5057 tolerantur,
1645 4995 1688 5048 sin
1706 5009 1770 5064 pro-

995 5069 1083 5114 antur.

1014 5128 1025 5169 ί
1040 5128 1143 5184 Auctor
1157 5129 1225 5185 Piet.
1241 5129 1334 5183 Austr.
1355 5129 1426 5183 hane
1440 5129 1581 5199 epistolam
1597 5130 1704 5198 suiriieit
1724 5148 1772 5186 su·

975 5200 1068 5270 perias
1080 5200 1166 5255 allate
1179 5202 1233 5270 (ep.
1253 5200 1303 5272 to),
1320 5199 1419 5270 quippe
1430 5215 1491 5269 quor
1504 5200 1645 5255 decadem
1660 5218 1689 5256 re
1702 5203 1769 5272 agit,

975 5278 1070 5340 estque
1092 5269 1210 5339 cjrrsdem
1231 5270 1380 5324 sentcntiae.
1400 5269 1467 5323 Cum
1494 5279 1584 5324 autern
1610 5270 1771 5341 liudolphus

976 5340 1101 5406 latentur,
1113 5355 1142 5396 se
1154 5340 1222 5395 alias
1232 5354 1323 5408 regem
1339 5353 1458 5410 rogasse,
1472 5348 1500 5393 ut
1513 5341 1693 5408 patrocinium
1710 5358 1771 5397 mo-

976 5411 1124 5467 nachorum
1142 5410 1304 5480 susciperet,
1327 5417 1401 5466 certe
1423 5410 1494 5464 bane
1514 5410 1598 5476 eledit,
1624 5420 1769 5481 postquam

976 5480 1085 5536 inutiles
1097 5480 1180 5536 luisse
1191 5481 1296 5550 priores
1309 5481 1422 5549 aceepit.
1438 5477 1469 5532 Ni
1484 5477 1572 5542 labor,
1591 5481 1771 5553 impedimen·

977 5559 1005 5607 to
1017 5549 1114 5615 luerat,
1127 5551 1191 5620 quin
1206 5566 1254 5606 rex
1270 5549 1436 5605 Francorum
1448 5549 1592 5620 builolpho
1604 5564 1709 5607 moreau
1726 5567 1771 5623 ge·

977 5629 1058 5685 reret,
1082 5619 1194 5691 jactatio
1215 5621 1259 5676 illa
1284 5620 1490 5692 privilegiorum
1506 5620 1621 5747 (epoaep
1638 5636 1702 5692 qvae
1722 5638 1768 5679 rer

977 5692 1048 5748 idem
1061 5690 1242 5747 Romanorum
1257 5691 1356 5746 nullius
1365 5690 1471 5747 roboris
1484 5686 1543 5746 lore
1617 5692 1715 5747 ararit.
