3780 6120
127 256 197 315 rous
539 256 994 317 cinanmomum-earn.
1015 258 1060 316 nn
1079 233 1172 316 tnnc.
1193 261 1350 317 -ntnn
1693 267 1762 325 rona

127 371 180 425 uiae
193 370 316 439 partibus
332 377 407 440 gesta
420 379 471 436 cst,
497 370 640 442 synodum.
679 369 761 440 Cujus
778 371 920 440 scripturas
933 378 956 435 Α
971 371 1087 427 secunda
1095 371 1184 441 priore
1194 375 1331 428 destructa
1339 375 1490 445 computari
1501 377 1608 446 debeat,
1616 379 1644 434 in
1652 394 1765 450 sequen

127 470 217 517 textus
229 460 382 531 eloquentia
394 476 529 533 sensuque
537 478 635 518 carens
648 462 682 517 ad
694 478 744 517 uos
758 476 844 531 usque
854 477 918 531 per-
972 464 1053 529 tibus,
1061 480 1121 520 curn
1130 466 1309 536 rescsegurit,
1320 466 1484 537 diligentius,
1493 480 1630 526 annuente
1638 471 1763 538 homino,

126 550 211 606 verrit.
231 549 329 607 Contra
347 551 423 621 cujus
440 567 548 608 errores
565 553 625 608 idco
649 552 768 607 seribere
786 550 919 622 compulsi
970 555 1177 625 disputabimus,
1198 572 1257 626 quar
1280 557 1383 615 scilicet
1396 559 1469 614 baud
1485 574 1564 616 secus
1585 575 1633 617 sex
1655 563 1765 634 synodis

125 658 230 707 sumus,
254 655 283 700 ut
305 645 391 700 sicubi
416 644 487 701 sorte
511 653 557 701 aut
572 661 668 701 manus
686 645 845 711 terrentium,
873 651 921 698 aut
970 645 1543 718 aequiparandmsuntquarnliubenitarum
1557 650 1764 719 etGaditarnm,

125 750 207 791 aures
224 737 390 792 audientium
409 738 551 808 inquinare
572 738 725 803 tentaverit,
747 736 832 793 nostri
857 737 920 807 styli
971 745 998 793 et
1011 738 1130 795 dimidiae
1141 740 1228 796 tribus
1240 740 1362 796 blattasse
1379 742 1466 798 altare
1481 742 1561 798 altari
1575 744 1647 814 quod
1657 760 1708 816 per
1726 746 1765 802 le-

125 826 279 881 diuinarum
287 826 655 898 Scripturarumauctoritate
663 828 760 884 armati
769 828 921 883 invectione
971 828 1126 898 gislatorem
1144 829 1258 885 hennino
1271 828 1385 899 jubente
1404 832 1544 887 conditum
1566 842 1619 900 est,
1643 836 1763 905 equipa-

124 917 263 986 pellatur:
287 927 316 974 et
338 920 464 986 inertem,
482 920 524 974 rel
537 921 627 989 potius
642 920 774 975 inermem
789 919 922 976 Orientali
971 916 1027 971 rari
1047 918 1158 988 potuit:
1176 919 1253 988 cujus
1280 931 1405 977 auctores
1422 921 1561 979 lsraehtlci
1578 923 1659 994 gladii
1689 925 1765 981 luror

125 1007 160 1061 de
171 1016 249 1077 parte
259 1008 411 1064 vendentem
427 1010 531 1066 hostem
541 1009 693 1065 Occiduain
706 1018 784 1079 pnrtc
796 1023 847 1080 per
859 1023 918 1073 nos,
972 1015 1100 1074 vastaret,
1116 1008 1168 1065 nisi
1182 1008 1318 1066 fraternas
1336 1011 1392 1067 iras
1409 1013 1519 1082 supplex
1533 1012 1669 1070 confessio
1685 1015 1764 1070 mista

126 1094 232 1152 lavante
251 1098 315 1162 lleo,
340 1097 421 1152 allata
435 1106 592 1153 sauctorum
606 1099 717 1153 Patrum
735 1095 922 1153 sententiale·
971 1098 1097 1168 precibus
1119 1101 1289 1170 praeveniret.
1322 1100 1377 1156 Nos
1402 1103 1516 1172 deniquo
1541 1103 1615 1159 isaim
1638 1105 1766 1162 vaticinia

125 1186 188 1242 riat.
201 1199 215 1228 ι
234 1188 311 1255 Quod
322 1204 389 1258 opus
411 1189 530 1260 aggressi
554 1203 648 1244 sumus
665 1203 727 1244 cum
748 1187 921 1243 conhibentia
972 1189 1053 1253 docti,
1075 1189 1122 1260 qui
1131 1189 1207 1256 dicit,
1222 1189 1287 1246 llec
1301 1193 1352 1258 oin,
1370 1192 1545 1259 creatuturam
1562 1211 1604 1261 ca,
1621 1212 1673 1250 non
1685 1194 1766 1250 decli·

125 1276 297 1333 sacerdotum
310 1279 339 1333 in
349 1294 455 1350 regnoa
467 1280 521 1335 heo
546 1280 624 1335 uoltis
637 1293 765 1334 concesso
779 1277 922 1333 catholicis
972 1281 1068 1335 notitia
1084 1280 1117 1335 ab
1130 1298 1171 1348 cc,
1184 1298 1265 1354 neque
1279 1283 1313 1336 ed
1327 1284 1461 1338 dexteram
1480 1302 1561 1356 ucqnc
1576 1287 1611 1340 od
1630 1287 1766 1342 sinistrant

123 1370 254 1441 gregibus
267 1370 451 1439 praelatorum,
464 1387 516 1425 non
528 1371 691 1440 arrogantiae
704 1369 859 1441 supercilio,
874 1369 922 1424 sed
972 1368 1041 1440 (lea.
1052 1370 1133 1442 xxr);
1154 1379 1182 1426 et
1191 1372 1311 1430 doctoris
1327 1374 1449 1444 gentium
1468 1376 1652 1446 praedicationi
1670 1379 1765 1436 admo·

124 1460 184 1514 nelo
196 1460 244 1514 bei
256 1470 284 1514 et
294 1459 418 1515 ueritatis
428 1461 531 1516 studio:
553 1462 680 1532 quoniam
700 1461 770 1516 sicut
785 1459 868 1529 justis
894 1469 923 1515 et
972 1460 1033 1526 uiti,
1053 1462 1099 1532 qui
1114 1478 1164 1518 nos
1176 1464 1248 1518 riam
1260 1466 1363 1535 regiam
1379 1474 1471 1522 tenere
1482 1467 1620 1535 instituit,
1636 1470 1767 1543 imagines

123 1543 247 1606 honestis
264 1553 345 1607 rebus
362 1554 496 1609 ruhmrerc
510 1562 644 1620 sanctum,
664 1554 700 1607 ita
720 1553 847 1608 nimirum
862 1568 922 1623 pes·
973 1551 1000 1606 iu
1016 1554 1184 1610 ornamentis
1198 1555 1374 1611 ecclesiarum
1389 1565 1418 1612 ct
1429 1558 1559 1613 anemoria
1574 1574 1664 1614 rerum
1679 1570 1767 1632 gesta-

123 1641 203 1697 simis
212 1651 240 1696 et
250 1643 409 1698 inordinatis
423 1646 503 1699 rebus
514 1643 844 1699 aniurumaccomurodare
857 1657 920 1713 pec·
973 1659 1033 1698 rum
1048 1645 1189 1712 habentes,
1205 1656 1233 1702 et
1245 1646 1333 1702 solum
1345 1647 1429 1702 heum
1442 1649 1587 1705 adorantes
1599 1659 1627 1705 et
1641 1648 1768 1718 cjussau·

123 1743 253 1789 carcest.
288 1733 364 1790 Unde
379 1743 407 1789 et
426 1735 509 1790 David
528 1735 600 1804 quod
620 1734 765 1790 societates
787 1731 919 1787 malorum
937 1728 1024 1791 Betis
1036 1744 1214 1806 opportunam
1229 1737 1431 1793 uenerationem
1453 1734 1620 1804 exhibentes,
1638 1753 1689 1794 noc
1704 1754 1766 1794 cunt

122 1823 234 1895 ingerit,
255 1826 311 1881 Deo
325 1827 402 1895 quasi
416 1843 514 1896 purum
526 1826 690 1882 sacrillcium
705 1825 794 1892 ollert,
806 1841 868 1882 cunr
881 1825 922 1880 di·
973 1828 1026 1882 illis
1039 1826 1199 1899 frangimus,
1218 1844 1269 1884 nec
1286 1844 1348 1884 curn
1376 1830 1436 1885 istis
1449 1832 1605 1898 adoramus,
1625 1832 1673 1909 scd
1694 1830 1767 1886 illius

123 1917 161 1970 cit
174 1933 180 1971 :
194 1914 262 1971 odio
277 1918 356 1972 licini
371 1921 581 1990 congregationes
595 1919 806 1990 rnaliqnontirtm,
823 1927 921 1974 etcum
971 1918 1146 1988 ineptissima
1163 1920 1259 1990 synodi
1271 1921 1445 1991 scripturam,
1467 1936 1527 1990 qum
1552 1937 1606 1977 nou
1620 1921 1707 1978 solurn
1721 1921 1766 1977 illa

122 2006 211 2076 impiis
224 2022 275 2061 noa
287 2008 379 2062 sedebo
393 2007 481 2078 (rtet.
499 2008 583 2080 rari).
601 2009 634 2064 m
645 2008 775 2081 iosaphat
792 2026 840 2065 rex
851 2008 921 2065 luda
971 2007 1107 2064 locutione
1117 2017 1194 2064 caret
1205 2025 1258 2079 qua
1270 2024 1353 2079 parra
1366 2010 1510 2075 subruisse,
1528 2010 1674 2066 mediocria
1695 2019 1766 2066 tern-

121 2108 157 2150 co
182 2097 255 2166 quod
273 2097 428 2154 israeliticis
454 2101 542 2170 gentis
571 2104 690 2171 pessimo
714 2102 771 2174 regi
794 2101 921 2157 amicitiis
971 2107 1075 2169 penate,
1093 2113 1189 2168 magna
1201 2098 1340 2170 granditer
1355 2097 1539 2169 proterantur,
1564 2097 1705 2167 sedetiam
1718 2112 1767 2167 pc·

121 2184 233 2255 junctus
252 2190 297 2256 sit,
327 2191 472 2247 allotnino
490 2203 613 2263 arguitur
636 2209 685 2264 per
707 2194 865 2265 prophetam
877 2191 920 2265 (ll
972 2188 1071 2244 destris
1087 2190 1220 2244 sermonis
1234 2189 1343 2245 modurn
1362 2186 1484 2258 negligit,
1504 2186 1663 2249 abnuentes,
1688 2184 1766 2240 insti·

122 2276 191 2332 Par.
206 2282 273 2352 m).
301 2281 464 2354 Cuntigitur
480 2285 654 2354 ptmsdldrdttt
671 2286 786 2341 duarum
804 2288 921 2357 synodo·
972 2279 1069 2335 ltltotis
1081 2279 1178 2342 nostrl,
1206 2276 1339 2332 sermonis
1354 2273 1633 2339 ridelicetllominici,
1653 2273 1766 2329 ttltrmur

123 2383 185 2422 nuru
204 2371 361 2428 conditores
378 2389 428 2429 nee
441 2375 513 2431 illius
538 2376 681 2446 imperitia
700 2392 853 2433 sermonem
873 2378 922 2434 lra-
971 2372 1031 2428 lieri
1048 2384 1241 2440 usquequaque
1260 2382 1401 2438 sequaces·
1430 2364 1564 2433 Q¹¹⁰¹¹l²¹¹¹
1578 2364 1661 2436 igitur
1679 2372 1707 2420 0¹
1718 2380 1767 2435 ΙΜ-

120 2463 206 2517 beant
216 2478 269 2532 qna
287 2479 317 2519 se
330 2464 475 2535 Apostolus
490 2468 645 2538 imperitum
659 2471 724 2526 dicit
735 2485 861 2527 somnone
874 2470 921 2527 sed
972 2472 1044 2518 trum
1055 2461 1344 2519 anathematizantium
1354 2459 1434 2524 lilios,
1448 2465 1476 2512 ct
1489 2457 1767 2513 liliorumanathema·

120 2565 179 2605 nou
192 2551 316 2619 selentia,
329 2570 381 2610 nec
392 2555 465 2611 illius
475 2557 704 2628 eloquentimcunt
716 2558 830 2630 spiritali
839 2573 921 2615 sensu
972 2554 1115 2609 litantium
1123 2560 1224 2624 patres,
1233 2551 1334 2606 mistim
1347 2551 1373 2605 in
1381 2547 1492 2622 prelata
1506 2548 1609 2620 synodo
1623 2547 1766 2604 hebetudi-

121 2642 250 2711 nitorem,
270 2645 701 2717 dequoexpcrsouasauctorum
714 2649 921 2721 predicatorum
971 2644 1015 2700 uis
1035 2641 1370 2705 conducaturdtscursus
1390 2638 1499 2694 mistam
1517 2637 1660 2707 ullius‘1¹¹⁰
1677 2652 1767 2707 milli·

121 2731 151 2787 in
166 2731 286 2791 Canticis
300 2737 471 2793 canticorum
482 2739 611 2797 Ecclesiae
630 2741 740 2809 dicitur,
764 2741 921 2800 llarcnulat
972 2738 1129 2794 hensioncm
1149 2743 1249 2798 noster,
1273 2732 1380 2788 favente
1400 2731 1524 2796 Dvllll¹¹02
1544 2730 1649 2802 digesti
1670 2729 1767 2802 Slilub

120 2839 219 2879 aereos
233 2826 362 2896 sociemur
388 2829 635 2886 silicernticrtlotoc
651 2842 761 2904 argento
776 2831 866 2905 (Cant.
882 2832 920 2904 tl:
970 2828 1040 2885 nihil
1051 2827 1242 2891 indiscussum,
1257 2823 1325 2880 nihil
1348 2824 1490 2888 intactum,
1509 2822 1578 2877 nihil
1599 2822 1700 2878 silentii
1721 2837 1769 2877 ca·

121 2914 223 2969 rtriruut
237 2918 359 2973 ducimus
372 2935 422 2975 cur
433 2928 514 2976 tantm
525 2922 653 2977 rauitatis
667 2932 749 2978 vento
762 2921 920 2990 iullatisint,
971 2919 1062 2975 vernis
1083 2917 1240 2972 obstrusum
1265 2913 1443 2986 preteriens:
1464 2912 1516 2968 nisi
1539 2912 1609 2969 sorte
1629 2913 1702 2982 quod
1720 2925 1768 2968 aut

120 3012 212 3061 utras
227 3010 378 3065 uunsmtnn
396 3012 502 3083 agitare
519 3015 751 3085 presumpserint,
767 3014 815 3070 sed
838 3015 921 3071 etiam
971 3008 1115 3067 dillicultas
1146 3006 1294 3063 inordinati
1324 3005 1458 3061 sermonis
1494 3014 1588 3062 uestro
1618 3006 1767 3063 intellectui

121 3112 172 3153 sex
185 3102 384 3159 venerabilibus
400 3106 511 3179 synodis
534 3106 713 3165 adnumerare
735 3109 826 3164 conati
848 3106 919 3163 sint:
932 3105 957 3170 c
972 3101 1113 3174 impertire
1140 3091 1298 3170 negaverit,
1325 3106 1372 3152 aut
1394 3096 1506 3168 puerilis
1533 3096 1598 3152 dicti
1627 3097 1767 3167 ineptiam,

121 3205 238 3261 quarum
254 3204 350 3250 neutra
361 3199 496 3266 quomodo
512 3214 564 3254 uon
573 3201 686 3270 septima
698 3209 760 3271 post
769 3199 918 3267 Nicunrm,
970 3195 1122 3253 reverentia
1140 3194 1294 3259 cohibente,
1312 3201 1406 3247 noster
1424 3205 1515 3246 sermo
1531 3189 1657 3260 persequi
1674 3190 1769 3260 despe-

121 3282 171 3338 scd
187 3292 233 3338 aut
248 3286 338 3350 tertia,
356 3291 448 3358 priore
460 3299 568 3345 servata
579 3300 640 3363 post
650 3292 860 3358 Ariminensem,
873 3299 921 3348 aut
970 3289 1054 3344 xerit.

160 3429 174 3458 ι
190 3417 269 3485 Quod
286 3437 351 3492 opus
367 3426 482 3495 aggressi
494 3443 585 3481 summ
599 3444 656 3481 cam
670 3427 817 3483 collidentia
831 3445 920 3483 socer·
970 3424 1074 3481 clausio
1093 3423 1235 3480 oculorum
1261 3423 1349 3493 signat
1371 3436 1528 3487 assensum,
1549 3421 1610 3503 ideo
1630 3421 1770 3503 conbibere

121 3486 224 3542 dotant.
240 3490 396 3557 Eruertdari,
410 3497 584 3561 conhibentia,
595 3500 667 3565 quod
678 3512 776 3553 nomeu
789 3507 830 3553 cst
841 3497 920 3567 hujus
970 3496 1081 3565 ponitur
1099 3508 1149 3564 pro
1166 3493 1303 3559 assentire,
1325 3492 1444 3559 obedien
1467 3498 1494 3547 et
1511 3499 1576 3546 tuno
1592 3491 1654 3546 tude
1671 3491 1766 3548 ducitur

122 3559 183 3612 reri.
202 3559 262 3615 tib,
277 3577 318 3624 ur,
331 3578 390 3634 erp.
404 3565 433 3617 ll
450 3583 456 3618 :
474 3585 484 3615 r
503 3567 558 3621 Nec
574 3569 705 3639 synodum
719 3569 754 3623 ob
767 3569 919 3623 adorandas
971 3565 1155 3621 conhibentia.
1171 3585 1181 3616 ι
1213 3563 1339 3633 lit-paulo
1352 3571 1413 3630 post
1428 3579 1435 3616 :
1452 3579 1463 3612 t
1484 3560 1672 3625 conhibentia,
1688 3562 1770 3617 idest

122 3627 255 3699 itttagiues
273 3634 332 3685 sine
347 3635 518 3691 conhibentia
533 3636 709 3707 plurimarum
725 3637 920 3694 catholicarum
971 3651 1117 3697 assensus,
1141 3634 1213 3689 idern
1230 3641 1258 3687 ct
1278 3632 1467 3713 convenientia
1485 3640 1513 3713 et
1531 3631 1697 3714 collibentiu.
1717 3631 1768 3712 Ut:

122 3713 151 3754 et
166 3700 222 3756 beo
239 3702 357 3757 lidelium
377 3704 559 3761 Ecclesiarunr
579 3708 758 3763 universalem
778 3709 920 3765 nominare
970 3705 1017 3762 lllc
1036 3706 1095 3761 siue
1116 3703 1270 3760 cohibentia
1294 3703 1336 3758 rel
1357 3709 1529 3757 courut'enha
1549 3702 1592 3757 rel
1614 3701 1768 3757 collubetttta

122 3780 260 3825 curarent.
279 3795 288 3822 t
309 3775 386 3841 Quoi
400 3774 447 3831 lib.
466 3793 502 3841 rr,
519 3793 579 3849 cap.
595 3778 640 3844 25,
654 3780 691 3835 ita
710 3780 918 3850 interpretatur:
972 3777 1087 3832 fratrum
1100 3774 1223 3839 recessit,
1237 3771 1518 3829 idestsineassensu.
1535 3791 1544 3825 a
1570 3770 1659 3826 innuit
1675 3778 1769 3840 aperte

125 3858 135 3890 r
161 3840 212 3906 ttut
235 3843 336 3912 absque
357 3848 582 3902 consacerdotum
608 3864 657 3919 per
680 3850 802 3914 diversas
827 3850 919 3905 mundi
971 3848 1105 3902 variatum
1123 3842 1247 3912 inhujus
1267 3843 1386 3900 nominis
1407 3843 1553 3910 scriptura.
1579 3841 1721 3912 Egoputo,
1741 3850 1769 3896 et

122 3918 214 3980 partes
239 3916 448 3970 constitutorum
473 3933 616 3984 consensu,
640 3931 692 3974 ete.
711 3941 721 3972 r
748 3920 849 3974 Balbus
875 3917 921 3974 Ja-
971 3933 1067 3973 rermn
1079 3923 1131 3980 est,
1144 3922 1299 3996 corruptam
1314 3914 1384 3994 hanc
1396 3927 1489 3994 rocem
1506 3926 1519 3966 a
1534 3912 1660 3967 barbaris
1675 3919 1701 3967 et
1717 3911 1768 3967 int·

123 3983 234 4037 nucnsis
255 3983 394 4040 Catholieo
419 4001 427 4041 r
452 3986 616 4044 Coutrihco:
642 3990 724 4045 buteo
749 3989 921 4059 componitur
1008 3989 1068 4043 ritis
1078 3985 1218 4042 monacbis
1225 3999 1281 4055 qam
1293 3982 1382 4039 Caroli
1396 3982 1484 4052 llagnr
1499 3997 1567 4047 mro,
1581 3995 1621 4062 ca·
1632 3996 1674 4049 ca,
1686 3996 1768 4051 quam

122 4063 183 4104 com
203 4069 270 4117 con,
291 4062 317 4108 et
337 4056 435 4112 retinet
451 4075 481 4117 n.
501 4074 562 4127 quae
579 4059 701 4115 artior-tur
720 4062 748 4115 in
766 4060 872 4114 colubro
893 4069 920 4117 et
997 4060 1069 4113 atine
1083 4055 1237 4127 exprimere
1252 4051 1575 4135 dehebantcollabcntig,
1599 4066 1657 4106 stre
1677 4051 1766 4107 coartat·

123 4119 223 4176 dicitur
250 4125 397 4191 conhibere,
421 4128 449 4183 id
471 4138 527 4195 cst,
549 4131 642 4185 oculos
664 4130 800 4196 claudere,
815 4139 842 4186 ct
859 4132 922 4201 quia
975 4130 1074 4186 lentio.
1094 4125 1195 4182 iactus
1217 4125 1309 4196 lapsus
1326 4125 1354 4178 in
1369 4121 1500 4178 alllnrtatc
1513 4121 1677 4177 litterarum.

131 4270 1458 4302 ,Μὴ-Μ

758 4392 909 4472 LIBER
929 4393 1139 4472 PRIMUS.

800 4557 1089 4575 Μ

382 4650 496 4709 cnrdr
514 4652 660 4711 Pltlllllll.
935 4662 960 4722 1)
972 4658 1037 4714 dere
1049 4674 1065 4713 a
1079 4677 1133 4730 qno
1145 4676 1175 4717 se
1188 4663 1332 4718 exaltando
1353 4663 1517 4719 noscebatur
1540 4662 1720 4719 descendere:
1739 4670 1769 4717 ct

126 4763 161 4820 De
174 4781 205 4820 co
220 4764 290 4836 qnod
304 4761 493 4820 Cotrstnrrtintts
511 4775 535 4821 et
562 4764 677 4822 ttnrena
699 4768 729 4824 itt
745 4768 800 4821 tuis
815 4770 920 4839 scriptia
971 4760 1073 4820 l¹¹³¹¹¹0
1084 4766 1112 4806 ⁸²
1124 4753 1402 4821 imilffllellllfflmlb
1414 4752 1672 4822 ‘⁸⁰¹⁰flssllll015ffl2
1686 4751 1765 4809 0⁰³¹&

192 4835 293 4899 dicunt,
307 4833 360 4890 Per
376 4850 438 4890 curn
451 4836 497 4907 qui
508 4846 658 4907 conregnat
670 4837 748 4893 nobis
765 4838 845 4893 licus.
971 4843 1039 4901 Cum
1052 4859 1117 4916 ergo
1131 4852 1254 4900 nostrum
1266 4859 1327 4900 esse
1339 4851 1443 4901 mutum
1463 4844 1544 4900 distet
1557 4858 1572 4897 a
1584 4843 1633 4897 Ilei
1650 4858 1720 4908 esse,
1739 4849 1768 4898 et

157 4927 321 4999 Plerumque
334 4928 450 4983 humana
467 4928 601 4999 fragilitas
619 4944 676 4985 sum
693 4928 920 5000 impossibilitatis
971 4944 1093 4990 nostrum
1109 4934 1200 4990 rivere
1222 4935 1257 4990 ab
1274 4933 1332 5004 ejus
1343 4935 1443 4998 virere,
1468 4943 1497 4989 et
1517 4940 1640 4987 nostmm
1656 4946 1769 5002 regnare

127 5027 211 5076 metas
221 5020 337 5083 excedit,
365 5029 393 5075 et
408 5030 510 5091 quanto
521 5036 550 5077 so
566 5021 727 5092 ultraquam
739 5022 819 5078 debet
832 5024 919 5077 extol·
971 5027 1006 5082 ab
1017 5024 1077 5094 ejus
1085 5042 1209 5097 regnare,
1225 5025 1338 5083 dolenda
1350 5026 1440 5096 potius
1455 5040 1537 5094 quam
1553 5023 1712 5079 admiranda
1726 5030 1767 5078 est

127 5108 165 5174 tit,
178 5120 256 5168 tanto
264 5113 299 5168 ab
309 5128 342 5168 eo
352 5114 398 5184 qni
412 5116 439 5169 ln
454 5113 517 5170 altis
532 5115 646 5180 habitat,
668 5123 693 5171 ct
708 5115 821 5170 humilia
834 5114 920 5185 respi·
972 5118 1079 5173 illorum
1091 5119 1281 5189 vecordiaqui,
1294 5119 1365 5174 inter·
1374 5126 1472 5174 caetera
1485 5132 1545 5188 quae
1561 5117 1613 5172 sibi
1622 5116 1769 5173 indiscrete

127 5200 161 5256 cit
172 5203 198 5258 in
210 5203 281 5259 ctnlo
293 5211 321 5258 et
338 5204 365 5258 in
380 5212 463 5270 terra,
482 5206 599 5262 recedit:
620 5214 775 5276 quantoque
798 5206 832 5261 ad
856 5221 920 5261 eum
972 5218 1115 5279 usurpant,
1130 5210 1216 5265 Deum
1229 5210 1281 5266 sibi
1296 5225 1464 5281 conregnare
1477 5209 1560 5264 etiam
1572 5207 1676 5263 dicuut-
1694 5206 1769 5264 lllltts

127 5294 170 5363 qui
186 5295 310 5351 excelsus
320 5311 402 5367 super
416 5307 615 5369 omnesgentcs
627 5307 688 5366 cst,
708 5313 757 5369 per
769 5298 922 5353 sulrliurita-
972 5301 1046 5355 enirn
1070 5314 1140 5366 esse,
1158 5314 1219 5356 csse
1235 5309 1341 5357 tautum
1368 5300 1459 5356 norit:
1485 5298 1569 5355 inisse
1595 5298 1633 5353 rel
1648 5297 1768 5355 loturum

128 5392 179 5442 tem
194 5389 412 5459 appropinquare
422 5399 554 5456 conatur,
573 5398 650 5445 tauto
661 5391 696 5446 ab
714 5404 746 5445 eo
758 5404 920 5461 propensius
972 5405 1043 5457 csse,
1059 5405 1113 5446 uon
1123 5391 1207 5446 novit.
1233 5390 1382 5447 lionhabct
1392 5391 1464 5447 enirn
1479 5397 1585 5461 partem
1597 5389 1768 5457 eternitatis,

119 5478 274 5553 ‘elongatum
294 5480 393 5549 orest
407 5484 515 5539 modurn
526 5498 582 5540 suro
591 5484 753 5540 conditionis
768 5500 821 5540 nou
834 5483 921 5555 negli·
975 5498 1056 5554 quam
1068 5497 1118 5538 uos
1130 5491 1236 5554 tempus
1246 5481 1369 5548 dicimus,
1382 5488 1411 5537 et
1423 5482 1450 5536 in
1461 5496 1590 5554 presens,
1600 5481 1769 5553 praetentum

127 5588 179 5648 gat,
195 5580 366 5650 etsupcriora
377 5589 469 5650 potere
483 5581 581 5647 tullens,
588 5580 622 5637 ad
632 5580 776 5637 humiliora
788 5581 920 5637 sederota
973 5584 1002 5632 ct
1017 5572 1137 5631 futurum
1152 5574 1306 5638 dividimus,
1327 5573 1375 5630 sed
1390 5573 1474 5630 totius
1488 5572 1650 5630 aeternitatis
1671 5572 1699 5629 iu
1712 5586 1770 5628 cum

129 5681 214 5731 mente
228 5672 381 5743 submittat,
399 5675 499 5740 poterit
510 5690 538 5732 sc
557 5674 711 5732 inclinando
733 5689 766 5732 co
789 5688 925 5755 consccn3
927 5669 1097 5756 '’casantia
1104 5666 1376 5727 incommutabilitate
1386 5665 1570 5737 integritatem
1581 5666 1694 5731 habeas.
1708 5677 1770 5722 esso
