3780 6120
273 622 280 633 ‚
465 486 552 600 a.
589 485 932 600 eunoun
967 489 1279 605 monn

771 698 1007 760 tutantuottts

353 889 723 1052 conteis
792 889 1411 1051 DlPLOMATlCl

1268 1140 1274 1167 l

652 1178 845 1254 SEOTIO
877 1180 1100 1259 TERTIA.

117 1375 572 1493 MONUMENTA
614 1380 1137 1495 DOMINATIONIS
1182 1381 1646 1525 PONTlFlClAE,

839 1602 916 1660 stvh

495 1779 756 1910 cobbx
801 1779 1273 1923 CAROLINUS.

701 2088 786 2147 (Juxta
799 2087 883 2139 Ceuuii
896 2085 1053 2139 edittoooma

675 2220 1108 2258 W

620 2349 824 2466 cotstoto
860 2347 1148 2447 habitatoris.

579 2664 786 2707 nulnhdrlssttto
804 2665 837 2705 AC
856 2663 1084 2706 unwannotssuto
1100 2665 1200 2706 ΒΟΙΙΝΟ

479 2797 527 2872 D.
570 2791 892 2872 DOMINICO
928 2791 1282 2875 Passlotttto

62 2982 89 3026 8.
112 2981 144 3022 R·
167 2982 198 3023 ll·
217 2975 369 3022 nunsula.
392 2973 508 3017 CARDD·
531 2968 640 3014 atttottt
660 2967 767 3011 '1'1'1’.8·
784 2964 955 3009 haualsttntt
977 2965 1010 3011 itt
1030 2967 1157 3025 Luctare,
1179 2970 1267 3016 suuis
1288 2971 1398 3018 [POST.
1421 2960 1701 3043 oiouontttoctnto,

534 3046 646 3094 SUMHO
666 3043 828 3091 nonatum!
850 3046 868 3089 Δ
891 3043 1035 3092 unctus
1055 3046 1222 3094 nnevttstts.

982 3122 995 3145 Ο

99 3303 283 3360 llomanorum
300 3293 460 3366 pontillcum
474 3291 572 3347 littere
587 3287 623 3345 ad
635 3287 802 3345 Francorum
819 3303 898 3361 reges
912 3287 1055 3359 Pippinum
1074 3292 1102 3341 et
1121 3287 1247 3346 carolum
1265 3290 1392 3362 hlagnum
1412 3291 1445 3348 dc
1465 3293 1592 3350 maximis
1612 3297 1702 3356 inere-

63 3373 162 3431 mcrrtis
178 3383 240 3439 qua
256 3365 412 3436 apostolicae
430 3363 502 3419 sedis
520 3359 668 3417 dominatui
691 3375 741 3431 per
763 3360 873 3416 cosdem
896 3371 1046 3423 accessere,
1070 3365 1098 3410 et
1122 3356 1256 3429 liudolphi
1279 3362 1350 3432 rogis
1373 3358 1557 3419 Romanorum
1581 3368 1702 3437 epistolar

62 3447 97 3502 do
114 3437 289 3510 imperatoria
306 3435 449 3505 maiestate
464 3431 632 3499 Romanique
650 3429 757 3500 imperii
774 3428 918 3500 praecipuis
935 3428 1026 3491 rebus,
1045 3427 1152 3483 demum
1172 3429 1318 3500 aliquando
1353 3431 1469 3488 redeunt
1485 3434 1511 3488 in
1532 3432 1629 3503 lucem,
1650 3440 1702 3496 bo

63 3521 334 3570 annumerabimus
357 3515 571 3563 eummrrssmu,
592 3509 618 3555 te
636 3509 783 3564 assertore,
807 3509 835 3556 te
856 3506 982 3568 patrono.
1005 3497 1067 3551 lllus
1089 3497 1198 3566 quidem
1218 3501 1253 3557 ab
1275 3447 1403 3557 Eccfesire
1423 3502 1568 3558 Annalium
1591 3518 1704 3576 parente

63 3584 157 3639 ntroin
168 3590 278 3646 tamque
291 3574 422 3631 inutiliter
433 3572 600 3641 conquisitas
610 3567 824 3639 Gretseruspost
834 3567 894 3637 ejus
904 3575 1020 3624 mortem
1036 3567 1138 3648 emisit.
1152 3569 1225 3637 Quas
1235 3586 1299 3627 vcro
1311 3570 1418 3627 emisitl
1432 3588 1530 3644 nempe
1549 3579 1702 3648 exscriptus

63 3653 241 3723 negligenter,
256 3648 370 3702 licenter
382 3644 548 3705 emendatas,
563 3640 743 3709 inopportune
754 3649 886 3709 enitentes,
900 3654 955 3694 uno
971 3638 1053 3693 verbo
1068 3637 1136 3692 altas
1153 3640 1187 3696 ab
1203 3642 1372 3714 autographo
1391 3641 1601 3712 vindobonensi,
1615 3648 1701 3707 sicea

63 3723 162 3779 Codice
182 3717 229 3773 illo
245 3716 370 3786 genuino,
390 3714 436 3784 qui
453 3713 488 3767 ab
506 3719 618 3765 auctore
633 3707 732 3764 Cannio
749 3708 845 3779 llagno
865 3722 963 3763 nomen
986 3715 1136 3772 mutuatus,
1150 3706 1293 3768 Carolinus
1313 3722 1493 3782 rtuneupatur.
1520 3713 1701 3782 Quamobrem

63 3790 224 3848 Lanthccius
235 3786 344 3842 easdem
356 3783 521 3854 improbatas
532 3795 564 3835 ae
575 3777 759 3834 semirefectas
770 3778 907 3835 oorrtmisit
917 3777 1001 3848 prelo,
1014 3779 1120 3831 tametsi
1132 3778 1218 3833 labori
1232 3781 1394 3836 immortuus
1407 3798 1460 3837 non
1473 3782 1601 3852 vtrlgat'it.
1610 3787 1702 3845 Tertio

63 3864 171 3917 dentum
188 3873 223 3913 ex
239 3855 404 3926 autographo
421 3860 557 3922 exceptas,
576 3848 750 3918 numerisque
764 3849 891 3905 omnibus
908 3847 1055 3911 abnuimus,
1074 3861 1090 3900 a
1107 3847 1254 3910 Gentiloto,
1272 3850 1318 3918 qui
1336 3850 1474 3906 Lanrbeeii
1494 3868 1588 3911 curam
1611 3860 1702 3916 mitius

63 3940 187 3987 enacmin
200 3925 384 3997 deprehendit,
398 3921 532 3977 Felicitati
545 3930 598 3976 tuae
630 3927 719 3973 aratas
733 3917 816 3975 luisse
827 3916 998 3974 crediderim.
1023 3915 1091 3972 Cum
1107 3916 1181 3971 eninr
1199 3917 1259 3983 tibi,
1276 3918 1336 3975 aliis
1350 3934 1401 3990 pro
1412 3929 1506 3977 saneta
1524 3925 1589 3980 sede
1605 3941 1701 3984 mune-

64 3991 145 4056 riirus
154 3998 265 4068 gloriose
277 3994 428 4065 perfuncto,
443 3992 542 4062 legatio
554 3989 589 4043 ad
621 4003 734 4043 nearent
747 3990 854 4045 decreta
865 3985 925 4051 luit,
941 3993 1083 4057 postquam
1102 3985 1255 4043 Gerttilotus
1271 3989 1375 4045 obierat
1391 4004 1545 4060 supremum
1564 3994 1645 4061 diem,
1658 4007 1699 4064 tu,

66 4081 269 4125 eurncsrtsstue
288 4078 455 4126 ctnnrntuts,
471 4061 517 4130 qui
531 4059 594 4115 alibi
612 4057 685 4113 viros
699 4059 837 4140 principes
853 4057 1038 4139 litteratusque
1055 4070 1150 4113 omnes
1160 4057 1302 4127 'preclaris
1318 4059 1419 4115 excelsi
1436 4060 1519 4115 animi
1534 4063 1573 4117 tui
1592 4065 1701 4124 dotibus

64 4142 114 4196 tibi
131 4138 299 4199 devinxeras,
315 4135 426 4190 Viennae
439 4132 554 4203 gratiam
566 4127 682 4184 oasam
698 4128 793 4184 miisti.
823 4127 913 4195 Quare
928 4141 1050 4182 omniunt
1066 4127 1191 4183 ordinum
1204 4137 1326 4199 augustae
1344 4129 1416 4186 illius
1432 4131 1504 4186 sedis
1517 4130 1701 4193 familiaritate

63 4221 153 4271 utens,
165 4223 219 4261 non
230 4206 310 4260 modo
319 4213 431 4258 eventus
443 4214 537 4258 omnes
550 4198 667 4254 Carolini
680 4197 787 4254 Codicis
797 4198 911 4263 discere,
922 4197 969 4253 sed
981 4197 1117 4253 Lambceii
1131 4206 1158 4254 et
1168 4197 1298 4255 Gentiloti
1309 4209 1423 4256 conatus
1434 4200 1548 4259 solerter
1560 4207 1702 4275 expedites

67 4278 207 4347 corasequi,
233 4275 305 4344 qood
333 4287 398 4328 sane
421 4286 548 4343 magnum
571 4285 603 4324 ae
626 4268 761 4338 singulare
784 4276 841 4334 est,
906 4267 989 4324 luisti.
1014 4266 1148 4338 Rudolphi
1171 4284 1237 4325 tero
1264 4270 1393 4339 epistolas
1415 4287 1431 4326 a
1456 4271 1581 4344 Scylrido
1604 4276 1701 4334 abbate

63 4346 242 4418 chytalensi
262 4343 397 4406 collectas,
416 4339 561 4398 lambecio
580 4339 770 4408 incompertos,
794 4339 829 4395 ab
852 4338 914 4394 aiis
939 4347 1042 4393 temere
1063 4347 1173 4394 uocatas
1195 4340 1224 4394 in
1245 4339 1367 4406 dubium,
1393 4350 1461 4409 tute,
1485 4343 1513 4397 in
1541 4349 1702 4405 monasterii

63 4416 257 4488 chytalensis
276 4413 419 4470 Tabulario
437 4412 617 4481 deprehensas
634 4424 793 4479 summaque
810 4424 872 4465 curn
891 4407 944 4463 tide
961 4408 1112 4478 descriptas
1130 4410 1233 4465 Vienna
1258 4411 1286 4464 ln
1312 4411 1411 4467 llrbcm
1435 4413 1521 4468 redux
1546 4422 1634 4469 tecum
1659 4429 1701 4471 at-

63 4490 161 4545 tulisti.
189 4487 338 4554 Utrumque
360 4492 449 4538 autem
474 4483 602 4543 codicem,
627 4489 655 4535 ct
677 4480 833 4535 Carolinum
852 4477 929 4548 juxta
953 4493 1045 4533 veram
1069 4480 1227 4550 autographi
1251 4480 1469 4540 ilirrdobonensis
1494 4483 1646 4548 lectionem,
1673 4498 1701 4542 ct

63 4558 264 4627 lludmphiuunr
289 4555 429 4617 inteditum,
449 4553 552 4622 insigne
571 4551 672 4605 amoris
691 4551 728 4604 tui
747 4565 777 4605 er
795 4566 811 4604 a
829 4549 977 4605 Romanam
996 4548 1143 4604 Ecclesiam
1163 4561 1376 4617 monumentum,
1397 4555 1442 4608 uin
1460 4552 1585 4622 Romam,
1603 4555 1637 4609 ad
1657 4574 1701 4612 re-

63 4645 125 4684 rurn
143 4626 272 4697 praeclare
290 4632 426 4696 gestarunt
444 4622 595 4691 praemium,
615 4629 742 4676 euocatus
760 4566 899 4685 edidisses,
919 4620 971 4675 nisi
990 4620 1266 4701 assiduis-ministerii
1285 4624 1508 4692 occttpatiunibus
1526 4640 1629 4697 magnae
1644 4634 1699 4683 tuac

65 4697 236 4767 otgitationis
254 4706 317 4750 vota
335 4694 464 4750 distinere
482 4692 516 4747 ad
534 4692 607 4746 burro
624 4706 710 4760 usque
727 4692 799 4747 diem
817 4700 926 4747 coactus
943 4704 1027 4745 esses.
1042 4689 1117 4746 Nosti
1146 4692 1217 4745 enim
1240 4691 1353 4761 optime,
1376 4693 1480 4750 duobus
1507 4695 1583 4750 hisce
1606 4697 1699 4752 cardi·

67 4768 145 4822 nilrus
164 4765 291 4822 l'aclesiao
310 4766 461 4820 dominatus
474 4764 514 4818 ori
536 4763 621 4827 inern,
642 4763 822 4827 incrementa,
842 4760 1057 4832 perennitatem
1076 4768 1232 4831 certamque
1250 4763 1383 4827 indolem,
1403 4780 1435 4818 ac
1452 4763 1520 4818 fines
1537 4774 1626 4822 certos
1643 4766 1700 4823 llo-

66 4839 138 4893 mani
156 4836 261 4907 imperii
278 4835 394 4899 versari;
425 4834 495 4890 nosti
516 4778 578 4896 Rue,
596 4831 680 4886 ueluti
699 4832 732 4886 ad
747 4831 861 4902 Lydium
878 4830 1008 4900 lapidem,
1031 4832 1172 4899 opiniones
1196 4832 1473 4904 lrallucinationcsque
1493 4835 1607 4890 aliorum
1630 4836 1699 4893 alias

66 4909 203 4962 admotum
220 4905 253 4959 iri
269 4905 444 4960 :acdeorum
464 4903 544 4967 nosti,
561 4913 587 4958 te
601 4901 729 4956 Romana,
748 4901 874 4958 Ecclesia
891 4904 1011 4970 adeoque
1028 4902 1100 4958 beati
1120 4902 1192 4957 Petri
1211 4917 1398 4959 suceessorum
1416 4904 1628 4960 dominationem
1652 4923 1699 4961 sn-

66 4992 186 5047 premam
205 4973 298 5030 llonraa
314 4976 472 5045 ceterisque
493 4975 521 5029 in
540 4974 597 5028 suis
615 4972 772 5037 ditionibus,
792 4974 826 5028 ab
843 4973 900 5042 ipsa
917 4971 1032 5041 origine,
1052 4974 1123 5042 quod
1142 4973 1273 5029 batonim
1297 4989 1349 5030 non
1369 4976 1466 5045 potnit,
1490 4984 1566 5030 extra
1588 4991 1698 5032 omnem

67 5047 154 5101 aleam
173 5047 332 5116 positurum.
353 5047 390 5100 Ea
408 5055 518 5116 propter
536 5060 587 5107 rue,
608 5043 686 5112 quasi
704 5043 808 5098 socium
827 5041 927 5098 lrtboris
945 5041 1072 5098 adbibere
1091 5059 1144 5098 non
1164 5044 1332 5113 dedignatus,
1353 5054 1382 5099 nt
1401 5045 1454 5100 tale
1472 5053 1630 5116 tantumque
1648 5049 1698 5101 ob-

66 5117 189 5186 sequium
209 5125 308 5171 saincte
336 5117 392 5171 sedi
420 5132 472 5170 uua
497 5124 584 5169 tecum
607 5120 764 5182 praestarem
784 5113 902 5167 uoluisti.
928 5112 983 5182 Ego
1001 5128 1066 5167 vero
1084 5113 1250 5170 admirabilis
1269 5124 1321 5170 tuae
1341 5115 1440 5169 mentis
1456 5116 1582 5184 presidio
1599 5116 1695 5182 lullus,

66 5197 197 5258 praeterea
212 5186 289 5252 copia
307 5187 525 5241 documentorum
544 5199 578 5239 cx
596 5182 771 5239 celeberrima
790 5191 835 5237 tua
851 5183 1012 5239 bibliotheca
1027 5184 1156 5249 nunnitus,
1173 5200 1268 5255 magna
1287 5201 1349 5240 cum
1366 5185 1506 5241 alacritate
1519 5200 1568 5254 per
1585 5195 1697 5242 sentcn-

66 5261 165 5313 tiatnm
181 5264 208 5308 ct
226 5270 317 5309 rerum
334 5257 484 5311 barbariem
504 5253 768 5323 alulittrpontilrcum
782 5262 809 5307 ct
829 5268 921 5322 rogum
935 5254 1082 5323 penetralia
1100 5254 1247 5323 ingressus,
1263 5256 1362 5310 nudam
1375 5255 1590 5312 indemnitatem
1603 5255 1695 5320 elicui,

65 5328 139 5382 unde
157 5325 252 5380 eruditi
273 5334 424 5381 nostrorum
441 5335 593 5395 temporum
610 5326 767 5393 scriptores,
789 5323 936 5378 inollieiosa
954 5322 1073 5379 Grctseri
1089 5322 1208 5379 editione
1228 5324 1298 5390 laeti,
1321 5335 1374 5381 tam
1392 5325 1475 5381 multa
1492 5340 1526 5378 en
1546 5340 1627 5379 seusu
1645 5340 1697 5381 suo

63 5399 223 5466 depromere
241 5410 294 5449 non
320 5405 381 5448 surtt
402 5397 491 5452 veriti.
516 5397 622 5462 Quarrta
642 5394 705 5449 ltine
727 5393 856 5457 accessio,
875 5408 1077 5449 suranarrsstun
1095 5409 1260 5459 cannrmms,
1277 5396 1392 5467 egregiis
1407 5395 1460 5450 tuis
1478 5395 1601 5450 laudibus
1625 5394 1697 5452 tett

63 5467 155 5524 Fallax
177 5465 284 5534 quidem
304 5474 378 5519 certc
395 5480 446 5522 iton
462 5467 510 5520 soit
525 5466 654 5535 praeclara
673 5464 717 5518 illa
732 5465 764 5519 de
781 5472 807 5518 te
819 5463 919 5533 opinio,
934 5481 995 5519 cunt
1009 5463 1105 5525 Gallia,
1126 5465 1254 5533 llclgiunt,
1272 5465 1411 5521 llolranstin
1423 5463 1560 5519 nullodum
1584 5466 1696 5536 publico

61 5546 165 5596 sartctrc
187 5535 258 5590 sedis
280 5549 391 5589 ttruncrc
409 5534 561 5607 lirogcrrtern
585 5550 749 5604 snspcxcnc;
771 5551 833 5589 curu
848 5536 972 5591 doctores
986 5533 1125 5589 Sorbonici
1145 5536 1250 5604 virique
1278 5536 1436 5590 illustriores
1454 5549 1469 5589 o
1487 5538 1698 5607 congregatione

61 5608 150 5667 sancti
172 5606 267 5671 llauri,
288 5620 320 5660 ac
340 5605 471 5672 procellis
491 5606 659 5664 llabillonius
679 5615 705 5661 ct
725 5604 955 5674 llontclalcozxius,
971 5607 1109 5663 llorentcm
1128 5614 1234 5660 atatem
1256 5613 1329 5661 tuam
1342 5605 1562 5673 admirabantur;
1579 5623 1699 5680 cumque

185 5721 324 5782 Parnon.
348 5715 489 5778 xcvut.
814 5751 821 5784 e
1369 5714 1372 5718 ’
1458 5717 1474 5777 1

34 5928 152 6092 Μὰ
