3780 6120
775 699 1010 761 maculamus

356 890 727 1053 cubicis
795 890 1414 1054 DIPLOMATICI

1272 1141 1278 1167 l

655 1178 848 1255 sbcl'lo
880 1181 1104 1260 TERTIA.

120 1377 575 1496 MONUMENTA
617 1381 1140 1496 DOMINATIONIS
1185 1382 1650 1526 Poullbtcln,

842 1604 920 1662 stvb

498 1781 759 1913 cobux
804 1781 1276 1925 CAROLINUS.

705 2090 790 2149 (lustr
802 2090 887 2141 Cenrrii
900 2087 1056 2140 mittnrena

678 2223 1112 2260 nuum-

624 2352 828 2468 epistota
864 2324 1151 2452 tensanus.

582 2667 790 2710 autbedrtssltto
808 2667 841 2708 lic
860 2666 1087 2709 navansnotssnto
1104 2668 1204 2709 abulat)

484 2798 531 2874 b.
573 2794 895 2874 numidico
933 2793 1285 2878 Ptsstottbo

62 2984 89 3029 8.
112 2983 144 3024 R·
166 2984 198 3025 E·
218 2978 372 3024 raason.
396 2975 512 3019 canbo-
534 2970 643 3017 Polou}
664 2969 728 3013 TIT.
744 2969 771 3013 S·
787 2968 958 3012 LAURBNTH
980 2968 1014 3014 ΙΝ
1032 2969 1161 3028 Luctus,
1183 2973 1271 3019 SRDIS
1292 2973 1402 3021 APOST·
1425 2963 1704 3046 ninbtorttmlnto,

537 3048 649 3096 SUMUO
670 3046 831 3093 uobnrtct
854 3048 872 3092 Δ
895 3047 1039 3095 LITTERIS
1058 3049 1226 3097 Baavttsus.

985 3125 998 3148 0

101 3306 285 3361 Romanorum
303 3295 464 3369 pontillcum
478 3294 576 3350 littera
591 3291 626 3348 ad
638 3290 806 3349 Francorum
823 3305 902 3364 reges
916 3291 1058 3361 Pippinum
1078 3298 1105 3344 ct
1124 3291 1250 3349 Carolum
1269 3293 1395 3365 blagnum
1416 3294 1450 3350 de
1469 3295 1596 3353 maximis
1615 3299 1705 3359 inere·

64 3375 164 3434 mentis
180 3386 242 3442 quac
259 3367 416 3439 apostolice
434 3366 505 3421 sedis
523 3362 672 3420 dominatui
695 3377 744 3434 per
766 3363 876 3419 eosdem
899 3376 1049 3427 accessere,
1074 3368 1101 3414 et
1126 3360 1260 3432 lindolpbi
1282 3365 1354 3435 regis
1378 3361 1561 3422 Romanorum
1585 3370 1706 3440 epistolar

63 3449 99 3504 de
116 3440 292 3513 imperatoria
309 3437 453 3508 maiestate
468 3433 635 3502 Romanique
653 3432 760 3503 imperii
778 3431 922 3503 precipuis
939 3432 1030 3492 rebus,
1049 3429 1157 3512 demum
1176 3433 1321 3503 aliquando
1333 3433 1472 3557 prodeunt
1489 3437 1515 3491 in
1535 3434 1633 3505 lucem,
1653 3443 1706 3498 lie

64 3529 157 3573 arares
175 3525 337 3568 cenomanis
360 3517 575 3567 eurmrrssrns,
596 3512 621 3557 tc
640 3511 788 3567 assertore,
811 3512 838 3558 te
859 3509 985 3572 patrono.
1010 3499 1071 3555 illas
1093 3501 1202 3568 quidem
1221 3504 1256 3560 ab
1278 3503 1407 3560 Ecccsire
1428 3506 1572 3561 Annalium
1595 3520 1708 3578 perenm

64 3586 159 3642 tandiu
169 3593 281 3649 unique
295 3578 427 3634 inutiliter
437 3574 604 3644 conquisitas
613 3570 758 3628 Grelserus
766 3582 827 3642 post
838 3571 897 3640 eius
907 3578 1024 3627 mortem
1040 3570 1141 3651 emisit.
1156 3571 1302 3639 Quaerere
1314 3573 1422 3630 emisiti
1436 3590 1534 3646 nerrrpe
1553 3581 1706 3651 exscriptas

65 3657 244 3726 negligenter,
258 3651 373 3704 licenter
385 3647 552 3708 emendatas,
567 3643 746 3711 inopportune
758 3651 890 3713 corruptas,
904 3656 959 3697 uno
974 3641 1057 3696 verbo
1072 3639 1140 3695 abas
1157 3642 1191 3698 ab
1207 3645 1376 3716 autograpbo
1394 3644 1605 3715 vindobonensi,
1620 3651 1705 3709 sicea

64 3726 164 3781 Codioe
184 3721 232 3776 illo
248 3718 374 3789 genuino,
393 3716 440 3787 qui
457 3715 491 3769 ab
510 3722 621 3768 auctore
637 3709 735 3767 Carolo
753 3710 849 3781 llagrro
867 3726 967 3766 nomen
990 3719 1140 3775 mutuatus,
1153 3710 1296 3770 Carolinns
1316 3724 1497 3785 nuncupatur.
1525 3716 1705 3784 Quamobrem

65 3793 227 3851 lambecius
239 3788 348 3845 easdem
359 3785 525 3856 improbatas
536 3798 569 3838 ac
579 3781 764 3837 semirefectas
774 3781 910 3837 conrmisit
920 3780 1005 3851 prelo,
1018 3782 1124 3834 tametsi
1136 3780 1221 3837 labori
1235 3784 1398 3838 immortuus
1411 3799 1464 3839 non
1476 3785 1605 3854 vulgant
1614 3789 1707 3847 'lertio

64 3867 175 3920 denam
191 3876 226 3916 ex
242 3857 409 3929 autographo
426 3862 561 3925 exceptas,
580 3851 754 3921 numerisque
768 3852 895 3909 omnibns
912 3850 1059 3914 absolutas,
1078 3865 1094 3904 a
1111 3850 1256 3913 Gentiloto,
1275 3853 1320 3921 qni
1340 3853 1478 3910 Lanrbeeii
1498 3871 1592 3913 curam
1615 3862 1706 3918 miuus

65 3943 191 3990 exactam
203 3928 389 3999 deprehendit,
403 3923 535 3981 Felicitati
549 3933 602 3978 tuae
633 3929 724 3976 aratas
736 3920 819 3977 luisse
830 3919 1002 3977 crediderim.
1027 3918 1094 3974 Cum
1111 3919 1184 3975 enirn
1203 3921 1262 3987 tibi,
1279 3922 1339 3978 aliis
1354 3937 1404 3993 pro
1415 3932 1510 3979 sancta
1528 3927 1592 3982 sede
1609 3943 1705 3986 muue-

67 3994 149 4059 ribus
158 4000 268 4071 gloriose
280 3997 433 4068 periumto,
447 3994 545 4065 legatio
558 3991 592 4047 ad
625 4005 738 4045 cesarem
751 3992 857 4047 decreta
869 3988 929 4054 luit,
945 3997 1087 4059 postquam
1105 3989 1258 4047 Gentilotus
1274 3993 1379 4048 obierat
1394 4006 1549 4063 supremum
1567 3996 1649 4064 diem,
1663 4008 1703 4066 tu,

67 4084 272 4128 enrrrsrrssnnr
291 4079 459 4129 clnnrmnrs,
475 4064 520 4133 qul
534 4062 598 4118 alibi
615 4061 689 4116 uiros
703 4061 841 4143 principes
856 4061 1042 4142 liberatosque
1059 4074 1154 4115 omncs
1163 4061 1305 4131 'praeclaris
1321 4063 1423 4119 excelsi
1439 4063 1523 4118 animi
1539 4065 1578 4120 tul
1595 4067 1705 4126 dotibus

65 4145 115 4198 tibi
132 4141 303 4203 devinxeras,
319 4137 430 4192 Viennae
443 4135 558 4206 gratiam
570 4131 686 4187 Caesaris
702 4131 797 4187 miisti.
826 4130 916 4198 Quare
931 4144 1053 4185 omnium
1069 4130 1195 4186 ordinum
1208 4141 1328 4202 augurata
1347 4133 1419 4190 ilbus
1435 4134 1508 4190 sadis
1521 4133 1705 4196 familiaritate

64 4224 156 4274 utens,
169 4226 223 4265 riou
234 4209 313 4263 modo
323 4215 435 4261 eventus
447 4218 541 4260 omnes
554 4201 671 4259 carolini
684 4200 791 4257 Codicis
800 4201 915 4266 discere,
926 4200 972 4256 sed
985 4200 1122 4256 bambecii
1135 4209 1163 4257 et
1173 4200 1302 4258 Gentiloti
1313 4213 1427 4261 conatus
1437 4203 1551 4263 solerter
1564 4209 1706 4278 expeditos

68 4281 210 4350 marsequi,
237 4278 308 4348 quod
336 4289 402 4331 sane
425 4290 552 4345 magnum
575 4288 607 4328 ac
629 4271 765 4342 singulare
787 4278 845 4337 est,
909 4271 993 4326 tuisti.
1018 4269 1152 4341 liudolpbi
1176 4287 1240 4327 vero
1267 4273 1396 4342 epistolas
1419 4290 1435 4330 a
1460 4274 1584 4347 Scylrido
1607 4279 1704 4337 abbate

65 4348 246 4422 zweytalensi
265 4346 401 4409 collectas,
421 4343 566 4400 Lambecio
583 4343 774 4411 incompertus,
799 4342 834 4398 ab
856 4341 918 4397 aiis
944 4350 1045 4395 lemme
1067 4350 1177 4398 vocatas
1200 4343 1228 4396 in
1249 4342 1370 4408 dubium,
1396 4353 1464 4413 tute,
1488 4347 1517 4401 in
1544 4352 1705 4408 monasterii

64 4419 261 4492 zweytalensis
280 4416 424 4472 'tabulario
441 4416 621 4483 deprehensas
637 4426 796 4482 summaque
814 4427 876 4493 cum
894 4410 948 4466 tide
966 4411 1116 4480 descriptas
1134 4413 1237 4468 Vienna
1261 4413 1289 4467 in
1316 4413 1414 4471 llrbem
1439 4417 1524 4471 redux
1550 4425 1638 4473 tecum
1663 4432 1705 4475 at-

65 4493 164 4548 tulisti.
192 4489 341 4558 Utrumque
364 4496 454 4541 autem
477 4485 606 4547 codicem,
631 4491 659 4537 et
681 4483 836 4538 carolinum
856 4490 933 4551 Juxta
956 4496 1049 4537 veram
1073 4483 1230 4552 autographi
1256 4483 1472 4542 irridebonensis
1498 4485 1650 4552 lectionem,
1676 4503 1704 4546 ct

64 4560 268 4631 dusiolpbinum
292 4558 432 4620 ineditam,
453 4555 556 4626 insigne
574 4554 675 4609 auroris
694 4555 732 4607 tui
750 4568 781 4609 er
833 4553 982 4609 Romanam
999 4552 1147 4607 Ecclesiam
1166 4564 1380 4620 monnmentum,
1400 4557 1445 4611 rix
1464 4555 1589 4625 Romam,
1607 4559 1641 4613 ad
1661 4577 1704 4616 rc-

65 4649 125 4688 rum
144 4628 276 4701 preclare
293 4636 430 4699 gestarum
448 4625 599 4695 premium,
618 4632 745 4679 evocatus
763 4639 779 4679 c
798 4624 903 4689 idisscs,
923 4623 974 4678 nisi
993 4623 1110 4677 assiduis
1127 4623 1270 4679 ministerii
1289 4626 1511 4694 occupationibus
1530 4643 1633 4699 inagna
1648 4637 1702 4687 tuac

69 4700 240 4771 cogitationis
258 4709 320 4754 vota
339 4697 469 4753 distinere
487 4696 520 4751 ad
539 4696 610 4749 bunc
627 4709 714 4763 usquc
731 4695 803 4751 diem
821 4703 930 4751 coactus
947 4708 1030 4749 esses.
1046 4691 1121 4749 Nosti
1149 4695 1221 4748 enirn
1244 4693 1356 4763 optime,
1380 4696 1484 4752 duobus
1511 4697 1587 4753 bisce
1610 4702 1703 4755 cardi-

72 4774 146 4826 nibus
166 4769 295 4826 Ecclesia
313 4769 465 4823 domiuatus
479 4767 518 4822 ori
539 4766 625 4830 inem,
645 4765 826 4830 incrementa,
846 4764 1061 4835 perennitatem:
1080 4771 1235 4834 certamque
1254 4765 1386 4831 indolem,
1407 4782 1439 4822 ac
1456 4765 1524 4822 nnis
1541 4778 1630 4825 certos
1647 4770 1704 4826 llo·

70 4844 139 4896 nram
157 4839 265 4911 imperii
281 4839 399 4903 r·ersari;
429 4838 499 4893 nosti
520 4781 581 4899 Prae,
600 4834 683 4890 veluti
702 4835 736 4889 ad
751 4835 865 4905 Lydium
882 4834 1011 4903 lapidem,
1035 4835 1176 4902 opiniones
1199 4835 1422 4892 hallucinationes
1442 4848 1477 4893 ue
1497 4838 1611 4894 aliorum
1635 4840 1703 4897 alias

69 4913 207 4966 admotum
224 4910 257 4964 iri
273 4924 280 4962 ι
294 4925 327 4964 ac
340 4909 447 4964 dentum
467 4906 547 4971 nosti,
565 4917 590 4961 te
604 4904 732 4959 bonane
751 4905 878 4960 Ecclesia
895 4907 1015 4973 adeoque
1032 4904 1104 4960 beati
1123 4904 1195 4960 Petri
1215 4919 1401 4962 successorum
1420 4854 1632 4965 Horrrinationem
1656 4927 1703 4965 sn-

69 4996 189 5051 premam
208 4978 302 5034 Romae
318 4978 476 5048 caewrisque
497 4977 525 5032 in
544 4976 601 5031 suis
619 4975 776 5041 ditionibus,
796 4977 829 5031 ab
846 4976 904 5045 ipsa
922 4974 1036 5099 oriffine,
1056 4978 1127 5046 quod
1145 4976 1277 5032 Baronius
1300 4992 1353 5031 non
1372 4979 1470 5048 potuit,
1494 4988 1570 5034 extra
1592 4996 1702 5036 omnem

70 5052 156 5106 aleam
175 5052 335 5121 positurum.
357 5050 394 5103 Ea
412 5056 522 5119 propter
539 5062 591 5110 me,
612 5046 690 5115 quasi
708 5047 811 5101 soeinm
831 5044 931 5102 laboris
949 5059 964 5098 a
985 5045 1076 5101 bibere
1095 5062 1149 5101 ιιοιι
1167 5047 1335 5115 dedignatus,
1355 5058 1386 5102 ut
1405 5049 1457 5103 tulc
1476 5058 1634 5120 tantumque
1652 5053 1702 5105 olr-

69 5122 193 5192 sequiurn
212 5129 312 5175 sanctae
339 5119 396 5175 sedi
423 5135 476 5173 uua
500 5127 587 5172 tecum
610 5124 768 5185 praestarem
788 5116 906 5170 uoluisti.
932 5115 987 5185 Ego
1005 5131 1070 5171 vero
1088 5116 1254 5172 admirabilis
1272 5126 1325 5172 tuae
1344 5119 1443 5173 nrerrtis
1460 5120 1586 5187 praesidio
1604 5120 1699 5185 lullus,

69 5202 200 5262 praeterea
215 5190 293 5257 copia
310 5191 529 5245 documentorum
548 5202 581 5242 cx
600 5184 774 5241 celeberrima
794 5195 838 5240 tna
856 5186 1016 5241 bibliotheca
1031 5187 1160 5253 nrrrnitus,
1176 5203 1273 5258 magua
1291 5203 1353 5244 cum
1370 5189 1510 5244 alacritate
1523 5204 1572 5259 per
1589 5199 1701 5245 sentcn-

68 5266 169 5317 tiarum
183 5268 210 5312 ct
229 5273 320 5312 rerum
337 5261 488 5314 barbariem
507 5255 771 5326 arlrditapontibcum
786 5264 813 5310 et
833 5272 925 5326 rogum
939 5257 1085 5326 penetralia
1104 5257 1251 5326 ingressus,
1266 5259 1365 5314 nudam
1379 5258 1442 5314 inde
1454 5259 1594 5314 ueritatem
1607 5259 1699 5323 elicui,

68 5333 142 5386 unde
160 5328 255 5384 eruditi
275 5336 427 5383 nostrorum
445 5338 596 5397 temporum
614 5328 771 5395 scriptores,
793 5326 940 5381 iuolliciosa
957 5325 1077 5382 Grctseri
1093 5326 1212 5382 editione
1231 5328 1301 5393 ireti,
1324 5338 1378 5384 tarn
1397 5329 1478 5383 multa
1496 5343 1530 5382 ex
1550 5344 1630 5382 seusu
1648 5343 1700 5384 suo

66 5403 225 5470 depromere
242 5413 297 5453 ιιοιι
322 5408 384 5452 surrt
405 5400 495 5455 veriti.
520 5398 625 5465 Quanta
645 5397 709 5452 binc
730 5397 859 5460 accessio,
879 5412 1081 5452 eursnsrrssrue
1098 5413 1264 5463 occursura,
1281 5400 1395 5470 egregiis
1411 5399 1464 5454 tuis
1483 5398 1605 5453 laudibus
1629 5398 1701 5455 deli

65 5471 159 5526 fallar
179 5469 285 5538 quidem
306 5476 382 5522 certe
399 5484 450 5525 non
465 5468 513 5523 init
528 5467 657 5538 praeclara
677 5467 768 5522 iliade
786 5476 811 5521 tc
823 5467 923 5536 opinio,
938 5484 999 5523 cum
1013 5467 1109 5528 Gallia,
1130 5468 1258 5537 belgium,
1276 5468 1415 5523 llolrandia
1427 5467 1565 5523 nullodum
1588 5470 1700 5539 publico

63 5549 168 5600 sanctae
189 5539 259 5595 sedis
280 5552 395 5592 irrupere
413 5536 565 5609 irrogantem
589 5553 752 5607 suspexere;
775 5554 837 5592 curu
852 5539 976 5594 doctores
990 5537 1128 5592 Surbonici
1149 5540 1254 5608 virique
1282 5538 1440 5593 illustriores
1458 5553 1473 5592 c
1492 5542 1702 5611 congregatione

63 5611 154 5671 saneti
174 5609 268 5675 llauri,
289 5624 322 5663 ac
342 5620 399 5676 prm
415 5607 476 5663 aliis
495 5608 663 5667 blabillouius
682 5617 709 5664 et
728 5608 958 5677 llonteialcoaius,
975 5610 1113 5666 llorentcm
1132 5618 1238 5664 atatem
1260 5617 1332 5664 tuam
1346 5609 1567 5676 adrnirabantur;
1584 5627 1703 5685 curisque

186 5725 325 5786 Parnon.
350 5718 492 5781 xcvttt.
819 5754 825 5787 ,ι
1374 5716 1376 5721 ’
1462 5721 1478 5782 1

39 5932 154 6092 33⁰<
