3780 6120
156 372 190 429 77
260 366 340 426 cub.
361 363 500 423 btruott.
519 395 555 405 -
573 362 721 432 67067776,
741 362 831 430 ETG,
852 359 918 418 stati
937 357 1053 415 GODEX
1071 359 1278 416 cruentatis.
1300 389 1336 399 -
1354 357 1467 415 CENNll
1487 357 1685 414 PttAEt‘attd.
1762 360 1795 414 ts

154 491 321 542 memoratus
346 496 515 538 summorum
540 479 697 550 pontilicam
721 477 848 549 epistolas
869 490 903 532 ex
915 488 948 531 66
962 476 986 536 h
1000 476 1151 530 necessaria
1163 485 1204 531 cst
1214 476 1298 532 editio
1306 477 1367 544 puri
1380 477 1436 546 puti
1446 475 1548 531 codicis
1570 471 1794 529 i'irrdolmncusis.

153 574 270 632 describi
297 572 408 629 curavit
429 572 472 626 vir
492 571 527 626 cl.
552 570 728 626 Sebastianus
750 565 949 639 'lengnagclius
999 565 1036 622 ht
1054 580 1249 637 prosequamur
1270 567 1377 623 Codicis
1397 568 1529 623 editiones
1551 567 1617 620 6666
1630 583 1636 619 :
1650 565 1682 620 66
1703 578 1753 620 666
1765 578 1795 619 ra

153 663 353 741 augttstissimae
373 662 544 718 bibliothece
562 661 694 716 Caesarea
713 660 809 715 tertius
823 667 886 713 ante
906 672 950 712 me
999 658 1072 712 enirn
1089 660 1265 728 opportunius
1280 658 1423 713 dicendum
1440 659 1502 712 crit.

152 756 307 830 praelectus,
320 769 423 825 easque
434 753 611 825 publicandas
626 753 701 807 misit
720 752 754 807 66
770 753 802 807 77.
818 751 849 805 P.
871 750 951 807 7666-
1036 749 1069 802 X.
1083 749 1168 804 Annis
1182 749 1381 818 duodetriginta
1394 756 1455 818 post
1474 748 1592 816 primam
1610 746 1681 801 hanc
1698 745 1795 800 editio-

151 848 217 906 hcm
231 845 394 904 Gretserum
412 843 476 899 Soc.
490 842 555 899 lesu
574 843 780 899 celeberrimum
794 842 950 913 theologum
1000 856 1071 907 nem,
1086 841 1177 896 Codex
1192 842 1288 897 iterum
1304 842 1371 896 ridit
1391 841 1477 895 lucent
1496 839 1610 894 taretia
1628 838 1794 893 Parisiorum

105 927 112 946 '
153 939 229 1010 6666
244 954 312 995 cura
324 937 497 1009 postmodum
509 935 666 1006 ingolstadii
682 935 754 1005 typis
767 932 882 990 Andreae
895 933 952 988 hn-
998 947 1048 1003 per
1062 932 1251 988 Sebastianum
1267 930 1405 1001 66666676)
1421 946 1465 985 an.
1482 929 1560 991 7677,
1583 935 1695 983 cttrante
1709 927 1794 982 Fran-

152 1030 273 1104 gelmarii
291 1043 364 1083 anuo
385 1025 536 1082 7616766
550 1024 631 1080 editae
650 1032 723 1079 sunt.
747 1023 806 1090 666
822 1022 948 1087 nomine,
999 1024 1072 1079 cisco
1088 1024 1231 1078 66666666
1255 1022 1370 1077 Andreae
1390 1020 1445 1076 lilio
1466 1020 1537 1092 (Ser.
1566 1019 1663 1081 l'rmrc,
1679 1016 1794 1077 tonnlll,

153 1122 215 1179 licet
226 1119 338 1191 utrique
350 1131 428 1173 suam
446 1115 538 1171 deberi
553 1114 659 1169 laudem
674 1113 746 1168 6666
760 1113 887 1176 abnuam,
903 1126 951 1167 uc-
998 1129 1060 1184 pag.
1076 1113 1149 1184 766),
1164 1128 1217 1182 qtta
1238 1113 1356 1167 editione
1373 1128 1438 1166 risus
1461 1120 1503 1167 est
1516 1112 1639 1166 tatrbeus
1658 1111 1685 1164 iu
1702 1109 1794 1166 Galle·

153 1210 273 1268 carario
286 1216 378 1263 tamen
393 1205 557 1262 mouendum
569 1213 620 1269 est,
639 1218 729 1274 opere
742 1204 858 1273 pretium
877 1201 948 1267 lore,
999 1206 1088 1262 ctione
1103 1204 1287 1266 conciliorum,
1300 1203 1409 1272 aliique.
1421 1202 1487 1258 Gurn
1501 1218 1565 1258 vero
1578 1203 1637 1258 hacc
1650 1203 1717 1257 nibil
1730 1204 1792 1257 rori

152 1303 281 1374 siprima
296 1300 342 1356 illa
364 1298 449 1354 editio
467 1297 502 1352 de
522 1297 625 1366 integro
644 1302 771 1350 accurate
792 1292 948 1349 conseratur
978 1284 1108 1360 ’666666
1127 1293 1174 1349 666
1193 1292 1394 1347 Gretscrianum
1414 1291 1524 1347 omnino
1549 1290 1660 1357 relevat,
1675 1307 1725 1361 pro
1740 1307 1793 1346 una

152 1391 289 1461 cumipse
308 1403 392 1459 supra
406 1396 556 1442 memorato
573 1383 667 1440 codice
687 1382 852 1438 authentico.
869 1381 949 1449 Quod
999 1385 1147 1452 eademque
1163 1381 1257 1436 lralreri
1273 1380 1362 1435 debet.
1386 1378 1501 1435 Perinde
1522 1388 1563 1435 cst
1582 1380 1614 1435 dc
1637 1380 1794 1449 rutperrima

154 1480 261 1536 culmis
275 1479 322 1550 qui
333 1493 395 1533 eum
408 1476 552 1545 descripsit
563 1475 675 1530 nimiam
690 1474 717 1527 iu
732 1472 867 1528 nonnullis
880 1472 949 1528 locis
1001 1475 1071 1545 typis
1087 1472 1285 1528 Parisionsibus
1304 1470 1473 1526 nitidissimis
1486 1479 1579 1524 curata
1594 1485 1609 1523 a
1627 1469 1680 1524 PP.
1705 1469 1794 1523 Bruc-

152 1570 322 1642 eorrigcndis
345 1576 373 1624 et
386 1567 524 1628 mutandis
537 1566 590 1621 sibi
608 1565 777 1636 arrogaverit
800 1564 947 1627 licentiam,
1000 1566 1109 1622 dictiuis
1117 1565 1143 1617 in
1154 1578 1222 1618 nova
1231 1562 1347 1618 editione
1357 1560 1621 1631 operumllucbcsnii
1632 1575 1704 1614 6666
1715 1558 1793 1648 llll,

151 1667 265 1730 apparet
278 1657 322 1713 rel
339 1673 373 1714 cx
396 1657 455 1727 ipsa
472 1656 560 1726 prima
573 1654 690 1727 pagiua:
705 1653 802 1724 quippe
826 1652 872 1707 ubi
894 1666 948 1707 non
999 1655 1107 1711 tametsi
1127 1655 1193 1710 erdo
1208 1652 1383 1722 epistolarum
1399 1668 1484 1707 novus
1504 1653 1672 1722 excogitatus
1687 1650 1791 1708 luerit:

151 1751 233 1808 ruodo
264 1749 426 1806 vocabulum
451 1746 618 1803 memorialis
646 1761 729 1816 prava
760 1743 949 1800 emendatione
1001 1762 1117 1816 namque
1141 1746 1219 1816 juxta
1237 1744 1335 1801 Geintii
1357 1752 1385 1799 et
1404 1742 1479 1814 Pagii
1504 1744 1706 1815 chronologiam
1730 1754 1794 1799 sunt

150 1840 375 1898 marmarum
387 1849 430 1895 est
448 1839 476 1893 in
495 1838 688 1904 memorabilis,
701 1836 892 1892 verumetiam
907 1836 949 1892 in·
966 1819 1148 1907 Bdtsposito.
1175 1835 1354 1903 Quamobrem
1382 1833 1504 1904 Gregorii
1528 1833 1562 1889 111
1585 1833 1704 1906 epistolar
1724 1835 1794 1900 dure,

149 1932 367 2004 seriptieprimae
377 1930 497 2000 epistolae
511 1945 560 2000 pro
575 1930 662 1985 lubitu
672 1936 776 1983 mutata
787 1936 815 1983 et
824 1927 947 1983 mutilata
998 1928 1093 1986 ordine
1116 1936 1267 1996 temporum
1292 1927 1426 1997 erigente,
1455 1937 1518 1981 sant
1540 1927 1654 1982 seorsim
1676 1926 1791 1998 vntgatc

148 2030 202 2078 est.
216 2022 247 2077 lu
260 2022 319 2091 ipso
329 2036 446 2092 namque
454 2020 548 2075 codice
560 2018 717 2074 authentico
729 2033 761 2073 ea
773 2018 948 2074 sebabetboc
999 2017 1077 2092 (totu.
1093 2017 1137 2083 lt,
1151 2032 1213 2087 pag.
1227 2015 1262 2073 99
1274 2015 1344 2088 666.)
1364 2015 1423 2087 pari
1440 2017 1519 2072 niodo
1540 2018 1627 2073 sancti
1652 2018 1791 2074 Zachariae

149 2113 255 2169 modo:
274 2131 284 2165 t
300 2112 422 2183 Epistola
439 2110 562 2182 Gregorii
579 2125 656 2180 papae
674 2109 709 2164 66
723 2109 850 2166 carolum
864 2108 949 2178 majo-
999 2112 1079 2168 unica
1087 2110 1179 2184 (laid,
1190 2127 1252 2183 pag.
1263 2110 1307 2183 96)
1320 2112 1467 2180 cademque
1478 2111 1581 2177 mutila,
1590 2127 1653 2166 nam
1663 2128 1792 2184 responsa

150 2220 209 2261 rem
234 2205 331 2260 domus
347 2204 431 2260 missa
444 2218 493 2275 pro
507 2201 663 2258 defensione
682 2208 781 2257 sancta
796 2200 844 2255 Dei
859 2199 949 2256 Eccle·
998 2213 1101 2276 septem
1115 2212 1143 2258 et
1154 2203 1257 2274 viginti,
1273 2203 1384 2258 totidem
1397 2202 1591 2272 questionibus
1612 2202 1790 2271 Francorum,

149 2299 210 2355 sie.
229 2318 240 2351 r
255 2299 284 2353 ln
297 2298 416 2354 editione
428 2306 518 2354 autem
532 2298 663 2367 impressa
678 2299 718 2352 sic
732 2295 847 2368 legitur:
862 2314 871 2348 t
885 2296 949 2366 Epi·
999 2304 1128 2366 tauquam
1143 2297 1191 2351 abs
1210 2311 1249 2362 re,
1266 2294 1437 2351 omittuntur.
1461 2288 1582 2366 licliqum
1599 2311 1694 2352 omncs
1713 2310 1793 2368 ipun-

149 2391 220 2448 stola
233 2391 359 2462 Gregorii
372 2389 406 2446 lll
419 2389 516 2460 pontit.
533 2391 569 2445 ad
584 2389 711 2444 Carnium
722 2389 884 2445 hlartellum.
907 2408 917 2442 r
999 2395 1041 2443 ter
1055 2386 1090 2443 96
1100 2398 1128 2442 ct
1142 2387 1176 2442 97
1198 2388 1292 2442 cadem
1306 2401 1340 2441 ex
1357 2401 1438 2441 causa
1450 2386 1657 2459 praetermissas)
1668 2390 1791 2458 sequenti

185 2480 233 2536 lx.
258 2480 374 2537 Rectum
395 2479 549 2549 hujusmodi
570 2478 702 2548 judicium
727 2480 877 2536 doctissimi
896 2478 948 2534 viri
999 2478 1136 2534 volumine
1149 2485 1212 2533 sunt
1227 2478 1306 2534 editae
1317 2476 1394 2549 (tent.
1408 2478 1441 2543 V,
1455 2493 1518 2550 pag.
1531 2477 1584 2534 785
1599 2479 1700 2552 seqq).
1723 2480 1793 2548 Quid

149 2572 185 2625 66
205 2570 380 2626 Gretscriana
404 2570 522 2627 editione
540 2585 635 2625 ansam
656 2570 731 2626 dedit
752 2571 948 2642 chorograpbn
999 2568 1082 2623 vcro?
1106 2568 1219 2623 Laudari
1243 2576 1367 2623 auctores
1391 2584 1446 2622 nen
1470 2569 1590 2623 omnium
1616 2571 1792 2640 epistolarum

150 2662 235 2717 ltaliae
250 2661 333 2716 medii
350 2659 559 2734 aevi(Srr.1tal.
574 2668 640 2716 torn.
652 2660 686 2726 tt,
699 2676 727 2731 p.
742 2661 800 2732 Ι77),
812 2670 841 2716 ιιι
859 2663 949 2717 vuinus
999 2657 1212 2728 chronologiam,
1228 2672 1319 2712 rcravn
1334 2657 1473 2724 falsamve,
1489 2669 1553 2715 sunt
1570 2662 1699 2716 assecuti.
1724 2663 1792 2719 Pro-

151 2767 259 2822 aequam
277 2752 311 2808 de
331 2750 427 2808 cadem
447 2751 609 2807 senteutiam
633 2750 793 2821 prolerrct:
822 2769 831 2803 t
860 2753 949 2808 hlonet
999 2761 1092 2821 pterea
1106 2752 1253 2807 novtssima
1273 2752 1301 2806 in
1320 2750 1372 2806 bac
1389 2751 1516 2817 editione,
1540 2768 1600 2821 qum
1619 2755 1792 2826 chronologia

151 2845 271 2914 quidem,
286 2843 334 2908 ait,
358 2858 394 2899 ex
408 2843 554 2899 lambecio
579 2841 678 2912 Pagitts
701 2859 772 2900 anno
788 2843 851 2910 767,
869 2862 897 2899 6.
920 2844 948 2910 2,
999 2849 1103 2906 carent,
1117 2842 1440 2913 cmtcrispostpenuutur.
1449 2842 1494 2898 Sic
1503 2843 1579 2898 Pauli
1589 2845 1649 2900 dum
1660 2844 1737 2917 (Coti.
1748 2846 1792 2911 65,

151 2949 346 2991 amanuensem
361 2932 481 2990 Gretseri
502 2933 629 2989 nonnulla
645 2933 814 2999 immutasse,
836 2934 900 2988 dunt
915 2949 949 2989 cx
1000 2931 1044 3006 76)
1058 2932 1086 2987 76
1098 2932 1199 2988 calcem
1215 2932 1332 3002 reiecto,
1347 2933 1450 2988 incerto
1465 2950 1537 2990 anun
1559 2936 1629 2991 dat-c
1650 2937 1791 3004 dicuntum

150 3027 323 3083 bibliothece
335 3025 467 3082 66666666,
484 3026 634 3096 exemplari
651 3027 808 3082 authentico
821 3026 950 3081 transeri-
999 3034 1027 3080 ct
1044 3025 1154 3080 Adriani
1165 3025 1251 3080 multo
1265 3024 1357 3095 plures
1377 3026 1511 3096 tripertito
1532 3028 1666 3086 divisoria
1689 3030 1795 3086 incerto

152 3119 208 3189 psit
225 3118 356 3174 redicem.
374 3116 490 3172 Nomina
512 3117 621 3186 propria
637 3118 777 3186 regionum
792 3125 820 3170 et
840 3115 948 3170 urbium
999 3131 1094 3171 omues
1120 3115 1324 3186 relinquuntur.
1355 3115 1578 3188 Quandoquidem
1609 3129 1664 3177 tres
1693 3124 1793 3177 consti-

152 3223 208 3263 666
234 3209 394 3264 immutasse
416 3222 567 3277 speramus.
588 3206 723 3263 66766666
746 3215 775 3261 et
802 3205 948 3275 nosplura
1001 3210 1107 3265 tuendae
1117 3209 1242 3265 dicuntur
1253 3208 1324 3263 inter
1335 3209 1481 3265 66666777
1492 3219 1519 3265 et
1530 3210 1575 3266 781
1595 3210 1673 3279 illoti.
1686 3212 1731 3276 67,
1745 3213 1793 3277 61,

152 3302 331 3356 observamus
350 3298 514 3370 ipmsertim
528 3300 556 3354 in
570 3298 692 3369 epistolis
716 3296 839 3369 Adriani)
863 3298 949 3352 histo-
1000 3299 1054 3371 69),
1068 3299 1128 3355 aliae
1136 3299 1261 3355 undecim
1277 3298 1354 3372 (666.
1368 3299 1412 3366 67,
1433 3299 1476 3365 79,
1496 3299 1540 3366 79,
1559 3299 1602 3364 77,
1618 3302 1665 3360 77.
1686 3303 1730 3365 86,
1746 3303 1792 3369 85,

152 3394 218 3449 ricc
245 3401 273 3447 et
295 3392 476 3464 genealogicae
499 3392 608 3447 veritati
632 3391 742 3447 omnino
764 3389 948 3455 adversantia,
999 3393 1043 3457 87,
1058 3392 1104 3460 87,
1120 3393 1165 3459 89,
1182 3391 1227 3464 95)
1243 3391 1270 3446 in
1284 3389 1505 3461 quibusGarnlus
1518 3404 1657 3462 compater
1668 3395 1792 3448 uomina-

152 3499 215 3554 666
229 3498 294 3539 sanc
312 3499 366 3538 non
383 3484 418 3538 ab
433 3483 559 3553 imperite
571 3481 729 3538 amanuensi
744 3481 881 3537 immutari
901 3494 950 3550 66-
1000 3493 1055 3551 tur,
1070 3493 1132 3555 post
1152 3500 1252 3539 annum
1272 3483 1320 3540 787
1349 3483 1458 3553 scriptae
1477 3482 1616 3549 leruntur;
1633 3496 1666 3538 ac
1684 3481 1793 3539 demum

153 3581 245 3637 tricem
258 3574 306 3629 scd
322 3588 387 3628 saue
400 3573 510 3629 lucrant
524 3574 666 3630 abeodem
681 3573 810 3629 Gretsero
831 3571 947 3642 adiecta,
1000 3573 1207 3648 malcolmi),
1221 3573 1267 3646 87)
1280 3589 1351 3630 6666
1365 3573 1418 3629 787
1434 3572 1590 3629 dubitanter
1607 3573 1790 3630 ascribuntur.

152 3669 184 3715 ut
208 3661 422 3716 Ludericianum
439 3662 546 3732 aliaque
564 3672 689 3732 suspecta
708 3663 868 3718 documenta
896 3661 949 3716 lul·
1000 3666 1102 3721 Prmtcr
1116 3663 1267 3734 hujusmodi
1279 3664 1468 3729 inversionem,
1481 3680 1541 3735 qum
1553 3664 1793 3736 improbandauon

151 3749 232 3806 ciret.
250 3750 309 3804 »Et
326 3751 406 3820 paulo
423 3751 514 3808 inlrat
531 3771 541 3803 t
559 3752 685 3808 Testatur
698 3753 771 3808 enim
789 3752 887 3824 Pagius
901 3768 948 3807 an.
1000 3763 1081 3820 essct,
1098 3755 1121 3810 si
1142 3755 1304 3821 accuratior,
1325 3756 1390 3824 quid
1410 3772 1426 3810 6
1449 3755 1622 3812 Gretscriana
1645 3757 1704 3812 haec
1723 3771 1792 3811 nova

152 3839 216 3905 753,
228 3857 257 3894 n.
275 3839 303 3905 6,
320 3843 393 3911 6666
408 3843 471 3913 quid
484 3843 590 3897 donatio
608 3841 769 3915 Pippim'caa
792 3844 947 3908 contineret,
999 3845 1083 3901 editio
1094 3844 1237 3914 discrepet,
1250 3859 1304 3899 non
1314 3844 1402 3899 video.
1422 3844 1493 3912 Quid
1502 3847 1574 3915 quod
1590 3847 1616 3900 in
1633 3847 1791 3917 nuperrima

152 3943 177 3987 et
196 3950 264 4003 qam
286 3933 404 3987 civitatee
418 3934 639 4005 complecteretur,
661 3935 729 3989 ister
742 3937 881 4007 scriptores
897 3950 950 3990 non
999 3932 1120 3992 Gretseri
1131 3932 1247 4004 Operum
1255 3933 1383 4000 editione,
1394 3949 1440 3990 sus
1450 3935 1536 4005 deque
1552 3937 1643 3991 habita
1654 3935 1795 3993 Lambecii·

153 4024 288 4089 comam
301 4023 353 4078 hoc
368 4032 411 4078 est
432 4027 550 4079 nondum
566 4025 633 4081 satis
647 4033 762 4090 cunstat,
776 4042 810 4081 an
824 4029 948 4098 regiones
1000 4023 1193 4090 admonitione,
1218 4039 1305 4096 neque
1319 4033 1422 4080 attenta
1448 4023 1556 4094 iniuria,
1579 4041 1631 4095 666
1648 4026 1794 4083 Gretserus

153 4123 182 4169 et
195 4117 277 4171 urlrrs
288 4117 438 4186 promissae,
451 4116 550 4174 luerint
562 4128 666 4175 cunctae
681 4129 743 4175 actu
758 4122 873 4189 tradite,
887 4133 915 4180 er
924 4124 948 4180 si
1000 4115 1116 4173 afficitur
1127 4133 1143 4172 6
1155 4116 1348 4188 Chorographo
1362 4116 1455 4183 ltaliae,
1470 4115 1549 4187 juxta
1569 4119 1717 4175 editionem
1737 4120 1794 4190 pri·

154 4207 271 4272 tradite,
290 4222 345 4277 quo
357 4206 430 4277 jure,
446 4224 480 4264 an
502 4209 658 4280 plenissimo
680 4211 739 4267 sine
759 4213 948 4281 dependentia,
1001 4208 1101 4263 stiriam
1129 4207 1220 4265 Codex
1242 4208 1383 4265 Carolinus
1409 4210 1507 4265 iterum
1535 4219 1577 4267 est
1608 4212 1684 4282 prelo
1715 4227 1793 4267 man-

155 4307 183 4351 ut
194 4299 303 4364 dicitur,
314 4300 449 4355 stantibus
461 4299 589 4356 clausulis
601 4300 627 4355 in
640 4301 830 4358 donationibus
842 4304 949 4374 apposi·
1001 4301 1096 4356 datus?

155 4390 327 4445 tisadlruc'in
340 4390 539 4461 exemplaribus
554 4391 732 4448 barronianis:
748 4412 758 4444 t
776 4393 856 4449 Salra
869 4410 951 4465 super
1036 4390 1082 4446 itt.
1098 4390 1173 4448 Unus
1183 4391 1355 4459 Lambecius,
1370 4394 1415 4464 qui
1426 4409 1503 4450 novtc
1513 4395 1640 4452 editionis
1653 4397 1798 4452 necessita·

154 4481 263 4537 eosdem
274 4480 389 4537 ducatus
399 4491 492 4537 nostra
504 4481 599 4554 (regali
611 4484 723 4550 scilicet,
737 4485 793 4539 sire
805 4485 948 4561 imperiali)
966 4522 989 4582 ὓ
1003 4495 1057 4541 tcrn
1071 4485 1165 4550 sensit,
1186 4487 1289 4556 optimo
1310 4486 1416 4557 publico
1436 4489 1604 4558 provinciam
1623 4491 1742 4560 suscepit
1752 4506 1796 4547 rc·

155 4572 183 4626 iu
194 4573 323 4627 omuibus
335 4572 529 4640 dominatione,
545 4583 573 4628 et
588 4574 695 4630 illorum
707 4576 740 4630 66
755 4585 877 4631 nostram
888 4591 951 4646 par·
1002 4577 1137 4633 censionis
1151 4576 1258 4634 Codicis
1278 4578 1505 4644 vindobonensis,
1520 4580 1647 4651 deditque
1660 4582 1687 4636 iu
1707 4580 1794 4637 lucent

157 4672 210 4718 teta
241 4663 419 4732 subjectione,
439 4664 580 4735 »aliisque
609 4666 846 4734 restrictionibus,
869 4677 900 4722 ut
922 4669 950 4723 iu
1002 4666 1154 4736 pontiltcias
1171 4668 1299 4737 epistolas
1317 4670 1344 4724 in
1365 4685 1398 4723 co
1412 4677 1554 4725 contentas
1573 4671 1652 4743 longe
1672 4672 1739 4727 alias
1761 4674 1796 4731 ab

159 4754 303 4823 exemplari
325 4754 483 4824 Sigoniann.
509 4755 649 4812 Fiduciam
673 4757 806 4814 bominis!
829 4760 952 4831 Tengua·
1003 4757 1143 4829 hucusque
1157 4761 1246 4816 editis.
1263 4760 1299 4815 bt
1311 4762 1374 4831 quia
1388 4761 1463 4818 6666
1480 4763 1606 4818 Codicem
1624 4764 1741 4834 primum
1762 4781 1796 4820 ex

157 4847 255 4916 geliutn
265 4849 562 4918 augustabibtiotttcca
571 4854 737 4923 praelectum,
748 4854 870 4911 Gretseri
880 4871 952 4912 ama·
1002 4850 1139 4916 olusculis
1162 4865 1223 4907 esse
1246 4851 1331 4907 voluit
1357 4854 1480 4922 concepti
1504 4855 1594 4925 utagni
1616 4857 1726 4925 opcrls,
1751 4857 1794 4912 cal

157 4954 288 4993 truensem
312 4949 402 5007 vocat,
418 4956 534 5015 eumque
556 4945 729 5015 imperitum
744 4947 875 5006 Gretsern
900 4951 952 5021 ipsi
1003 4943 1152 5014 Sp'ntagma
1176 4942 1397 4999 Germanicarum
1424 4960 1516 5000 rerunt
1539 4944 1656 5000 iaciebat
1679 4962 1793 5013 nontcu,

119 5069 136 5092 2
156 5046 205 5099 per
218 5046 354 5087 summani
368 5033 496 5104 injuriam
508 5036 611 5094 6656166
623 5049 715 5095 noram
728 5040 828 5108 inuri„
846 5042 953 5098 clausu.
1003 5034 1127 5106 illiusque
1139 5035 1257 5092 editione
1268 5036 1377 5091 vixdum
1393 5036 1525 5099 absoluta,
1541 5052 1601 5106 quae
1615 5045 1679 5093 sunt
1691 5045 1794 5092 morta-

121 5107 135 5151 ·'
158 5121 210 5176 latu
234 5124 388 5193 appositam
407 5127 550 5185 6666ιί666
572 5130 697 5188 Thusciae
712 5140 740 5187 nr
758 5133 871 5205 Spoleti,
892 5151 952 5205 666
1003 5126 1069 5181 liuvn
1083 5127 1166 5192 riccs,
1182 5142 1197 5183 c
1211 5127 1280 5181 rivis
1291 5127 1371 5193 abiit;
1385 5126 1535 5197 intperlccti
1550 5127 1640 5198 operis
1661 5127 1687 5181 id
1705 5127 1795 5182 nobile

157 5210 309 5270 luculenter
331 5216 428 5285 probat
453 5221 608 5290 provincias
632 5233 660 5279 et
687 5224 811 5282 civitates
832 5227 952 5297 reliquas
1004 5219 1165 5290 6666767666
1188 5236 1241 5275 666
1276 5220 1376 5290 prodiit
1405 5219 1431 5274 in
1458 5219 1566 5290 vulgus.
1593 5218 1722 5285 Quanam
1742 5217 1794 5272 alia

157 5302 335 5377 7961601679
346 5326 487 5368 concessas
499 5331 561 5371 csse
574 5327 675 5373 sanctas
686 5319 752 5385 sedi,
762 5322 901 5377 gloriationi
912 5323 953 5378 in.
1004 5313 1134 5384 opuscula
1155 5311 1281 5368 Codicctn
1295 5312 1451 5367 Carolinum
1475 5311 1550 5381 sequi
1566 5310 1731 5375 debuissent,
1755 5310 1796 5367 in·

158 5402 241 5464 tegra
251 5399 374 5455 ascribit.
383 5401 561 5461 inofficiosum
571 5408 644 5464 istud
655 5408 808 5481 salsumque
817 5415 953 5471 scribendi
1004 5413 1119 5460 cellum·
1132 5403 1285 5458 (3976117619
1300 5403 1583 5472 [6660961759977997
1596 5411 1651 5455 ²³³¹
1661 5399 1795 5458 ¹¹¹0dl⁰³¹¹¹

157 5500 243 5555 genus
267 5490 329 5557 quis
352 5489 444 5547 letati
464 5495 591 5551 Attamen
617 5500 780 5558 hluratorius
801 5503 953 5573 lttvjusntndi
1004 5495 1197 5566 publicarlucis
1214 5495 1273 5549 steri
1286 5512 1339 5550 nou
1355 5495 1390 5549 sit
1403 5493 1577 5563 percussum,
1596 5491 1670 5547 lucili
1689 5488 1797 5565 negotio

157 5577 320 5648 scriptorem
341 5597 448 5638 summo
470 5585 529 5642 7666
547 5588 651 5644 babens
663 5593 804 5660 opiniones
818 5595 884 5650 istas
896 5611 955 5650 nm-
1006 5587 1184 5670 asscquimur,
1204 5586 1227 5642 si
1247 5587 1355 5642 Godicis
1371 5583 1493 5656 impressi
1504 5584 1666 5655 principium
1678 5594 1705 5642 et
1715 5586 1797 5643 66666

156 5669 224 5724 uiuo
239 5668 322 5726 falsas
338 5673 427 5730 obviis
442 5674 514 5732 ulnis
530 5679 713 5749 amplectitur,
734 5684 845 5753 suisque
857 5684 883 5740 in
899 5685 955 5740 dn·
1006 5687 1168 5749 spectemus.
1181 5677 1283 5733 Arrctor
1296 5677 1428 5748 siquidem
1445 5677 1578 5748 principio
1595 5680 1706 5746 exponit
1725 5693 1794 5748 qua>

157 5759 267 5818 nitor
290 5777 362 5834 saepe
385 5766 517 5824 obtrudit.
545 5768 614 5826 llinc
638 5771 724 5829 lector
736 5772 849 5844 judicet,
872 5791 953 5846 quarn
1007 5786 1113 5843 cunque
1128 5771 1302 5827 continentur
1316 5770 1343 5825 iu
1355 5768 1455 5828 Codice
1467 5771 1519 5828 iste
1533 5770 1683 5843 epistolari,
1695 5777 1797 5825 meam
