3780 6120
98 263 152 320 lat
189 262 267 318 col).
284 261 582 332 oleta-ltoh'ull,
600 264 688 329 ETC„
710 263 776 322 SEU
794 264 870 322 COD.
892 267 1143 324 canonialis-
1165 268 1239 325 illu.
1262 271 1364 328 eluta
1384 275 1403 328 l.
1422 306 1456 314 α
1476 276 1646 335 uoulrttlt.
1684 285 1736 343 158

97 397 245 441 commissa
256 382 323 436 vadit
334 398 404 450 quae,
419 389 465 436 aut
481 383 562 437 ulmis
578 382 672 449 libere,
684 391 730 464 aut
744 383 833 436 minus
845 397 891 437 ac-
906 395 927 453 g
943 381 1019 437 stolis
1037 384 1115 453 juxta
1139 383 1333 438 recensionem.
1364 383 1475 455 Legitur
1495 384 1521 439 iu
1549 389 1635 456 prima
1656 391 1734 464 (Cori.

97 464 192 510 ιιιιιιι
204 454 306 522 scripta
320 453 437 516 lucrant,
458 466 490 508 ca
510 453 635 508 secundis
647 451 890 508 currsemendavit.
943 452 1005 506 Car.
1020 455 1060 516 li,
1074 453 1109 507 al.
1125 453 1168 525 15)
1183 472 1190 507 ;
1207 455 1356 509 «Amicitia
1370 455 1404 510 ab
1416 455 1657 529 eodemStephaeo
1674 480 1735 522 curn

134 524 188 578 llll.
210 524 274 577 llaec
289 522 412 593 proiecto
426 530 469 577 est
483 523 605 579 recensio
617 525 694 593 cujus
704 522 827 577 meminit
842 522 893 576 Ba-

96 595 200 648 ronius.
229 594 264 648 Et
280 601 323 647 est
344 594 416 663 qnod
430 593 524 658 mirer,
542 601 645 648 tantum
668 593 755 647 sirum
769 593 839 647 haud
852 593 892 645 vi-

95 666 178 730 disse,
190 672 350 735 arguntetrta
363 665 408 718 illa
421 664 646 734 quemadmodum
661 665 760 732 scripta
775 663 891 731 primum

95 735 230 791 luerauta
248 734 389 798 panvinio,
404 749 515 803 prorsus
526 735 637 803 reperiri
651 737 721 803 apud
731 733 892 804 blagdebur-

93 821 201 874 genscs.
232 805 320 859 Voces
336 804 470 874 siquidem
482 804 585 869 deletae,
608 812 655 858 aut
674 806 701 859 in
712 804 765 859 line
780 802 888 867 adulte,

93 890 124 928 ιιι
138 874 206 930 nihil
217 875 307 928 dicam
320 875 353 930 de
368 875 544 943 superpositis
556 889 604 928 seu
616 873 780 942 interjectis;
794 873 890 928 litterae

94 945 160 1000 item
185 945 305 1012 aliquot,
325 944 368 999 vei
387 943 515 1013 adjeme,
541 945 583 999 vei
605 945 731 999 detractae
747 946 775 998 in
797 945 890 998 codiee

93 1014 262 1069 panviniano
272 1015 412 1069 evidentes
427 1015 495 1069 adeo
506 1023 578 1079 sunl,
590 1025 619 1069 ut
628 1016 654 1069 in
667 1015 781 1090 legentis
797 1014 889 1069 oculos

91 1100 142 1208 Ber
153 1101 183 1140 se
193 1087 258 1154 ipsae
268 1093 419 1138 incurrant.
438 1083 618 1150 Quamobrem
629 1086 774 1140 editionem
783 1085 889 1154 hlagde-

112 1157 268 1227 argeusium
282 1154 433 1209 corviereuti
455 1170 516 1210 cum
531 1171 582 1210 ms.
597 1156 689 1210 codice
712 1153 885 1217 panvinium,

91 1234 167 1279 tauta
181 1226 310 1294 rrtnnqoe
329 1225 475 1280 sinulitudo
497 1233 524 1279 et
547 1225 734 1281 convenientia
758 1226 809 1279 erit
830 1225 888 1278 evi-

90 1296 168 1358 dens,
182 1305 212 1350 ut
223 1296 371 1350 miraturus
380 1309 484 1349 mecum
494 1296 529 1350 sit
540 1295 647 1350 Baronii
658 1296 822 1364 diligentiam
837 1297 887 1350 hac

89 1365 118 1419 io
138 1382 169 1420 re
184 1368 274 1420 minus
289 1373 455 1421 accuratam.
496 1364 534 1420 lie
558 1365 678 1421 Gretscri
696 1366 886 1420 allucinatione

89 1436 129 1489 nil
147 1437 220 1491 alitrd
233 1438 304 1500 dim,
350 1451 410 1490 nam
424 1435 530 1489 veniam
556 1436 737 1491 adhibendam
751 1450 811 1490 esse
828 1437 886 1490 viro

941 522 1053 579 Francis
1073 532 1245 579 contracta.»
1272 525 1403 581 Batonius
1426 527 1538 580 mutarit
1564 547 1573 578 ι
1590 529 1656 585 iolla
1672 549 1735 591 eunt

941 593 1063 650 Francis.
1080 612 1090 646 ι
1120 595 1148 648 ln
1162 602 1256 649 octava
1274 594 1422 666 (docear.
1434 595 1478 657 25,
1499 596 1534 650 ai.
1548 598 1644 670 diluit
1667 603 1737 661 Pan·

941 664 1029 719 ciuitas
1046 683 1051 718 τ
1070 665 1280 733 «Imperatorem
1291 665 1414 736 Graecum
1427 667 1453 719 in
1466 668 1558 732 armis,
1578 678 1606 723 nt
1630 671 1736 731 Raven-

940 742 1030 789 natem
1049 737 1223 790 exarchatum
1235 744 1262 789 el
1275 737 1388 789 ιιιιιιιιιι
1399 748 1581 805 recuperaret,
1601 755 1660 798 esse
1670 761 1735 800 nar·

941 812 992 858 rat.
1005 825 1014 857 ι
1042 806 1174 861 Baronius
1183 807 1281 875 parlim
1292 806 1386 875 primae
1399 806 1517 872 lectioni,
1530 810 1628 877 parlim
1643 830 1736 870 corre-

939 875 1022 929 ctioni
1038 876 1189 940 adherens,
1212 877 1259 929 rin
1281 876 1364 930 armis
1376 891 1467 942 csse,v
1492 879 1540 943 ait,
1563 890 1612 935 ιιι
1627 877 1748 941 haren-l
1788 936 1793 945 ,
1814 914 1820 923 ·

939 955 1029 999 uatem
1044 948 1218 1000 exarchatum
1235 957 1262 1000 et
1275 947 1387 1000 Romam
1405 962 1565 1018 recuperare
1578 952 1646 1006 velle
1667 969 1733 1011 aar·
1783 966 1793 975 ’·

939 1023 990 1069 ιιι.
1006 1037 1016 1069 ι
1042 1016 1071 1070 ln
1085 1017 1225 1071 undecima
1242 1014 1318 1087 (Coti.
1333 1015 1394 1070 Car.
1407 1017 1452 1082 at,
1471 1018 1506 1071 ai.
1525 1018 1571 1091 51)
1585 1020 1733 1079 Pontinius

939 1101 1076 1141 rumorem
1087 1087 1175 1169 spargi
1188 1087 1255 1141 dixit
1272 1087 1326 1140 rab
1342 1087 1471 1143 inimicis:
1484 1107 1493 1140 ι
1510 1089 1652 1158 baronius,
1672 1113 1681 1143 r
1696 1094 1732 1153 ah

938 1157 1063 1211 ommis.»
1098 1158 1218 1226 Demque
1234 1158 1261 1210 iu
1283 1157 1494 1228 decimaquinta
1510 1158 1585 1232 (Cori.
1599 1161 1661 1216 Cor.
1678 1166 1730 1231 15,

937 1225 972 1279 ιι.
998 1225 1045 1297 17)
1060 1227 1205 1281 Ριιιιίιίυι
1224 1244 1230 1280 :
1251 1226 1370 1293 ‹Qttinla
1391 1227 1494 1282 decima
1510 1244 1559 1298 per
1580 1231 1731 1290 Wilardmu

937 1299 1124 1365 coepiscopum
1137 1298 1227 1367 (quem
1242 1297 1354 1365 Pippiuo
1364 1299 1486 1368 exemplo
1498 1298 1589 1355 lustris
1601 1302 1731 1372 Stephani

937 1368 1117 1436 ιιιιιιιιιιιιιι)
1131 1368 1239 1435 scripta,
1255 1367 1365 1421 latides.
1380 1406 1386 1419 .
1399 1405 1405 1419 .
1416 1407 1438 1422 ..
1453 1371 1635 1425 continentur.
1648 1393 1657 1424 ι
1678 1375 1730 1428 Ba-

936 1437 1050 1493 rouius:
1073 1438 1226 1501 «scribens,
1248 1437 1281 1491 iis
1300 1437 1396 1492 litteris
1412 1438 1505 1494 laudes
1523 1479 1625 1495 .....
1645 1446 1732 1501 couti·

89 1505 258 1568 doctissimo,
274 1507 321 1576 qui
376 1505 531 1560 nvinianum
544 1506 663 1561 codicem
680 1521 732 1559 uon
748 1506 885 1560 babuitob
935 1515 1069 1561 nentur.»

88 1576 193 1642 ocultis,
208 1577 255 1632 sed
266 1577 375 1631 Baronil
389 1577 549 1630 sententiam
564 1576 713 1645 ampiexus,
726 1576 753 1630 id
769 1585 886 1630 tantum-
973 1579 1052 1646 120
1069 1577 1103 1630 X.
1124 1577 1290 1647 Argumenta
1303 1579 1408 1643 eadem,
1425 1588 1456 1634 ut
1473 1579 1589 1645 aiebam,
1601 1596 1634 1636 ex
1649 1584 1732 1644 Baro·

87 1648 171 1702 modo
181 1647 279 1717 adjecit
289 1648 362 1716 quod
375 1646 447 1702 acies
458 1646 557 1715 ingenii
568 1661 712 1716 rertrmque
722 1646 885 1701 ecclesiasti·
934 1647 972 1700 nii
988 1647 1138 1702 htarralibus
1150 1648 1175 1701 in
1187 1648 1373 1703 collectionem
1384 1649 1555 1706 Labicanum
1567 1661 1629 1707 sunt
1643 1662 1731 1712 trans-

87 1731 183 1772 carum
210 1719 337 1772 diuturna
369 1717 495 1772 tractatio
518 1715 707 1784 proferendum
728 1726 881 1771 suaserunt.
899 1717 998 1797 Biala.
1023 1717 1077 1773 Sed
1093 1733 1174 1787 quam
1194 1719 1299 1774 diversa
1313 1733 1405 1773 eorum
1417 1719 1571 1792 pleraquea
1587 1722 1726 1782 Panvinia·

87 1786 270 1853 Quaumbrem
283 1787 479 1842 calumniarum
500 1802 594 1868 genos,
616 1788 687 1856 quod
708 1787 883 1842 novatoribus
934 1787 976 1840 ni,¹
989 1788 1024 1841 lbi
1049 1788 1194 1859 legentur!
1213 1789 1336 1844 labbeus
1358 1790 1501 1858 siqnidem,
1526 1793 1599 1861 quod
1613 1795 1730 1854 Baronio

86 1857 158 1911 bona
168 1858 222 1912 lide
233 1859 380 1928 impactum
391 1857 417 1910 in
429 1855 588 1910 Paovrnium
597 1858 734 1919 recideret,
751 1858 788 1911 ita
801 1859 885 1910 inter·
933 1857 1140 1928 haudquaquam
1163 1861 1265 1923 evenit,
1292 1857 1410 1914 Camiiui
1435 1861 1542 1918 Codicis
1571 1865 1728 1935 editionem,

85 1929 189 1994 pretari
201 1938 316 1997 oportet,
332 1935 362 1982 ut
375 1928 458 1981 verba
474 1936 502 1982 ct
514 1928 584 1981 dicta
597 1927 827 1996 queisiiretserus
841 1927 882 1980 in·
932 1942 993 1996 quae
1003 1937 1080 1983 sexto
1094 1936 1155 1999 post
1166 1927 1245 1995 htrjus
1256 1937 1370 1983 mortem
1395 1944 1466 1984 auno
1481 1932 1507 1984 in
1522 1932 1608 1987 lucem
1627 1939 1729 2004 prodiit

85 1997 171 2062 sistit,
185 1998 293 2052 illorum
304 2013 352 2053 ore
363 1997 478 2067 prolata,
493 2013 608 2067 quornm
621 2013 703 2067 pram
715 1998 827 2053 intentio
842 2005 883 2052 est
932 1997 1096 2067 lngolstadii‚
1112 2013 1220 2053 versare
1231 2000 1327 2067 potuit,
1340 2009 1367 2053 et
1381 2000 1467 2069 siqua
1482 2002 1571 2055 tatinus
1590 2003 1662 2059 clara
1678 2011 1728 2063 mi·

85 2067 113 2121 iu
133 2069 263 2124 omnihus
275 2083 336 2138 qua·
353 2069 444 2123 sedem
457 2068 643 2137 apostolicam,
666 2068 692 2122 in
706 2069 798 2123 multis
823 2083 883 2138 quae
932 2083 1036 2137 nosque
1048 2077 1142 2124 exacta
1154 2072 1255 2138 reperit
1280 2078 1447 2139 argumenta,
1491 2071 1593 2126 leniora
1608 2089 1641 2129 ac
1662 2076 1729 2134 luci·

84 2139 251 2192 catholicam
271 2138 428 2209 religionem
439 2146 570 2207 spectant,
585 2139 726 2192 calumniae
741 2139 883 2194 videantur
932 2139 1007 2194 diora
1031 2140 1164 2202 emittere,
1186 2139 1257 2207 quod
1284 2154 1349 2193 sanc
1365 2141 1399 2194 ab
1413 2154 1446 2194 eo
1473 2151 1562 2196 :actum
1582 2145 1673 2200 videre
1685 2156 1728 2204 est

84 2216 111 2261 et
133 2210 205 2272 sint;
225 2218 254 2262 at
267 2208 400 2264 catholieo
422 2209 546 2277 scriptori
561 2224 666 2263 samma
685 2209 801 2278 primum
820 2225 882 2263 eum
932 2208 1023 2280 (donc.
1043 2217 1109 2263 tom.
1123 2209 1167 2274 Vl,
1182 2224 1210 2279 p.
1226 2209 1304 2274 lota,
1328 2210 1397 2264 1750
1412 2211 1511 2282 seqq).
1532 2211 1564 2266 Er
1584 2228 1649 2269 xero
1663 2218 1728 2273 dnm

84 2278 138 2333 ilde
153 2281 275 2347 exceptis
291 2294 324 2334 ex
349 2279 453 2343 codice,
477 2279 574 2333 deinde
591 2280 733 2348 diligenter
755 2281 882 2334 exurenda·
931 2279 1027 2333 iisdem
1040 2289 1067 2335 ιι
1087 2280 1144 2349 ipse
1159 2280 1279 2349 epistolis
1290 2280 1362 2334 serio
1377 2281 1546 2351 perimendis
1561 2282 1725 2352 insisterem,

84 2351 130 2411 tis,
151 2366 185 2403 ne
202 2350 294 2404 forsan
313 2351 351 2405 ita
367 2348 442 2418 prelo
459 2350 702 2415 committerentur,
726 2350 882 2425 impruden·
931 2359 960 2404 ιιι
986 2364 1116 2420 synopses
1136 2351 1280 2420 ampliores
1301 2359 1382 2420 alque
1404 2323 1593 2421 eap‘ficatiores
1615 2358 1728 2414 confice·

84 2421 129 2473 ιι
146 2421 233 2491 magis
252 2435 333 2491 quam
346 2419 542 2475 calumniarum
553 2428 644 2474 notam
658 2420 818 2474 inurendam
832 2435 881 2490 pu·
931 2435 1000 2481 rom,
1019 2423 1053 2476 ad
1064 2421 1171 2476 Codicis
1179 2421 1296 2475 Carolini
1308 2429 1412 2475 sextam
1421 2431 1448 2476 ct
1462 2423 1725 2496 quinquagesimam,

86 2497 186 2544 mutus.
929 2489 1040 2545 Adriani
1053 2492 1206 2546 vicesimam
1216 2492 1348 2573 quintam,
1357 2493 1478 2561 perveni,
1490 2508 1549 2562 quac
1561 2496 1726 2566 rutuiestlt,

120 2561 187 2615 llll.
207 2560 267 2616 Huc
281 2560 385 2616 accedit
406 2559 477 2630 quod
498 2560 541 2614 vir
564 2558 609 2613 iile
631 2559 814 2622 doctissimus,
828 2559 881 2615 scr·
929 2567 957 2614 ct
967 2562 1023 2629 agit
1036 2562 1069 2616 de
1086 2560 1229 2617 Sabinensr
1244 2561 1407 2630 patrimonio
1421 2563 1525 2617 interce
1546 2565 1725 2624 restituendo.

82 2639 211 2686 vescente
230 2631 318 2686 adbuc
332 2638 422 2697 aetate,
445 2632 559 2686 necdum
572 2631 774 2686 conscribendis
785 2630 878 2685 Eccle·
929 2631 957 2684 ll
968 2640 1056 2685 aulem
1070 2632 1263 2700 patrimonium
1291 2631 1319 2683 iu
1334 2631 1453 2685 editione
1469 2604 1643 2689 decisoriam
1660 2636 1726 2692 dici-

82 2700 131 2757 siae
140 2703 224 2756 rebus
238 2699 414 2764 assuefactus,
431 2715 541 2755 noricas
558 2709 661 2755 tantum
685 2715 816 2772 synopses
832 2715 880 2755 seo
930 2710 974 2753 tur
989 2701 1166 2761 harenaceae,
1181 2709 1208 2756 et
1222 2702 1247 2754 in
1259 2701 1438 2756 Latubceiana
1452 2701 1627 2758 harenaceae.
1641 2705 1725 2763 Cum·

81 2780 243 2842 argumenta
263 2771 413 2827 litterarum
439 2771 535 2826 alicubi
557 2770 754 2826 inconsiderate
779 2771 879 2839 scripta
929 2785 982 2840 que
1005 2785 1039 2825 cx
1054 2772 1200 2826 novissima
1216 2771 1374 2826 recensione
1386 2771 1514 2827 Gerrtiioti
1533 2787 1619 2827 essem
1632 2777 1725 2832 adino-

82 2843 198 2911 exeepit,
215 2842 385 2912 sedipsemct
398 2849 482 2896 totam
496 2841 661 2912 pontificiam
672 2840 814 2897 historiam
829 2843 880 2896 hac
928 2843 1011 2903 tritos,
1029 2842 1130 2896 unllam
1145 2841 1268 2896 adhiberi
1288 2841 1463 2911 majusculam
1476 2842 1502 2895 in
1514 2852 1642 2898 contextu
1652 2846 1725 2903 illius

80 2910 144 2966 illac
157 2927 254 2982 parom
280 2920 360 2968 caule
383 2913 463 2968 dictis
483 2919 659 2981 resperserat.
700 2911 790 2978 Quare
805 2910 879 2964 illam
929 2911 1725 2986 Codicis,iacilinegotioassccatossumcausamcormptar

80 2983 284 3052 castigatiorem
300 2983 401 3053 ubique
413 2982 543 3038 redditam
562 2983 687 3038 secundis
698 2982 772 3037 curis
786 2981 879 3036 videre
929 2981 1061 3036 lectionis.
1091 2983 1158 3037 Natu
1171 2983 1341 3038 hlabillonins
1354 2982 1500 3053 (Sarapieon
1516 2982 1551 3036 ιιι
1564 2983 1646 3056 Diph,
1678 3003 1722 3059 ag.

81 3058 121 3106 cst
134 3053 161 3106 in
177 3067 243 3107 mss.
259 3053 396 3109 Vaticanis
417 3053 565 3110 codicibus.
604 3053 641 3106 Ne
662 3068 695 3108 ιιι
720 3053 746 3107 id
761 3052 874 3106 mirum:
890 3086 913 3148 C
930 3050 975 3122 70)
993 3053 1102 3108 exhibet
1113 3054 1247 3123 specimen
1272 3055 1414 3122 scripturn
1429 3052 1556 3108 ihomanae
1570 3003 1725 3126 hringossar-

81 3137 142 3176 uam
154 3123 289 3178 Barcinus
299 3124 403 3179 eumad
415 3068 694 3180 scribendoshnnaffies
707 3123 805 3193 adjecit
818 3122 876 3176 ani·
928 3121 1004 3187 dice,
1016 3139 1077 3204 quae
1089 3124 1198 3178 hdriani
1212 3139 1269 3179 aava
1282 3130 1341 3180 crat
1360 3124 1429 3187 usui,
1458 3138 1491 3177 ex
1504 3125 1667 3181 authenticis
1681 3129 1725 3182 lil-

81 3206 164 3256 ιιιιιιι,
191 3208 243 3263 per
268 3208 352 3249 annos
378 3194 488 3265 triginta
503 3191 640 3248 ,Ecclesiae
664 3195 744 3248 rebus
765 3200 877 3247 nacarat
926 3193 992 3248 teris
1006 3195 1125 3262 ejusdcm
1138 3194 1274 3264 pontilicis
1287 3195 1313 3248 in
1326 3194 1441 3264 phylira,
1465 3209 1525 3262 qnae
1542 3205 1685 3252 servantur
1695 3199 1723 3253 in

80 3278 201 3332 operam,
216 3263 287 3347 qaod
301 3265 409 3333 proprio
421 3279 467 3319 ore
479 3263 579 3318 fatetur
606 3264 632 3317 iu
647 3270 711 3318 torn.
729 3264 749 3330 l,
762 3263 876 3333 epistola
926 3265 1038 3319 areltiro
1051 3264 1219 3319 Corbeleusi.
1256 3264 1283 3319 in
1297 3265 1452 3320 earuntdem
1473 3264 1606 3386 scriqatura
1620 3274 1722 3324 tautam

81 3334 249 3389 dedicatoria
269 3335 304 3388 ad
322 3332 427 3388 Sixlunt
440 3335 472 3390 l.
492 3334 579 3388 ‹Cnm
588 3347 644 3402 yam
656 3350 703 3388 sex
715 3335 807 3389 lustris
819 3335 875 3401 ipsa
926 3334 981 3387 vidi
1005 3335 1207 3389 similitudinem
1233 3334 1330 3389 interr
1349 3343 1376 3388 ct
1389 3333 1410 3395 ι’,
1431 3344 1460 3388 ιι
1476 3334 1526 3388 laci
1539 3351 1554 3388 ι
1567 3350 1649 3391 ιιιιιιιιι
1673 3355 1723 3410 pro

79 3404 266 3459 ecclesiastica
279 3404 390 3458 historia
404 3405 483 3475 119
493 3401 575 3458 interit
588 3420 603 3457 a
616 3419 658 3458 mc
670 3406 769 3476 septies
782 3405 876 3459 ordine
926 3404 1012 3458 altero
1028 3405 1096 3459 sumi
1109 3407 1203 3474 possit.
1229 3405 1362 3460 Praeterea
1379 3405 1431 3459 vidi
1446 3420 1523 3474 apro
1540 3405 1721 3475 direquemer

80 3481 233 3543 temporum
247 3475 391 3543 repetita.»
423 3477 445 3529 Ε
460 3475 597 3529 coutmrio
618 3474 763 3529 Paminius
777 3474 834 3543 ipso
848 3473 875 3527 in
925 3475 1085 3540 adhibitum,
1111 3489 1143 3530 ae
1154 3477 1260 3531 dcnnmr
1275 3476 1426 3546 ipcrpciuo
1440 3477 1541 3545 alisque
1556 3486 1665 3546 puncto.
1683 3479 1720 3535 Ea

80 3544 328 3601 ecclesiasticarum
351 3560 440 3599 rerum
464 3545 596 3616 tyrocinio
613 3545 778 3613 pontiliciam
803 3545 876 3598 illam
925 3552 1036 3615 propter
1051 3545 1129 3599 venia
1152 3545 1218 3599 mihi
1238 3546 1381 3601 videbatur
1406 3546 1556 3601 adltihcuda
1576 3548 1720 3616 excipienti

80 3611 228 3668 ilistoriam
243 3616 410 3696 composuit:
426 3617 497 3684 quod
510 3615 623 3684 ipsemet
635 3623 697 3670 ante
711 3630 788 3669 suam
802 3613 877 3670 addi·
924 3613 1036 3670 Adriani
1051 3616 1155 3670 litteras
1167 3631 1200 3669 ιιι
1216 3615 1400 3687 autographis,
1429 3631 1490 3670 com
1506 3617 1619 3672 Carolus
1632 3619 1659 3672 in
1669 3619 1721 3675 ilo·

80 3684 180 3739 tionem
192 3685 229 3739 ad
241 3684 373 3738 Plotinam
386 3694 509 3749 testamr,
535 3686 661 3740 lectorem
679 3685 716 3738 ita
743 3699 873 3741 monens:
926 3685 1012 3740 dicem
1024 3685 1119 3741 referri
1134 3700 1179 3740 cas
1194 3686 1286 3740 voluit.
1309 3686 1535 3757 Panviuiusipsc,
1551 3688 1720 3757 qooo'ntay'ns

82 3755 177 3809 charte
201 3770 290 3809 auarus
305 3756 413 3810 circiter
426 3765 496 3820 octo,
521 3755 631 3810 hortatu
657 3754 775 3810 Marcelli
791 3755 874 3809 card.
926 3763 975 3819 cst,
998 3756 1119 3809 eamdem
1133 3770 1189 3809 rem
1204 3756 1340 3836 peccavit:
1362 3772 1423 3809 narn
1437 3756 1528 3823 legens
1553 3757 1580 3808 iu
1592 3762 1719 3828 synopsi:

79 3832 179 3880 ιιιιιι
189 3825 296 3890 Crucis,
310 3840 389 3894 quem
402 3832 494 3896 pastea
512 3839 647 3879 sumntum
665 3825 821 3894 pontiheem
836 3824 876 3877 vi·
926 3823 1208 3878 Patrimoninmmaca
1221 3824 1294 3878 Petri
1300 3825 1370 3895 apati
1379 3825 1598 3890 herculanenses,
1606 3829 1719 3897 ipsemet

79 3894 177 3960 dirum,
194 3895 240 3950 cui
254 3911 304 3967 ego
315 3911 357 3949 me
370 3903 434 3949 tunc
445 3895 573 3966 temporis
583 3896 609 3948 in
623 3895 775 3951 clientelam
789 3903 874 3950 totum
926 3894 1051 3948 secundis
1063 3896 1135 3948 curis
1154 3895 1257 3964 posuit:
1278 3894 1452 3948 Raracnoates.
1476 3894 1553 3960 Quod
1567 3905 1668 3963 (quatrio
1684 3900 1719 3953 sit

79 3963 217 4031 ιιιιιιιιιι,
234 3966 307 4021 beati
318 3972 345 4019 ιι
357 3966 518 4022 sanctissimi
542 3966 614 4020 illius
626 3967 677 4019 riri
701 3965 815 4019 virtutes
828 3965 876 4018 ad·
925 3965 1076 4034 proximum
1098 3965 1240 4019 intervallo
1253 3963 1393 4018 sententiae
1418 3963 1578 4027 litterarum,
1604 3967 1717 4036 simplex

79 4035 202 4100 miratus,
215 4035 380 4092 abbistoriis
390 4036 510 4106 profanis
518 4035 734 4100 conscribendis,
743 4036 776 4090 ad
789 4036 876 4091 eccie-
924 4050 1018 4090 carum
1037 4035 1117 4090 lectio
1131 4035 1240 4105 pianum
1258 4033 1330 4089 iacit.
1356 4032 1433 4098 Nam,
1451 4043 1629 4104 preterquam
1647 4040 1717 4106 qaod

79 4105 203 4160 siasticas
219 4121 264 4161 res
274 4119 359 4177 usque
371 4107 405 4161 ad
419 4120 452 4161 ea
463 4115 584 4175 tempora
595 4107 711 4175 apaueis
720 4113 767 4159 ant
781 4105 875 4159 leviter
925 4105 1061 4160 Ravennae
1078 4107 1269 4176 patrimonium
1280 4104 1403 4175 Gregorii
1419 4105 1506 4174 hlagni
1519 4112 1640 4174 tempure
1651 4108 1718 4162 cele

79 4182 205 4240 mutatas,
233 4185 279 4231 aut
290 4176 401 4232 omuino
418 4176 563 4248 neglectas,
585 4177 740 4231 tractandas
752 4183 779 4230 et
790 4175 875 4244 expli·
924 4176 1084 4241 berrinmm,
1104 4184 1202 4231 cuncto
1216 4177 1362 4231 exarchatu
1376 4190 1447 4229 nuile
1472 4175 1563 4229 addito
1574 4176 1717 4244 porttilrciae

79 4247 177 4300 muchs
192 4245 314 4301 animum
324 4248 455 4304 converti.
472 4266 481 4300 ι
926 4245 1030 4308 ditioni,
1046 4257 1099 4300 non
1109 4253 1167 4301 erat
1180 4263 1229 4300 cur
1243 4254 1422 4315 repeteretur;
1441 4245 1649 4300 Adriannsalrbi
1664 4245 1715 4319 (ep.

119 4315 155 4369 11.
174 4315 313 4387 Syuopses
330 4316 389 4371 illas
400 4318 541 4390 diligenter
553 4317 645 4387 excepi
655 4316 776 4372 omnium
789 4317 875 4372 oeulis
925 4315 969 4381 59,
981 4315 1069 4388 ahili)
1091 4317 1231 4388 perspicue
1243 4316 1298 4384 agit
1311 4318 1343 4371 de
1358 4315 1496 4370 sennensi
1506 4315 1662 4386 patrirnoaio
1678 4317 1717 4371 in·

77 4384 264 4453 subjecturus:
277 4398 304 4440 at
319 4387 382 4457 quia
395 4389 511 4442 maxima
521 4387 874 4456 occurritdiscrepantiam«
926 4386 1027 4441 toralia
1043 4402 1103 4455 qnae
1115 4387 1279 4442 restituenda
1300 4395 1388 4451 erant,
1409 4385 1611 4440 Ravennaleusi
1631 4386 1717 4441 nulla·

79 4456 187 4511 lerillas
201 4467 230 4512 et
242 4457 351 4513 Codicis
364 4456 480 4531 Carolini
501 4459 637 4527 epistolas,
664 4458 723 4512 aliae
738 4458 870 4528 siquidem
888 4440 1004 4512 Dionos
1024 4467 1182 4512 memorato.

78 4525 127 4581 alio
142 4526 240 4582 οιιὶιιι
252 4527 362 4598 digestas
372 4536 443 4592 sunt,
456 4535 536 4597 atque
545 4530 686 4611 utrobique
700 4527 871 4582 ιιιιοιιιιισίι
958 4527 1004 4581 ΧΙ.
1024 4527 1093 4593 Quid
1104 4535 1193 4582 autem
1205 4525 1300 4595 plura?
1326 4527 1461 4591 Labbeus,
1477 4525 1606 4596 inspectis
1618 4526 1716 4594 episto·

78 4598 166 4651 miuus
178 4606 255 4651 recta
267 4604 319 4662 cst,
336 4598 469 4666 subjicere
478 4599 597 4668 singulas
613 4598 733 4670 epistolis
749 4597 806 4653 suis
826 4570 873 4654 dc-
922 4598 965 4661 lis,
977 4598 1117 4667 quaestioni
1129 4598 1209 4652 hrrem
1221 4596 1319 4663 attulit,
1334 4598 1470 4667 synopsim
1483 4597 1553 4650 banc
1565 4597 1715 4651 exhibens:

78 4663 199 4730 libcrari,
213 4682 282 4736 quas
299 4668 333 4722 ad
349 4684 433 4723 anxios
452 4668 510 4724 lere
520 4679 609 4725 certos
620 4669 746 4724 diducere
759 4676 871 4723 conatus
925 4669 1021 4735 «Quod
1032 4668 1166 4738 integrum
1178 4669 1263 4721 sancti
1277 4667 1348 4721 Petri
1360 4668 1552 4737 patrimonium
1568 4667 1716 4722 Sabincosc.

78 4749 145 4803 sunl,
170 4738 287 4792 nimium
309 4737 392 4794 libere
407 4747 535 4809 vagantes
552 4740 622 4822 apud
637 4737 757 4793 eruditos
769 4738 871 4808 aliquot
921 4740 1103 4795 contraditum
1119 4754 1171 4792 uon
1183 4738 1233 4792 sit:
1257 4737 1336 4805 idque
1352 4737 1542 4791 testificaturos
1560 4736 1616 4806 regi
1631 4736 1716 4804 ipsius

79 4808 254 4872 recentiores,
279 4807 325 4879 qui
346 4812 474 4881 temporis
487 4809 581 4864 incerta
604 4809 774 4864 occasionem
787 4810 870 4875 nacti,
922 4810 1019 4864 missos
1036 4810 1167 4864 itherium
1190 4816 1217 4860 et
1231 4806 1418 4877 blaginarimn,
1441 4808 1464 4861 si
1475 4805 1642 4877 apprehensa
1656 4805 1715 4872 ejus

78 4877 109 4929 ad
121 4892 187 4932 suas
197 4876 343 4948 opiniones
366 4879 535 4943 asserendas,
562 4879 621 4934 ioco
643 4894 690 4935 cas
702 4893 809 4934 movere
821 4879 872 4934 im·
922 4881 1032 4934 dextera
1053 4878 1145 4948 jurare
1160 4877 1338 4945 jubeamur.»
1368 4879 1455 4944 Quam
1473 4893 1528 4931 rena
1544 4874 1727 4930 siluissem·

78 4948 387 5019 mneposseratisunt.
425 4949 516 5018 Νιιιιιι
532 4949 559 5004 id
577 4958 653 5020 putet
665 4949 871 5019 aliquisperme
921 4951 993 5020 glum
1005 4963 1199 5017 censoremque
1223 4946 1280 5016 eius
1304 4963 1436 5018 nuperum
1462 4946 1492 5000 P.
1510 4946 1643 5001 Maesium
1670 4955 1713 5000 est

79 5015 142 5079 lieri,
156 5025 186 5072 ut
200 5032 261 5072 meo
269 5033 302 5074 ac
314 5018 423 5073 lectoris
434 5019 490 5074 otio
498 5022 605 5075 abutar.
628 5019 748 5074 Breviori
762 5020 870 5088 quidem
921 5019 991 5089 quod
1004 5020 1096 5081 mirer,
1113 5034 1173 5073 cum
1188 5018 1321 5088 precipue
1339 5018 1444 5072 vitieam
1464 5017 1651 5077 iiuratorinm,
1668 5018 1712 5084 qni

79 5085 118 5139 via
138 5087 228 5143 incedi
243 5098 336 5159 posset
349 5092 492 5155 mouendo,
515 5090 586 5161 quod
600 5104 739 5161 synopses,
758 5105 803 5143 seu
828 5105 871 5143 ar·
921 5090 1021 5143 riudam
1030 5089 1149 5159 praeterit
1164 5089 1333 5142 occasionem
1357 5086 1532 5142 labefactandi
1556 5086 1712 5156 pontillemn

79 5169 205 5236 gumenta
221 5159 385 5225 litterarum,
409 5176 469 5230 qum
482 5161 569 5232 primo
590 5161 698 5230 scripsit
713 5158 869 5224 Patavinius,
921 5160 1129 5215 dominationem
1146 5160 1173 5212 iu
1188 5158 1265 5229 121
1280 5159 1438 5221 exarchatu,
1452 5158 1587 5213 monuisse
1602 5154 1710 5224 (darant.

79 5229 213 5297 ipsissima
237 5229 283 5284 illa
302 5239 365 5285 suut
382 5246 440 5300 quae
462 5233 531 5300 apud
545 5231 748 5285 centuriatores
765 5245 870 5284 surnma
921 5229 983 5300 778)
996 5243 1045 5296 pro
1058 5227 1380 5299 liarcrnrcusclegcndum
1392 5228 1545 5283 Sabittcoee.
1565 5224 1641 5292 Quod
1653 5224 1713 5291 qui-

77 5311 137 5352 cum
150 5301 204 5354 fide
217 5298 386 5364 retentatum
406 5316 465 5371 quae
478 5309 567 5356 autem
578 5301 724 5355 Panvinius
742 5300 811 5355 idem
825 5316 870 5354 rc·
920 5301 981 5355 dem
994 5299 1064 5352 haud
1075 5299 1193 5363 lecisset,
1206 5298 1258 5353 uisi
1273 5300 1406 5354 sententia
1419 5298 1569 5353 litterarum
1584 5302 1710 5355 coaetus;

76 5370 190 5431 censuit,
208 5370 340 5425 baronius
352 5371 469 5439 primum
480 5373 507 5426 iu
522 5373 579 5426 suis
593 5371 742 5425 Annalibus
763 5369 870 5440 cvtrlga·
920 5385 994 5434 tram,
1017 5368 1121 5438 Pippiui
1138 5369 1281 5423 ‹tonatime
1294 5370 1457 5424 exarchatus
1470 5376 1497 5422 ct
1510 5363 1662 5443 Pentapolis
1676 5365 1711 5443 ob

77 5437 124 5501 vit,
147 5439 265 5510 indeque
278 5442 305 5494 in
332 5441 518 5496 collectionem
535 5441 715 5497 Conciliorum
741 5440 869 5495 translata
920 5441 1162 5495 camdcmcansam
1176 5439 1303 5504 admissa,
1321 5440 1468 5495 dominium
1481 5443 1580 5516 saneim
1594 5436 1670 5516 'serias
1684 5450 1712 5487 ιιι

76 5517 149 5561 sunt.
184 5510 219 5564 ht
245 5509 391 5567 cardinalis
415 5513 586 5568 doctissimus
608 5511 730 5582 religioni
750 5526 804 5566 uon
822 5512 870 5564 ha·
920 5511 1029 5565 dubium
1042 5517 1159 5570 revocat,
1174 5525 1205 5564 ac
1217 5509 1426 5578 pcnecomciiit.
1441 5508 1545 5563 llidcsts
1557 5520 1638 5558 anttm
1651 5518 1712 5572 gra-

76 5576 144 5644 bnit,
158 5583 400 5648 antverbum,aut
420 5583 582 5638 seutentiam
597 5582 756 5652 quandoque
770 5580 869 5650 aliqua-
921 5580 957 5635 tia
977 5579 1093 5634 hrtnaics
1110 5578 1228 5641 italicos,
1255 5596 1299 5633 an.
1328 5580 1405 5642 1017,
1429 5576 1507 5639 loto,
1533 5575 1609 5639 10571,
1631 5574 1710 5656 ttae,

77 5655 155 5703 lenm
169 5650 866 5719 immutare.autemeudationcsnonomninoseqni.
921 5650 1094 5716 1ι50,1”210,
1110 5649 1188 5704 latta.
1224 5650 1288 5716 Quae
1311 5658 1401 5703 autem
1424 5649 1517 5704 titelior
1540 5646 1649 5702 occasio
1673 5645 1712 5698 illi

78 5715 209 5791 Exemplo
229 5723 284 5781 sint
295 5738 356 5793 qum
371 5725 527 5793 impraesens
541 5738 655 5794 excerpo
666 5739 699 5779 cx
712 5722 788 5778 Pauli
813 5723 868 5790 epi·
920 5725 1005 5794 poluit
1016 5721 1116 5786 oii'crri,
1136 5737 1215 5791 quam
1228 5720 1383 5794 patrimonii
1401 5719 1566 5776 Ravennatis
1586 5717 1712 5786 repetitio

200 5816 338 5879 Ριιιιι.
363 5817 504 5880 xcv'lll.
1512 5814 1531 5876 5
