3780 6120
152 299 204 355 523

594 290 623 343 ΙΙ.
644 288 769 343 cattoit
788 285 893 340 ‚vllem
912 286 988 340 ort’.
1009 285 1098 339 etus
1117 285 1137 338 l.
1158 283 1280 340 seculo
1299 284 1341 339 tlt.

1735 285 1788 341 bii

153 409 308 481 Spoletanis
318 421 344 472 ⁴,
357 414 439 475 atque
451 420 511 459 curn
524 403 589 472 ipsis
600 401 800 455 nariandissimis
811 400 944 453 benevim
960 400 982 458 Α
996 397 1059 449 dum
1074 411 1125 449 nce
1137 396 1243 450 dicendi
1258 411 1331 461 rcgrs
1342 395 1581 465 Langobardorum
1602 404 1737 465 expectat,
1767 406 1796 453 ιιι

155 504 225 558 tanis
240 503 267 556 is
281 499 391 555 servitio
409 504 498 551 vestro
516 495 670 565 pariterque
688 500 781 547 nostro
792 491 825 544 ad
843 489 950 544 recolli-

155 595 269 665 gendam
292 594 377 663 ipsam
391 589 528 645 civitatem
550 585 775 641 Terracinensem
794 581 949 642 adveniam,

156 686 290 753 sivuulque
311 682 424 737 Douriuo
446 686 581 732 arrrauente
593 676 627 730 ad
644 675 851 743 expugnandum
874 671 951 740 Caje:

158 787 212 829 tarn
229 774 254 836 Ι,
277 788 325 826 seu
342 767 490 839 Neapolim,
517 772 638 818 nostr-nm
666 762 852 830 recolligentes
869 760 953 829 patri-

158 866 278 918 monium
291 862 362 932 quod
378 860 477 914 ibidem
496 858 522 910 in
545 855 683 910 territorio
707 853 883 922 Neapolitano
904 865 953 920 pa-

158 955 241 1018 nitur,
255 958 413 1013 oceuv·v·ant;
430 958 458 1002 ιιι
472 947 553 1001 cosin
567 945 691 999 ouuribus
703 941 888 1013 subjugantes,
903 941 954 995 sub

159 1053 248 1098 vestra
262 1054 342 1109 atique
354 1047 445 1093 nostra
465 1037 519 1090 siut
531 1035 632 1089 ditione
646 1044 669 1084 v.

194 1132 276 1202 376
289 1130 419 1185 Placitum
434 1127 541 1194 quidem
557 1140 617 1180 cum
637 1123 686 1192 ipsi
713 1121 821 1176 fallaces
836 1119 957 1189 Neapoli·

159 1224 217 1279 tani
232 1221 339 1295 (Crete,
353 1219 418 1291 ipsis
428 1217 569 1272 fallacibus
579 1212 771 1285 Neapolitanis)
784 1227 833 1281 per
844 1213 957 1267 missum

160 1328 255 1369 eorum
270 1311 378 1366 nourine
393 1309 504 1362 Petrum
528 1306 555 1359 iu
574 1303 671 1359 iestum
695 1311 820 1357 sanctum
844 1302 956 1357 Pasclrn

162 1404 316 1466 babuimus,
331 1399 525 1469 patrimonium
541 1411 591 1451 nos
606 1396 678 1450 beati
692 1393 765 1450 Petri
780 1393 895 1462 apostoli
909 1393 957 1460 qui

162 1495 261 1548 ibidem
276 1493 302 1547 iu
322 1489 430 1560 Neapoli
443 1489 552 1557 ponitur
564 1485 747 1555 exquirentes,
767 1492 795 1539 et
818 1485 845 1538 in
867 1492 958 1538 vestro

163 1583 274 1639 servitio
287 1596 334 1636 eos
346 1577 691 1649 subjugaredcsiderantes‚
705 1583 734 1628 ut
743 1573 897 1643 quindecim
911 1573 959 1626 ob

164 1674 236 1727 siles
248 1688 282 1727 er
293 1669 467 1726 nobilissimis
479 1682 572 1723 eorum
586 1665 648 1720 liliis
660 1663 737 1720 nobis
755 1665 859 1727 dantes,
874 1664 959 1731 ipsam

1001 499 1053 537 una
1067 500 1128 537 enm
1142 484 1199 552 ipso
1216 498 1265 551 pro
1291 483 1367 537 robis
1379 498 1429 537 nos
1451 491 1605 553 expugnent
1630 483 1653 538 Ι.
1674 484 1728 540 Sed
1744 488 1798 545 boe

1000 574 1118 642 petimus
1135 583 1253 629 uestram
1269 590 1283 630 a
1301 575 1356 630 beo
1372 583 1524 644 promotam
1542 574 1745 645 excellentiam,
1768 591 1797 634 ιιι

1001 665 1073 721 nulla
1100 665 1229 734 qualisvis
1253 680 1368 734 persona
1398 665 1474 721 vobis
1501 681 1550 735 pro
1578 667 1630 722 boc
1658 668 1798 737 inponere

1003 754 1119 824 (lomb,
1140 755 1281 825 impedire)
1293 755 1390 819 valeat,
1408 772 1458 825 pro
1472 771 1564 813 amore
1579 758 1651 813 beati
1674 758 1749 814 Petri
1770 770 1796 815 et

1003 852 1105 908 nostro,
1122 845 1184 914 quia
1199 846 1272 900 ovillo
1289 846 1369 903 modo
1382 846 1463 919 377
1482 854 1571 916 potest
1588 862 1635 903 eos
1654 847 1756 912 sinere,
1768 857 1798 905 ut

1004 935 1142 991 vobiscum
1168 936 1269 1002 pariter
1281 936 1315 991 ab
1337 935 1390 990 illis
1409 936 1592 1001 derideamur,
1618 937 1683 1006 qnia
1704 946 1799 993 nostra

1005 1026 1092 1081 rinus
1103 1034 1184 1093 atique
1196 1025 1277 1096 gloria
1293 1042 1345 1081 nna
1356 1042 1418 1081 cun
1428 1028 1509 1084 beato
1520 1026 1602 1084 Petro
1613 1027 1808 1096 apostolorum

1005 1115 1127 1184 principe
1140 1131 1189 1171 ros
1202 1115 1278 1170 estis.
1294 1115 1348 1171 Nos
1359 1115 1466 1184 qnidenr
1478 1132 1527 1187 pro
1539 1117 1627 1175 nibilo
1640 1119 1801 1181 montanus

1007 1205 1122 1276 (bamb,
1136 1205 1301 1275 reputamus)
1315 1205 1400 1276 ipsam
1412 1206 1550 1263 civitatem
1566 1207 1801 1277 Terracinensem,

1007 1297 1054 1353 sed
1068 1303 1098 1349 nt
1111 1311 1165 1350 nou
1175 1311 1223 1367 per
1240 1296 1315 1351 illurn
1331 1295 1397 1368 lid..
1411 1297 1497 1368 illam)
1508 1298 1604 1357 vitiam
1624 1300 1757 1367 incurrat,
1773 1309 1803 1356 ut

1008 1385 1130 1443 inlideles
1151 1387 1334 1443 Beneventani
1354 1388 1425 1443 sicut
1444 1389 1599 1446 desiderant
1618 1391 1708 1448 lactan
1728 1394 1804 1448 inve·

1009 1477 1125 1542 aientes,
1143 1494 1158 1533 a
1176 1478 1265 1535 vestra
1291 1480 1487 1537 seminabantur
1507 1482 1559 1537 ilde
1575 1486 1604 1549 ⁸;
1629 1483 1732 1540 idcirco
1751 1488 1803 1541 ista

1009 1569 1087 1624 robis
1099 1569 1268 1626 insinuantes
1283 1571 1433 1641 dirigimus,
1448 1582 1477 1629 ut
1493 1588 1543 1644 per
1553 1583 1673 1631 vcstmm
1688 1578 1805 1631 attonui-

1011 1659 1112 1723 enlnm‚
1137 1659 1207 1715 sieut
1225 1658 1272 1713 lati
1291 1675 1394 1725 snmus,
1414 1661 1534 1717 Ecclesia
1548 1665 1709 1733 protectoris
1721 1668 1806 1721 vestri

164 1764 302 1820 civitatem
319 1759 541 1815 Terracinensem
555 1756 592 1810 illi
610 1755 778 1823 colligerent,
804 1753 855 1807 sub
870 1767 902 1806 ca
918 1753 953 1805 vi·
973 1741 1081 1805 Bbeati
1094 1747 1166 1804 Petri
1181 1750 1296 1818 apostoli
1309 1751 1439 1816 exaltata,
1451 1753 1511 1808 lans
1522 1762 1612 1809 vestra
1625 1765 1708 1824 atque
1720 1757 1807 1811 victa-

164 1855 261 1913 qolieer
274 1853 387 1919 ratione,
413 1858 442 1904 nt
457 1849 541 1904 issem
554 1849 588 1903 ad
601 1847 746 1920 patriciam
761 1861 854 1902 eorum
873 1846 901 1903 iu
915 1844 958 1898 Si·
1009 1843 1048 1896 ria
1065 1843 1091 1895 in
1105 1841 1230 1895 uuircvso
1246 1842 1345 1897 uumdo
1358 1853 1476 1908 sonetur,
1493 1854 1519 1898 et
1533 1845 1559 1899 in
1575 1856 1735 1916 perpetuum
1752 1865 1805 1903 urm

165 1946 238 2011 cilia,
254 1955 281 1998 et
293 1944 316 1999 si
335 1947 457 1998 nostrum
468 1940 661 2011 patrimonium
673 1938 785 1993 reddere
796 1936 956 2001 volnissent,
1009 1948 1070 1988 cum
1081 1931 1308 1989 excellentissima
1318 1932 1372 1988 illia
1385 1944 1476 1992 nostra
1488 1935 1592 2007 regina,
1606 1947 1688 2006 atque
1696 1939 1807 2008 praecel-

165 2035 251 2104 ipsam
265 2031 401 2086 civitatem
417 2027 562 2083 etobsides
581 2027 740 2099 reciperent.
767 2026 820 2082 Sed
834 2042 883 2083 uos
901 2026 960 2083 sino
1010 2020 1165 2077 lentissiuris
1192 2023 1289 2077 vestris
1313 2024 1430 2086 suboles,
1459 2040 1520 2080 curu
1546 2027 1648 2082 sanctis
1674 2030 1802 2082 omnibus

972 2139 974 2143 ·
1010 2128 1124 2184 regnare
1135 2113 1302 2169 mereamini.
1315 2114 1479 2173 lueolumem
1490 2117 1678 2172 excellentiam
1688 2127 1808 2173 vestram

1011 2205 1095 2276 gratia
1109 2221 1226 2274 superna
1240 2207 1386 2262 custodiat.

1365 2299 1468 2357 in'll.

1050 2388 1136 2459 ³78
1166 2388 1249 2443 l'llili
1280 2389 1447 2445 aristosa
1477 2392 1633 2451 musaea
1660 2393 1773 2458 PAPAE,

1135 2494 1169 2533 sn
1183 2494 1293 2534 nonanis
1306 2495 1430 2537 canneru
1452 2499 1543 2541 arasa
1561 2502 1690 2549 nrnsers,

1014 2568 1047 2623 Ιιι
1061 2570 1269 2640 qeocoatinetar
1286 2571 1318 2625 de
1341 2574 1479 2628 camerado
1492 2573 1654 2631 veltroiilaa
1667 2592 1713 2631 rea
1725 2576 1812 2648 liquu-

1048 2641 1127 2701 mlne,
1138 2639 1212 2778 faed
1225 2657 1327 2695 necem
1341 2653 1398 2695 erm
1415 2644 1449 2696 ad
1468 2644 1552 2715 ipsam
1564 2646 1700 2700 ecclesiam
1725 2649 1813 2701 murti

1051 2708 1125 2762 Petri
1151 2709 1298 2774 sciendam,
1315 2711 1424 2765 etdeco
1457 2715 1691 2789 orerenctoqeod
1705 2714 1811 2787 felpe-

1238 2791 1279 2834 tnr
1292 2730 1456 2854 {rotrado}
1470 2785 1543 2854 petiit
1553 2784 1579 2838 Ι.

1123 2869 1185 2940 (Aa.
1194 2870 1335 2937 Donuidb,
1349 2870 1414 2927 Cod.
1428 2873 1718 2949 commasticando.)

1017 2955 1217 3012 Anenuesrmr.
1235 2959 1497 3020 -lldouediacouo
1531 2965 1613 3022 naisso
1640 2966 1717 3037 regio
1732 2968 1837 3061 adve-⁸

165 2133 257 2181 vestro
270 2123 383 2179 consilio
395 2135 483 2193 neque
497 2121 606 2178 obsides
621 2136 708 2193 neque
722 2121 808 2191 ipsam
821 2121 959 2177 civitatem

168 2216 280 2270 reddere
295 2215 448 2278 babuimus,
461 2229 493 2269 eo
507 2211 578 2282 quod
591 2228 640 2282 pro
658 2221 747 2269 vestro
758 2213 868 2268 servitio
889 2213 961 2283 ipsos

167 2309 277 2364 obsides
301 2307 503 2377 apprehendere
527 2306 701 2375 cupiebamus
723 2304 749 2369 d,
774 2306 837 2375 quia
867 2321 961 2361 eonrm

169 2399 317 2466 malignum
336 2396 479 2451 consilinm
502 2394 575 2450 aliud
597 2403 723 2458 nonest,
751 2394 803 2448 nisi
827 2410 879 2448 nna
899 2411 962 2450 curu

168 2488 355 2546 infidelissimo
371 2485 466 2556 Arigbi
491 2484 600 2557 (Greia,
616 2484 720 2556 Ariclri)
739 2485 807 2540 duee
825 2486 962 2541 lteneveu-

169 2589 233 2635 tano
247 2586 406 2644 tractantes,
426 2576 585 2646 etqnotidie
603 2577 699 2632 missos
713 2575 897 2633 uelanlissimi
915 2594 962 2648 pa-

168 2673 241 2728 tricii
254 2671 353 2725 Sicilia
364 2670 423 2740 ipso
436 2668 532 2738 Ariglii
551 2667 724 2737 suscipiente,
741 2669 962 2738 impedimentum

166 2761 224 2832 jam
238 2761 308 2816 latus
320 2760 429 2830 arighis
444 2759 517 2814 solus
528 2756 601 2822 lecit,
616 2766 645 2812 ut
659 2758 769 2813 minime
779 2758 964 2816 nosobsidesa

169 2851 226 2922 iam
240 2851 320 2906 dictis
334 2847 707 2919 Neapolitanisreciperemus
717 2865 724 2913 ;
733 2849 964 2919 quiaquotidiead

171 2942 252 2999 istam
263 2941 443 3012 perditionem
456 2939 539 2993 lilium
550 2937 734 2995 violandissimi
748 2940 878 2995 lle-siderii
892 2951 903 2979 ⁰
915 2941 964 2995 ιΙιι-

217 3098 230 3129 ·
244 3092 330 3162 Supra
345 3090 379 3145 ad
397 3090 475 3159 epist.
489 3089 524 3144 60
538 3097 566 3144 et
576 3088 621 3155 65,
635 3090 671 3145 al.
688 3090 721 3145 75
735 3100 762 3147 et
774 3092 819 3155 iii,
835 3093 868 3148 de
885 3093 966 3148 duca-

172 3163 246 3219 tibus
257 3163 382 3217 Tuscana
396 3169 424 3215 et
439 3159 585 3231 Spoletauo
604 3177 619 3214 a
637 3161 734 3216 Carolo
752 3163 850 3218 oblatis
871 3174 965 3221 sancto

173 3233 254 3289 Petro
271 3242 418 3302 spontanea
432 3270 440 3290 .
457 3239 487 3284 ιιι
499 3231 582 3286 estin
593 3231 739 3300 diplomate
756 3231 894 3296 Lndoriei,
914 3236 965 3289 dos

173 3304 297 3368 natione,
325 3301 447 3357 nonnilril
477 3301 542 3355 diri.
570 3301 609 3354 En
637 3316 735 3355 novum
764 3315 964 3374 argmuentnm.

174 3373 280 3428 Auxilia
293 3374 420 3440 utrinque
440 3369 571 3440 elllagitat
588 3370 742 3437 adrianum
768 3375 815 3428 sed
841 3374 903 3442 qnia
922 3390 966 3428 su·

194 3459 298 3498 rentum
311 3443 348 3497 ibi
364 3441 511 3496 dominium
532 3440 583 3495 sibi
601 3441 713 3496 Carolus
731 3454 926 3508 reservaverat,
950 3461 966 3499 a

172 3458 271 3568 gerolo
296 3514 355 3580 ipso
382 3511 439 3568 vult
463 3526 509 3565 cos
536 3510 635 3566 milites
660 3513 788 3580 imperari
817 3515 967 3584 ducemque

174 3582 271 3639 lisdem
287 3583 356 3636 dari.
374 3582 577 3637 beneventanos
590 3583 672 3637 etiam
687 3591 716 3634 ιιι
728 3590 790 3651 pote
799 3582 896 3638 Catulo
908 3594 968 3638 tarr-

175 3668 257 3723 quam
269 3652 507 3720 Langobardorum
517 3651 573 3720 regi
586 3651 720 3719 subiectos
729 3653 763 3706 ab
774 3656 868 3708 eodem
876 3653 966 3721 juberi

174 3722 243 3793 petit
266 3721 396 3776 exercitui
416 3720 555 3789 pontitleio
574 3736 652 3790 opem
665 3722 747 3787 serre,
763 3740 862 3794 magno
875 3733 967 3781 tamen

175 3808 238 3847 enm
267 3791 436 3847 discrimine:
459 3807 522 3845 nam
547 3790 580 3846 iis
600 3807 633 3846 cx
660 3793 814 3858 dvrcatibus,
837 3795 882 3848 nbi
897 3793 967 3861 jvrris

176 3862 278 3932 aliquid
300 3861 421 3915 Ecclesia
444 3861 571 3924 babebat,
598 3877 692 3917 omncs
718 3863 817 3918 milites
839 3868 966 3920 accersiri

175 3933 253 4002 petit.
276 3931 314 3985 llo
324 3931 520 3986 beneventanis
534 3939 623 3987 autem
645 3948 706 3987 cum
718 3935 859 3989 stomacho
880 3936 968 4005 ioqui-

176 4010 233 4065 tur,
253 4009 281 4055 et
296 4001 371 4055 llocei
388 4001 490 4056 iaciens
510 4016 603 4057 eornm
625 4017 714 4070 opeur.
737 4001 819 4057 Cerva.

214 4072 229 4112 Ι)
247 4070 368 4139 Caietam
381 4071 419 4124 ait
431 4071 648 4139 expugnandam,
663 4087 716 4125 non
731 4080 821 4128 aulem
837 4075 968 4143 recipiam

176 4142 248 4204 dam,
267 4150 298 4195 ut
315 4141 499 4194 Tarracinam.
528 4139 595 4205 Quia
610 4141 713 4194 scilicet
731 4156 792 4196 cum
807 4155 870 4198 ante
885 4151 968 4202 trien·

176 4211 252 4266 nium
274 4226 307 4266 eo
325 4211 459 4279 processit
471 4209 612 4265 Romanius
624 4210 770 4274 exercitus,
793 4212 924 4281 Caietam,
939 4229 969 4272 nt

178 4297 264 4362 nuper
281 4280 348 4343 dixi,
364 4280 472 4349 patricii
492 4288 548 4333 tum
564 4280 708 4348 prasentia
725 4282 796 4336 band
816 4283 897 4339 dubie
910 4304 969 4341 ιιιιι-

176 4351 343 4406 altissimam
364 4349 530 4405 retentavit
552 4350 669 4418 quidem.
695 4350 732 4404 lo.

214 4432 226 4463 e
242 4420 320 4472 Arrno
331 4417 393 4481 mn,
407 4418 561 4486 Stephanus
573 4420 614 4483 ΙΙΙ,
632 4429 660 4473 nt
674 4420 790 4475 vidimus
805 4422 859 4491 lep.
878 4425 922 4489 ib,
935 4428 970 4481 al.

178 4489 221 4552 bi,
238 4488 307 4556 not.)
321 4488 412 4543 ΙιιιιΙιιι
436 4489 565 4542 ltlverinnr
590 4491 702 4545 missum
723 4490 859 4549 Bertradae
872 4498 972 4566 regium

177 4560 276 4621 vidue,
303 4558 446 4627 Caroliqne
472 4559 544 4628 regis
571 4558 617 4613 lllii
635 4575 703 4627 erus,
735 4563 808 4629 quod
836 4567 862 4619 iu
882 4580 974 4636 partes

177 4629 360 4685 Beneventani
371 4628 487 4683 ducatus
498 4646 528 4683 se
540 4630 700 4692 contulerat,
717 4637 894 4701 recuperandi
906 4654 973 4691 can-

178 4715 207 4754 sa
233 4700 349 4754 alternm
373 4713 389 4753 e
412 4699 517 4754 duobus
541 4700 713 4768 patrimoniis
735 4701 930 4771 celeberrimis,
946 4709 973 4765 iu

177 4769 397 4839 Gregorliliagni
412 4768 823 4839 liegesto,ruempeCampanum,
832 4779 974 4845 quoduam

177 4850 271 4895 sancta
287 4841 365 4895 sedes
377 4841 519 4908 receperit,
540 4841 683 4895 inreritum.
708 4840 743 4895 At
755 4841 972 4914 Neapolitanum,

177 4911 250 4980 quod
267 4911 374 4965 nourrisi
392 4912 571 4979 expugnando
587 4911 681 4967 urbem
701 4911 841 4981 Neapolim
861 4932 974 4988 reeupe-

178 4981 232 5034 rari
244 4996 323 5050 posse
336 4981 471 5035 Adrianus
483 4981 580 5044 innuit,
595 4996 611 5035 a
624 4981 762 5050 Campano
775 4998 823 5040 scu
837 4987 974 5043 Beneven-

177 5059 241 5105 tano
268 5052 425 5106 distinctum
453 5061 523 5105 erat.
555 5052 690 5107 Caeterum
715 5053 749 5107 ab
774 5060 973 5126 expugnatione

176 5121 319 5176 civitatum
337 5119 462 5190 Neapolis
475 5132 502 5180 et
515 5121 625 5191 Caietae,
648 5129 710 5194 post
727 5123 882 5183 Tarracinae
897 5147 975 5185 recu·

175 5194 346 5316 perationem
374 5206 472 5260 magna
498 5194 629 5248 serenitas
658 5193 753 5249 ditioni
776 5199 921 5264 pontillc'ne
945 5210 973 5257 ct

187 5261 312 5318 ”arelium
332 5271 496 5331 proventura
510 5273 588 5328 erat;
606 5278 669 5318 nam
688 5263 791 5321 Graccis
805 5268 866 5325 iude
881 5272 974 5343 cqrvrl·

176 5332 443 5389 sisiuieriortuntum
449 5333 573 5389 Calabria
585 5333 694 5389 initalia
705 5341 975 5411 revuauebatamplis·

176 5403 246 5457 simo
259 5405 358 5461 meatu
376 5404 564 5460 Beneveruano
581 5405 723 5474 disiuncta,
739 5406 848 5480 iltveque
862 5416 975 5470 dvrcatns

177 5469 273 5527 Carolo
289 5473 371 5529 italice
386 5474 443 5545 regi
457 5475 604 5544 sulchctuS,
624 5479 714 5532 ruinus
727 5484 868 5539 comniode
884 5484 972 5538 moliri

178 5547 284 5606 poterat
302 5557 347 5599 res
362 5560 446 5600 novas
462 5561 526 5601 eum
544 5545 657 5602 Grecis.
679 5549 768 5614 Quare
798 5555 974 5621 prantenensi.

178 5622 264 5734 ιβιέιιιιιι1
279 5621 340 5667 erat
372 5615 485 5671 Adriani
510 5617 664 5682 eonsilium,
690 5619 713 5673 si
740 5624 833 5688 perlici
866 5625 972 5694 potuis·

223 5717 230 5730 .
266 5696 292 5735 o.

979 3073 1003 3138 C

1051 3114 1191 3170 dinutilis
1218 3130 1251 3171 ea
1277 3117 1421 3172 conventio
1440 3116 1510 3173 lacta
1539 3134 1600 3173 eum
1628 3119 1816 3190 Neapolitanis

1015 3199 1064 3256 per
1085 3185 1195 3240 Petrum
1216 3200 1310 3241 eornm
1325 3186 1437 3242 rrrlssum
1453 3188 1482 3241 iu
1494 3187 1616 3244 Pascbali
1629 3189 1814 3254 solemnitate,

1016 3271 1076 3324 qne
1093 3255 1206 3325 contigit
1223 3256 1266 3311 die
1279 3256 1313 3310 stt
1327 3256 1426 3319 blsrtii,
1448 3257 1481 3312 de
1496 3259 1661 3328 accipiendis
1673 3260 1816 3317 obsidibus

1017 3325 1113 3394 bisque
1133 3341 1185 3379 uua
1200 3341 1262 3381 curm
1281 3327 1427 3381 Tarracina
1443 3328 1628 3392 restituendis,
1641 3330 1664 3384 si
1681 3331 1817 3399 patriuro-

1017 3397 1091 3450 nium
1117 3395 1182 3450 illud
1210 3407 1311 3451 sancte
1339 3397 1396 3450 sedi
1426 3397 1599 3462 redderetur,
1628 3400 1816 3473 Neapolitanis

1016 3464 1171 3533 Graecisque
1184 3465 1354 3522 occasionem
1365 3466 1492 3535 praebuit,
1504 3468 1697 3524 exstimulaote
1708 3471 1815 3533 Arielr'r,

1017 3543 1047 3588 nt
1068 3536 1101 3590 de
1126 3536 1271 3605 improviso
1298 3536 1475 3590 Tarracinam
1495 3539 1684 3608 aggredientes
1707 3542 1816 3610 resipe-

1017 3614 1087 3659 reut.
1119 3605 1209 3671 Quane
1241 3606 1401 3661 deliberatio
1431 3607 1482 3660 ista
1514 3608 1650 3677 pontilicis
1680 3610 1715 3665 de
1744 3611 1816 3666 belle
1874 3618 1879 3625 ‘

1017 3675 1117 3797 itepum
1133 3676 1168 3799 Ιίῗ
1185 3674 1334 3740 inserendo,
1359 3675 1392 3729 ml
1414 3676 1511 3731 linium
1539 3693 1658 3734 mensem
1678 3680 1817 3751 pertinere

1017 3746 1134 3799 riretnr.
1169 3761 1195 3799 o.

1055 3826 1066 3856 ι
1086 3814 1193 3870 Aricinis
1213 3814 1392 3885 ridel-tergam
1420 3812 1551 3872 Desiderii
1576 3817 1669 3891 liliam,
1696 3818 1816 3889 adelgisi

1017 3901 1149 3949 sororem,
1163 3884 1325 3954 jarrrpridem
1343 3900 1454 3940 uxorem
1469 3887 1593 3952 duxerat,
1608 3889 1770 3959 prolemque
1781 3906 1813 3946 er

1016 3971 1050 4010 ea
1068 3966 1235 4024 scisceperat.
1259 3954 1348 4022 Quaere
1362 3957 1394 4011 de
1410 3957 1536 4027 adelgiso
1555 3961 1583 4010 in
1605 3966 1751 4027 paternum
1770 3975 1814 4014 re-

1018 4040 1100 4096 gnvrm
1127 4024 1296 4079 restituendo
1309 4022 1392 4079 luisse
1411 4026 1556 4081 sollicitum
1579 4027 1647 4082 nibil
1662 4029 1772 4084 miram.
1786 4030 1815 4084 lo

1056 4094 1066 4133 1
1087 4095 1140 4149 Ant
1159 4094 1277 4163 suspicio
1299 4103 1380 4160 esset,
1400 4106 1518 4151 erravere
1536 4095 1623 4151 Graeci
1643 4112 1705 4153 eum
1728 4099 1815 4154 Beue·

1018 4165 1143 4220 romanis
1163 4166 1374 4219 eeclesiasticam
1397 4166 1525 4220 ditionem
1542 4170 1696 4238 aggressuri
1711 4176 1815 4231 essent,

1018 4244 1048 4288 ut
1059 4234 1225 4289 i'raueornm
1239 4233 1364 4302 injuriam
1380 4235 1590 4300 ulciscerentnr;
1612 4237 1750 4320 desipiunt
1768 4240 1814 4364 qui

1019 4303 1157 4359 Rornauos
1169 4304 1324 4358 amorum
1336 4303 1408 4372 luris
1423 4306 1511 4360 adbuc
1537 4320 1598 4361 esse
1618 4308 1756 4363 dictatant.
1788 4327 1814 4364 o.

989 4377 1086 4499 tani
1101 4373 1676 4501 ltlltltltt„illitteralem
1699 4392 1817 4504 tlara

1023 4514 1137 4584 principi
1159 4515 1239 4568 nimis
1267 4515 1386 4568 vicinum
1414 4516 1592 4570 amovendum
1618 4517 1691 4571 omni
1713 4530 1815 4573 ennato

1023 4590 1126 4639 censet.
1151 4584 1342 4647 Beneventani,
1362 4585 1461 4639 vellem
1474 4585 1588 4650 nollem,
1601 4585 1700 4642 Caroio
1710 4586 1769 4642 Lao
1806 4618 1817 4628 ·

1024 4653 1169 4707 bardorum
1191 4654 1246 4722 regi
1267 4654 1380 4709 sirl'ectl
1403 4664 1491 4711 erant.
1516 4655 1551 4708 At
1579 4655 1673 4711 Artem
1700 4667 1817 4713 oceuts

1022 4722 1142 4846 pertidia·
1171 4724 1273 4778 lromirri
1311 4670 1467 4780 &resonam
1506 4726 1631 4781 vicinitus
1671 4729 1817 4783 metuenda

1024 4803 1093 4847 erat.
1120 4810 1146 4846 o.

1060 4864 1073 4902 h
1095 4862 1206 4932 Argum.
1233 4864 1316 4918 Punv.
1334 4863 1410 4936 (cod,
1436 4863 1495 4919 Vol.
1513 4865 1560 4937 ib)
1581 4883 1588 4919 τ
1608 4884 1617 4916 ι
1636 4865 1666 4921 Ιιι
1684 4867 1817 4940 vigesima

1024 4931 1133 5057 pnigea]
1150 4949 1199 5002 per
1212 4933 1351 4990 Oddonem
1376 4935 1519 4989 diaconum
1535 4935 1623 4991 misse
1639 4938 1744 5002 trabes,
1770 4952 1818 4992 su

1036 5004 1096 5074 lgna
1111 5006 1144 5058 ad
1159 5003 1307 5059 Ecclesiam
1324 5006 1410 5060 sancti
1429 5005 1502 5059 Petri
1530 5006 1617 5061 saneti
1631 5006 1704 5062 Petri
1720 5022 1818 5091 coope-

1024 5072 1157 5145 riendam]
1172 5090 1186 5127 a
1200 5073 1297 5128 Carolo
1315 5075 1391 5143 petit.
1407 5075 1474 5130 Orat
1489 5083 1571 5131 ettam
1591 5084 1621 5135 ut
1644 5077 1820 5133 inilelrarrus

1025 5144 1116 5198 arelrie
1136 5145 1243 5212 iseopus
1256 5144 1368 5199 buniam
1382 5147 1520 5211 mutatum
1540 5147 1574 5202 de
1584 5160 1699 5217 corpore
1711 5158 1819 5211 sancto,

1024 5214 1097 5282 quod
1109 5158 1328 5270 galteriumque
1345 5231 1407 5270 eum
1423 5214 1534 5271 lnlrado
1558 5215 1700 5291 [Frrlradol
1720 5219 1821 5275 ablante-

1024 5285 1089 5337 olim
1108 5283 1159 5338 sibi
1173 5284 1230 5337 dari
1245 5286 1369 5353 petierat,
1388 5285 1489 5339 indicat
1504 5286 1638 5356 quomodo
1655 5287 1821 5344 absterritus

1025 5355 1059 5407 sit
1071 5355 1104 5407 ad
1122 5354 1208 5424 ipsum
1222 5354 1339 5409 aurittere.
1352 5355 1487 5411 Pronrittit
1504 5372 1535 5411 se
1545 5358 1691 5413 missurum
1704 5358 1820 5415 Candidi

1025 5425 1153 5493 martyris
1164 5440 1272 5492 eorpus,
1285 5427 1306 5478 si
1318 5433 1392 5495 petat
1407 5425 1529 5481 Carolus.
1542 5425 1620 5494 erod
1633 5427 1822 5484 Beneventani

1025 5508 1057 5548 ae
1091 5494 1257 5564 Neapolitani
1288 5495 1441 5553 consultare
1473 5513 1535 5551 corn
1572 5496 1677 5553 Graeeis
1713 5498 1822 5555 solem

1025 5564 1125 5619 iudicat
1144 5565 1243 5636 [aperit
1256 5564 1280 5636 ε]
1303 5566 1350 5621 sed
1365 5567 1429 5634 quid
1445 5565 1584 5623 aldonem
1606 5567 1754 5625 ὤιιοιιιιιιι
1779 5568 1824 5624 ia·

1025 5634 1176 5691 dicaturum
1200 5636 1365 5705 proruitur.»
1381 5636 1418 5691 lo.
