<?xml version="1.0" encoding="UTF-8"?>
<!DOCTYPE html PUBLIC "-//W3C//DTD XHTML 1.0 Transitional//EN"
    "http://www.w3.org/TR/xhtml1/DTD/xhtml1-transitional.dtd">
<html xmlns="http://www.w3.org/1999/xhtml" xml:lang="en" lang="en">
 <head>
  <title>
</title>
<meta http-equiv="Content-Type" content="text/html;charset=utf-8" />
  <meta name='ocr-system' content='tesseract 3.04.00' />
  <meta name='ocr-capabilities' content='ocr_page ocr_carea ocr_par ocr_line ocrx_word'/>
</head>
<body>
  <div class='ocr_page' id='page_1' title='image "./patrologiaecurs17goog_0427.png"; bbox 0 0 3780 6120; ppageno 0'>
   <div class='ocr_carea' id='block_1_1' title="bbox 185 231 238 290">
    <p class='ocr_par' dir='ltr' id='par_1_1' title="bbox 185 231 238 290">
     <span class='ocr_line' id='line_1_1' title="bbox 185 231 238 290; baseline -0.019 -1"><span class='ocrx_word' id='word_1_1' title='bbox 185 231 238 290; x_wconf 72' lang='grc'>839</span> 
     </span>
    </p>
   </div>
   <div class='ocr_carea' id='block_1_2' title="bbox 569 180 1385 281">
    <p class='ocr_par' dir='ltr' id='par_1_2' title="bbox 569 180 1385 281">
     <span class='ocr_line' id='line_1_2' title="bbox 569 180 1385 281; baseline -0.007 -1"><span class='ocrx_word' id='word_1_2' title='bbox 569 244 575 251; x_wconf 91' lang='grc'><strong><em>·</em></strong></span> <span class='ocrx_word' id='word_1_3' title='bbox 643 224 673 279; x_wconf 83' lang='lat' dir='ltr'>lt.</span> <span class='ocrx_word' id='word_1_4' title='bbox 691 223 816 281; x_wconf 75' lang='lat' dir='ltr'>cadola</span> <span class='ocrx_word' id='word_1_5' title='bbox 836 224 941 279; x_wconf 72' lang='lat' dir='ltr'>stadt!</span> <span class='ocrx_word' id='word_1_6' title='bbox 958 180 1035 281; x_wconf 69' lang='lat' dir='ltr'>lll‘P.</span> <span class='ocrx_word' id='word_1_7' title='bbox 1057 221 1146 276; x_wconf 79' lang='lat' dir='ltr'>etas</span> <span class='ocrx_word' id='word_1_8' title='bbox 1164 221 1184 275; x_wconf 95' lang='lat' dir='ltr'>l.</span> <span class='ocrx_word' id='word_1_9' title='bbox 1205 220 1324 277; x_wconf 76' lang='lat' dir='ltr'>SECTlO</span> <span class='ocrx_word' id='word_1_10' title='bbox 1343 221 1385 276; x_wconf 93' lang='lat' dir='ltr'>lll.</span> 
     </span>
    </p>
   </div>
   <div class='ocr_carea' id='block_1_3' title="bbox 1758 210 1812 273">
    <p class='ocr_par' dir='ltr' id='par_1_3' title="bbox 1758 210 1812 273">
     <span class='ocr_line' id='line_1_3' title="bbox 1758 210 1812 273; baseline 0.074 -6"><span class='ocrx_word' id='word_1_11' title='bbox 1758 210 1812 273; x_wconf 79' lang='lat' dir='ltr'>illd</span> 
     </span>
    </p>
   </div>
   <div class='ocr_carea' id='block_1_4' title="bbox 187 333 1813 409">
    <p class='ocr_par' dir='ltr' id='par_1_4' title="bbox 187 333 1813 409">
     <span class='ocr_line' id='line_1_4' title="bbox 187 333 1813 409; baseline -0.009 -8"><span class='ocrx_word' id='word_1_12' title='bbox 187 349 230 401; x_wconf 88' lang='lat' dir='ltr'>nis</span> <span class='ocrx_word' id='word_1_13' title='bbox 249 342 376 400; x_wconf 86' lang='lat' dir='ltr'>calcaneo</span> <span class='ocrx_word' id='word_1_14' title='bbox 395 338 543 395; x_wconf 72' lang='lat' dir='ltr'><strong>renitentes</strong></span> <span class='ocrx_word' id='word_1_15' title='bbox 554 345 712 409; x_wconf 81' lang='lat' dir='ltr'>prorestrar</span> <span class='ocrx_word' id='word_1_16' title='bbox 733 337 811 392; x_wconf 89' lang='lat' dir='ltr'>libitu</span> <span class='ocrx_word' id='word_1_17' title='bbox 829 337 974 391; x_wconf 82' lang='lat' dir='ltr'>rolumatis</span> <span class='ocrx_word' id='word_1_18' title='bbox 990 349 1010 401; x_wconf 78' lang='grc' dir='ltr'><strong>Λ</strong></span> <span class='ocrx_word' id='word_1_19' title='bbox 1025 344 1052 387; x_wconf 86' lang='lat' dir='ltr'>et</span> <span class='ocrx_word' id='word_1_20' title='bbox 1067 334 1187 388; x_wconf 77' lang='lat' dir='ltr'>ecclesiae</span> <span class='ocrx_word' id='word_1_21' title='bbox 1201 343 1252 387; x_wconf 74' lang='lat' dir='ltr'>triae</span> <span class='ocrx_word' id='word_1_22' title='bbox 1269 334 1383 403; x_wconf 81' lang='lat' dir='ltr'>negotiis</span> <span class='ocrx_word' id='word_1_23' title='bbox 1396 334 1574 402; x_wconf 76' lang='lat' dir='ltr'>procurandis</span> <span class='ocrx_word' id='word_1_24' title='bbox 1587 333 1723 389; x_wconf 82' lang='lat' dir='ltr'>innostra</span> <span class='ocrx_word' id='word_1_25' title='bbox 1741 334 1813 388; x_wconf 83' lang='lat' dir='ltr'>curta</span> 
     </span>
    </p>
   </div>
   <div class='ocr_carea' id='block_1_5' title="bbox 188 408 980 1026">
    <p class='ocr_par' dir='ltr' id='par_1_5' title="bbox 188 408 980 1026">
     <span class='ocr_line' id='line_1_5' title="bbox 188 408 972 479; baseline -0.013 -9"><span class='ocrx_word' id='word_1_26' title='bbox 188 435 203 470; x_wconf 92' lang='lat' dir='ltr'>a</span> <span class='ocrx_word' id='word_1_27' title='bbox 217 413 419 470; x_wconf 78' lang='lat' dir='ltr'>transmarinus</span> <span class='ocrx_word' id='word_1_28' title='bbox 431 408 594 479; x_wconf 75' lang='lat' dir='ltr'>praesumitis</span> <span class='ocrx_word' id='word_1_29' title='bbox 612 417 773 476; x_wconf 84' lang='lat' dir='ltr'>extorquere</span> <span class='ocrx_word' id='word_1_30' title='bbox 788 409 926 468; x_wconf 89' lang='lat' dir='ltr'>telonium,</span> <span class='ocrx_word' id='word_1_31' title='bbox 946 416 972 460; x_wconf 90' lang='lat' dir='ltr'>el</span> 
     </span>
     <span class='ocr_line' id='line_1_6' title="bbox 190 477 976 547; baseline -0.011 -8"><span class='ocrx_word' id='word_1_32' title='bbox 190 483 314 540; x_wconf 87' lang='lat' dir='ltr'>indebitis</span> <span class='ocrx_word' id='word_1_33' title='bbox 326 497 379 535; x_wconf 91' lang='lat' dir='ltr'>non</span> <span class='ocrx_word' id='word_1_34' title='bbox 396 480 508 534; x_wconf 74' lang='lat' dir='ltr'>cessatis</span> <span class='ocrx_word' id='word_1_35' title='bbox 520 494 566 534; x_wconf 92' lang='lat' dir='ltr'>eos</span> <span class='ocrx_word' id='word_1_36' title='bbox 577 477 694 547; x_wconf 78' lang='lat' dir='ltr'>angariis</span> <span class='ocrx_word' id='word_1_37' title='bbox 705 492 829 532; x_wconf 87' lang='lat' dir='ltr'>orrerare.</span> <span class='ocrx_word' id='word_1_38' title='bbox 844 478 976 543; x_wconf 82' lang='lat' dir='ltr'>erocirca</span> 
     </span>
     <span class='ocr_line' id='line_1_7' title="bbox 190 546 978 627; baseline -0.014 -19"><span class='ocrx_word' id='word_1_39' title='bbox 190 553 360 627; x_wconf 79' lang='lat' dir='ltr'>prudentiam</span> <span class='ocrx_word' id='word_1_40' title='bbox 378 558 494 603; x_wconf 87' lang='lat' dir='ltr'>restrarn</span> <span class='ocrx_word' id='word_1_41' title='bbox 519 547 664 602; x_wconf 83' lang='lat' dir='ltr'>affectuose</span> <span class='ocrx_word' id='word_1_42' title='bbox 684 546 847 615; x_wconf 78' lang='lat' dir='ltr'>requirimus</span> <span class='ocrx_word' id='word_1_43' title='bbox 868 554 895 600; x_wconf 90' lang='lat' dir='ltr'>et</span> <span class='ocrx_word' id='word_1_44' title='bbox 914 546 978 599; x_wconf 87' lang='lat' dir='ltr'>lror-</span> 
     </span>
     <span class='ocr_line' id='line_1_8' title="bbox 191 617 979 688; baseline -0.014 -10"><span class='ocrx_word' id='word_1_45' title='bbox 191 634 299 684; x_wconf 88' lang='lat' dir='ltr'>tamur,</span> <span class='ocrx_word' id='word_1_46' title='bbox 326 619 398 688; x_wconf 89' lang='lat' dir='ltr'>regia</span> <span class='ocrx_word' id='word_1_47' title='bbox 421 618 497 673; x_wconf 88' lang='lat' dir='ltr'>robis</span> <span class='ocrx_word' id='word_1_48' title='bbox 520 617 695 671; x_wconf 91' lang='lat' dir='ltr'>nibilominus</span> <span class='ocrx_word' id='word_1_49' title='bbox 723 617 882 670; x_wconf 85' lang='lat' dir='ltr'>arictoritate</span> <span class='ocrx_word' id='word_1_50' title='bbox 906 630 979 669; x_wconf 88' lang='lat' dir='ltr'>nran-</span> 
     </span>
     <span class='ocr_line' id='line_1_9' title="bbox 192 685 976 760; baseline -0.013 -13"><span class='ocrx_word' id='word_1_51' title='bbox 192 697 296 754; x_wconf 88' lang='lat' dir='ltr'>dantes,</span> <span class='ocrx_word' id='word_1_52' title='bbox 312 698 443 760; x_wconf 87' lang='lat' dir='ltr'>quatenus</span> <span class='ocrx_word' id='word_1_53' title='bbox 460 704 553 741; x_wconf 90' lang='lat' dir='ltr'>uranus</span> <span class='ocrx_word' id='word_1_54' title='bbox 569 686 664 741; x_wconf 90' lang='lat' dir='ltr'>illicito</span> <span class='ocrx_word' id='word_1_55' title='bbox 679 685 826 741; x_wconf 78' lang='lat' dir='ltr'><strong>cohibeatis</strong></span> <span class='ocrx_word' id='word_1_56' title='bbox 839 687 872 738; x_wconf 91' lang='lat' dir='ltr'>ab</span> <span class='ocrx_word' id='word_1_57' title='bbox 884 699 976 752; x_wconf 90' lang='lat' dir='ltr'>opere,</span> 
     </span>
     <span class='ocr_line' id='line_1_10' title="bbox 191 755 980 825; baseline -0.01 -8"><span class='ocrx_word' id='word_1_58' title='bbox 191 758 349 817; x_wconf 84' lang='lat' dir='ltr'>etad&#39;bcita</span> <span class='ocrx_word' id='word_1_59' title='bbox 370 758 523 813; x_wconf 86' lang='lat' dir='ltr'>reflectatis.</span> <span class='ocrx_word' id='word_1_60' title='bbox 544 757 669 825; x_wconf 72' lang='lat' dir='ltr'>Alioquin</span> <span class='ocrx_word' id='word_1_61' title='bbox 695 756 764 810; x_wconf 89' lang='lat' dir='ltr'>seire</span> <span class='ocrx_word' id='word_1_62' title='bbox 788 770 834 809; x_wconf 90' lang='lat' dir='ltr'>ros</span> <span class='ocrx_word' id='word_1_63' title='bbox 857 755 980 810; x_wconf 89' lang='lat' dir='ltr'>rolmnns</span> 
     </span>
     <span class='ocr_line' id='line_1_11' title="bbox 192 824 979 904; baseline -0.014 -17"><span class='ocrx_word' id='word_1_64' title='bbox 192 849 242 904; x_wconf 89' lang='lat' dir='ltr'>pro</span> <span class='ocrx_word' id='word_1_65' title='bbox 254 830 399 891; x_wconf 76' lang='lat' dir='ltr'>constanti,</span> <span class='ocrx_word' id='word_1_66' title='bbox 416 827 485 897; x_wconf 91' lang='lat' dir='ltr'>quod</span> <span class='ocrx_word' id='word_1_67' title='bbox 500 828 534 881; x_wconf 90' lang='lat' dir='ltr'>ad</span> <span class='ocrx_word' id='word_1_68' title='bbox 547 825 699 893; x_wconf 89' lang='lat' dir='ltr'>lnrjusrnodi</span> <span class='ocrx_word' id='word_1_69' title='bbox 713 824 787 894; x_wconf 81' lang='lat' dir='ltr'>pacis</span> <span class='ocrx_word' id='word_1_70' title='bbox 803 824 979 893; x_wconf 90' lang='lat' dir='ltr'>pulcbritndi·</span> 
     </span>
     <span class='ocr_line' id='line_1_12' title="bbox 193 895 980 969; baseline -0.01 -13"><span class='ocrx_word' id='word_1_71' title='bbox 193 920 264 966; x_wconf 85' lang='lat' dir='ltr'>trem,</span> <span class='ocrx_word' id='word_1_72' title='bbox 278 911 307 954; x_wconf 92' lang='lat' dir='ltr'>nt</span> <span class='ocrx_word' id='word_1_73' title='bbox 318 901 431 969; x_wconf 89' lang='lat' dir='ltr'>pristino</span> <span class='ocrx_word' id='word_1_74' title='bbox 442 899 537 951; x_wconf 85' lang='lat' dir='ltr'>decore</span> <span class='ocrx_word' id='word_1_75' title='bbox 546 897 679 961; x_wconf 89' lang='lat' dir='ltr'>relloreat,</span> <span class='ocrx_word' id='word_1_76' title='bbox 694 908 788 949; x_wconf 90' lang='lat' dir='ltr'>onmes</span> <span class='ocrx_word' id='word_1_77' title='bbox 799 895 884 958; x_wconf 83' lang='lat' dir='ltr'>vires,</span> <span class='ocrx_word' id='word_1_78' title='bbox 901 909 980 949; x_wconf 87' lang='lat' dir='ltr'>curas</span> 
     </span>
     <span class='ocr_line' id='line_1_13' title="bbox 191 971 522 1026; baseline -0.021 0"><span class='ocrx_word' id='word_1_79' title='bbox 191 981 218 1026; x_wconf 86' lang='lat' dir='ltr'>et</span> <span class='ocrx_word' id='word_1_80' title='bbox 233 973 337 1026; x_wconf 88' lang='lat' dir='ltr'>animos</span> <span class='ocrx_word' id='word_1_81' title='bbox 349 983 485 1022; x_wconf 88' lang='lat' dir='ltr'>acuemus.</span> <span class='ocrx_word' id='word_1_82' title='bbox 507 971 522 985; x_wconf 66' lang='lat'>&#39;&#39;</span> 
     </span>
    </p>
   </div>
   <div class='ocr_carea' id='block_1_6' title="bbox 391 1076 779 1153">
    <p class='ocr_par' dir='ltr' id='par_1_6' title="bbox 391 1076 779 1153">
     <span class='ocr_line' id='line_1_14' title="bbox 391 1076 779 1153; baseline -0.01 -19"><span class='ocrx_word' id='word_1_83' title='bbox 391 1080 475 1153; x_wconf 71' lang='lat' dir='ltr'>ng</span> <span class='ocrx_word' id='word_1_84' title='bbox 499 1076 665 1133; x_wconf 80' lang='lat' dir='ltr'>nrrsrom</span> <span class='ocrx_word' id='word_1_85' title='bbox 687 1077 779 1132; x_wconf 82' lang='lat' dir='ltr'>xtrr.</span> 
     </span>
    </p>
   </div>
   <div class='ocr_carea' id='block_1_7' title="bbox 192 1189 982 1315">
    <p class='ocr_par' dir='ltr' id='par_1_7' title="bbox 192 1189 982 1315">
     <span class='ocr_line' id='line_1_15' title="bbox 192 1189 982 1270; baseline -0.02 -14"><span class='ocrx_word' id='word_1_86' title='bbox 192 1198 345 1270; x_wconf 77' lang='lat' dir='ltr'>drdotptns</span> <span class='ocrx_word' id='word_1_87' title='bbox 364 1193 525 1249; x_wconf 75' lang='lat' dir='ltr'>commendat</span> <span class='ocrx_word' id='word_1_88' title='bbox 544 1191 682 1261; x_wconf 84' lang='lat' dir='ltr'>qrremdom</span> <span class='ocrx_word' id='word_1_89' title='bbox 700 1208 747 1261; x_wconf 80' lang='lat' dir='ltr'>pro</span> <span class='ocrx_word' id='word_1_90' title='bbox 772 1189 895 1257; x_wconf 79' lang='lat' dir='ltr'>beneficio</span> <span class='ocrx_word' id='word_1_91' title='bbox 917 1205 982 1258; x_wconf 90' lang='lat' dir='ltr'>qno·</span> 
     </span>
     <span class='ocr_line' id='line_1_16' title="bbox 456 1261 718 1315; baseline 0 -1"><span class='ocrx_word' id='word_1_92' title='bbox 456 1263 518 1315; x_wconf 84' lang='lat' dir='ltr'>dota</span> <span class='ocrx_word' id='word_1_93' title='bbox 535 1261 718 1314; x_wconf 82' lang='lat' dir='ltr'>ecclesiastico.</span> 
     </span>
    </p>
   </div>
   <div class='ocr_carea' id='block_1_8' title="bbox 333 1347 842 1425">
    <p class='ocr_par' dir='ltr' id='par_1_8' title="bbox 333 1347 842 1425">
     <span class='ocr_line' id='line_1_17' title="bbox 333 1347 842 1425; baseline -0.016 -18"><span class='ocrx_word' id='word_1_94' title='bbox 333 1355 395 1425; x_wconf 76' lang='lat' dir='ltr'>(dn.</span> <span class='ocrx_word' id='word_1_95' title='bbox 408 1352 485 1405; x_wconf 85' lang='lat' dir='ltr'>Dant.</span> <span class='ocrx_word' id='word_1_96' title='bbox 502 1349 580 1412; x_wconf 71' lang='lat' dir='ltr'>lasa,</span> <span class='ocrx_word' id='word_1_97' title='bbox 595 1348 654 1401; x_wconf 88' lang='lat' dir='ltr'>cod.</span> <span class='ocrx_word' id='word_1_98' title='bbox 671 1348 742 1402; x_wconf 85' lang='lat' dir='ltr'>lirrd.</span> <span class='ocrx_word' id='word_1_99' title='bbox 757 1347 842 1418; x_wconf 84' lang='grc' dir='ltr'>ιιιιι.)</span> 
     </span>
    </p>
   </div>
   <div class='ocr_carea' id='block_1_9' title="bbox 190 1435 981 2064">
    <p class='ocr_par' dir='ltr' id='par_1_9' title="bbox 190 1435 981 1733">
     <span class='ocr_line' id='line_1_18' title="bbox 190 1435 979 1505; baseline -0.018 -5"><span class='ocrx_word' id='word_1_100' title='bbox 190 1445 389 1500; x_wconf 75' lang='lat' dir='ltr'>Anorrnnsrca.</span> <span class='ocrx_word' id='word_1_101' title='bbox 416 1469 451 1480; x_wconf 89' lang='lat'>-</span> <span class='ocrx_word' id='word_1_102' title='bbox 472 1438 512 1492; x_wconf 90' lang='lat' dir='ltr'>Ob</span> <span class='ocrx_word' id='word_1_103' title='bbox 535 1437 705 1505; x_wconf 71' lang='lat' dir='ltr'>praebendam</span> <span class='ocrx_word' id='word_1_104' title='bbox 731 1436 761 1489; x_wconf 75' lang='lat' dir='ltr'>N.</span> <span class='ocrx_word' id='word_1_105' title='bbox 789 1435 895 1488; x_wconf 83' lang='lat' dir='ltr'>notario</span> <span class='ocrx_word' id='word_1_106' title='bbox 917 1451 979 1496; x_wconf 92' lang='lat' dir='ltr'>suo,</span> 
     </span>
     <span class='ocr_line' id='line_1_19' title="bbox 228 1505 981 1579; baseline -0.013 -12"><span class='ocrx_word' id='word_1_107' title='bbox 228 1516 282 1567; x_wconf 92' lang='lat' dir='ltr'>imo</span> <span class='ocrx_word' id='word_1_108' title='bbox 301 1512 352 1565; x_wconf 90' lang='lat' dir='ltr'>sibi</span> <span class='ocrx_word' id='word_1_109' title='bbox 376 1508 537 1579; x_wconf 78' lang='lat' dir='ltr'>promissam</span> <span class='ocrx_word' id='word_1_110' title='bbox 558 1506 637 1567; x_wconf 87' lang='lat' dir='ltr'>ultro,</span> <span class='ocrx_word' id='word_1_111' title='bbox 661 1507 763 1575; x_wconf 86' lang='lat' dir='ltr'>gratias</span> <span class='ocrx_word' id='word_1_112' title='bbox 780 1506 836 1574; x_wconf 87' lang='lat' dir='ltr'>agit</span> <span class='ocrx_word' id='word_1_113' title='bbox 855 1505 981 1575; x_wconf 86' lang='lat' dir='ltr'>episcopo</span> 
     </span>
     <span class='ocr_line' id='line_1_20' title="bbox 228 1575 980 1645; baseline -0.015 -8"><span class='ocrx_word' id='word_1_114' title='bbox 228 1584 318 1637; x_wconf 91' lang='lat' dir='ltr'>lorsan</span> <span class='ocrx_word' id='word_1_115' title='bbox 333 1577 490 1640; x_wconf 87' lang='lat' dir='ltr'>Lcediensi;</span> <span class='ocrx_word' id='word_1_116' title='bbox 503 1591 614 1644; x_wconf 89' lang='lat' dir='ltr'>remque</span> <span class='ocrx_word' id='word_1_117' title='bbox 625 1576 676 1629; x_wconf 90' lang='lat' dir='ltr'>sibi</span> <span class='ocrx_word' id='word_1_118' title='bbox 687 1576 868 1645; x_wconf 79' lang='lat' dir='ltr'>gratissimam</span> <span class='ocrx_word' id='word_1_119' title='bbox 882 1575 980 1628; x_wconf 85' lang='lat' dir='ltr'>lactrrnr</span> 
     </span>
     <span class='ocr_line' id='line_1_21' title="bbox 226 1645 980 1733; baseline -0.013 -25"><span class='ocrx_word' id='word_1_120' title='bbox 226 1654 260 1708; x_wconf 91' lang='lat' dir='ltr'>iri</span> <span class='ocrx_word' id='word_1_121' title='bbox 273 1651 425 1733; x_wconf 86' lang='lat' dir='ltr'>prolitetur,</span> <span class='ocrx_word' id='word_1_122' title='bbox 449 1662 503 1715; x_wconf 93' lang='lat' dir='ltr'>qna</span> <span class='ocrx_word' id='word_1_123' title='bbox 524 1645 636 1699; x_wconf 74' lang='lat' dir='ltr'>colinton</span> <span class='ocrx_word' id='word_1_124' title='bbox 659 1646 710 1699; x_wconf 90' lang='lat' dir='ltr'>sibi</span> <span class='ocrx_word' id='word_1_125' title='bbox 734 1654 761 1699; x_wconf 91' lang='lat' dir='ltr'>ut</span> <span class='ocrx_word' id='word_1_126' title='bbox 784 1645 905 1699; x_wconf 84' lang='lat' dir='ltr'>ecelesiae</span> <span class='ocrx_word' id='word_1_127' title='bbox 925 1660 980 1698; x_wconf 79' lang='lat' dir='ltr'>sice</span> 
     </span>
    </p>

    <p class='ocr_par' dir='ltr' id='par_1_10' title="bbox 225 1714 981 2064">
     <span class='ocr_line' id='line_1_22' title="bbox 228 1714 980 1792; baseline -0.015 -14"><span class='ocrx_word' id='word_1_128' title='bbox 228 1737 329 1792; x_wconf 81' lang='lat' dir='ltr'>regnan</span> <span class='ocrx_word' id='word_1_129' title='bbox 362 1719 520 1771; x_wconf 80' lang='lat' dir='ltr'>urocininm</span> <span class='ocrx_word' id='word_1_130' title='bbox 535 1714 713 1778; x_wconf 89' lang='lat' dir='ltr'>demereatur,</span> <span class='ocrx_word' id='word_1_131' title='bbox 726 1716 748 1769; x_wconf 90' lang='lat' dir='ltr'>si</span> <span class='ocrx_word' id='word_1_132' title='bbox 761 1721 907 1783; x_wconf 77' lang='lat' dir='ltr'>sqtontanea</span> <span class='ocrx_word' id='word_1_133' title='bbox 918 1729 980 1782; x_wconf 92' lang='lat' dir='ltr'>pro·</span> 
     </span>
     <span class='ocr_line' id='line_1_23' title="bbox 226 1735 979 1854; baseline -0.013 -7"><span class='ocrx_word' id='word_1_134' title='bbox 226 1795 309 1847; x_wconf 82' lang='lat' dir='ltr'>inissa</span> <span class='ocrx_word' id='word_1_135' title='bbox 333 1735 437 1842; x_wconf 56' lang='lat' dir='ltr'>AEcerit.</span> <span class='ocrx_word' id='word_1_136' title='bbox 459 1785 621 1853; x_wconf 75' lang='lat' dir='ltr'>detinuitque,</span> <span class='ocrx_word' id='word_1_137' title='bbox 638 1794 667 1838; x_wconf 92' lang='lat' dir='ltr'>ut</span> <span class='ocrx_word' id='word_1_138' title='bbox 684 1784 855 1854; x_wconf 74' lang='lat' dir='ltr'>praebendam</span> <span class='ocrx_word' id='word_1_139' title='bbox 871 1799 979 1838; x_wconf 78' lang='lat' dir='ltr'>assecu-</span> 
     </span>
     <span class='ocr_line' id='line_1_24' title="bbox 228 1853 981 1925; baseline -0.012 -9"><span class='ocrx_word' id='word_1_140' title='bbox 228 1872 281 1925; x_wconf 87' lang='lat' dir='ltr'>tos,</span> <span class='ocrx_word' id='word_1_141' title='bbox 299 1870 345 1913; x_wconf 91' lang='lat' dir='ltr'>aut</span> <span class='ocrx_word' id='word_1_142' title='bbox 364 1859 505 1912; x_wconf 84' lang='lat' dir='ltr'>residendo</span> <span class='ocrx_word' id='word_1_143' title='bbox 518 1856 544 1908; x_wconf 91' lang='lat' dir='ltr'>in</span> <span class='ocrx_word' id='word_1_144' title='bbox 557 1854 682 1920; x_wconf 88' lang='lat' dir='ltr'>ecclesia,</span> <span class='ocrx_word' id='word_1_145' title='bbox 703 1855 789 1910; x_wconf 89' lang='lat' dir='ltr'>eidem</span> <span class='ocrx_word' id='word_1_146' title='bbox 810 1853 981 1907; x_wconf 84' lang='lat' dir='ltr'>larrrlabiliter</span> 
     </span>
     <span class='ocr_line' id='line_1_25' title="bbox 225 1923 980 1995; baseline -0.013 -8"><span class='ocrx_word' id='word_1_147' title='bbox 225 1932 336 1993; x_wconf 87' lang='lat' dir='ltr'>serriat,</span> <span class='ocrx_word' id='word_1_148' title='bbox 352 1935 398 1981; x_wconf 90' lang='lat' dir='ltr'>aut</span> <span class='ocrx_word' id='word_1_149' title='bbox 413 1927 489 1995; x_wconf 79' lang='lat' dir='ltr'>jussu</span> <span class='ocrx_word' id='word_1_150' title='bbox 503 1925 640 1979; x_wconf 86' lang='lat' dir='ltr'>collatoris</span> <span class='ocrx_word' id='word_1_151' title='bbox 653 1926 680 1978; x_wconf 92' lang='lat' dir='ltr'>in</span> <span class='ocrx_word' id='word_1_152' title='bbox 696 1925 768 1995; x_wconf 85' lang='lat' dir='ltr'>regia</span> <span class='ocrx_word' id='word_1_153' title='bbox 784 1923 859 1979; x_wconf 90' lang='lat' dir='ltr'>curia</span> <span class='ocrx_word' id='word_1_154' title='bbox 871 1937 980 1993; x_wconf 83' lang='lat' dir='ltr'>perina-</span> 
     </span>
     <span class='ocr_line' id='line_1_26' title="bbox 226 1995 852 2064; baseline -0.016 -9"><span class='ocrx_word' id='word_1_155' title='bbox 226 2002 316 2057; x_wconf 92' lang='lat' dir='ltr'>ncndo</span> <span class='ocrx_word' id='word_1_156' title='bbox 333 1999 403 2052; x_wconf 83' lang='lat' dir='ltr'>illius</span> <span class='ocrx_word' id='word_1_157' title='bbox 419 2005 445 2051; x_wconf 90' lang='lat' dir='ltr'>et</span> <span class='ocrx_word' id='word_1_158' title='bbox 459 1995 581 2049; x_wconf 74' lang='lat' dir='ltr'>ecclesiae</span> <span class='ocrx_word' id='word_1_159' title='bbox 597 1996 702 2064; x_wconf 91' lang='lat' dir='ltr'>negotia</span> <span class='ocrx_word' id='word_1_160' title='bbox 717 2002 852 2064; x_wconf 85' lang='lat' dir='ltr'>procuret.</span> 
     </span>
    </p>
   </div>
   <div class='ocr_carea' id='block_1_10' title="bbox 188 2082 980 2516">
    <p class='ocr_par' dir='ltr' id='par_1_11' title="bbox 188 2082 980 2516">
     <span class='ocr_line' id='line_1_27' title="bbox 224 2082 977 2155; baseline -0.009 -11"><span class='ocrx_word' id='word_1_161' title='bbox 224 2091 253 2144; x_wconf 93' lang='lat' dir='ltr'>ln</span> <span class='ocrx_word' id='word_1_162' title='bbox 265 2100 317 2144; x_wconf 76' lang='lat' dir='ltr'>tum</span> <span class='ocrx_word' id='word_1_163' title='bbox 330 2101 342 2128; x_wconf 75' lang='lat'>⁸</span> <span class='ocrx_word' id='word_1_164' title='bbox 357 2085 507 2143; x_wconf 77' lang='lat' dir='ltr'>denotionis</span> <span class='ocrx_word' id='word_1_165' title='bbox 523 2085 688 2139; x_wconf 81' lang='lat' dir='ltr'>exhibitione</span> <span class='ocrx_word' id='word_1_166' title='bbox 700 2086 817 2155; x_wconf 84' lang='lat' dir='ltr'>gratuita</span> <span class='ocrx_word' id='word_1_167' title='bbox 831 2082 977 2153; x_wconf 90' lang='lat' dir='ltr'>plurimum</span> 
     </span>
     <span class='ocr_line' id='line_1_28' title="bbox 189 2154 978 2229; baseline -0.01 -14"><span class='ocrx_word' id='word_1_168' title='bbox 189 2160 326 2222; x_wconf 77' lang='lat' dir='ltr'>alelectati,</span> <span class='ocrx_word' id='word_1_169' title='bbox 350 2173 401 2229; x_wconf 94' lang='lat' dir='ltr'>pro</span> <span class='ocrx_word' id='word_1_170' title='bbox 415 2156 531 2225; x_wconf 90' lang='lat' dir='ltr'>eoquod</span> <span class='ocrx_word' id='word_1_171' title='bbox 549 2170 598 2208; x_wconf 90' lang='lat' dir='ltr'>nos</span> <span class='ocrx_word' id='word_1_172' title='bbox 615 2162 642 2208; x_wconf 88' lang='lat' dir='ltr'>et</span> <span class='ocrx_word' id='word_1_173' title='bbox 664 2156 812 2209; x_wconf 88' lang='lat' dir='ltr'>llonrarnun</span> <span class='ocrx_word' id='word_1_174' title='bbox 836 2154 978 2222; x_wconf 83' lang='lat' dir='ltr'>imperrunt</span> 
     </span>
     <span class='ocr_line' id='line_1_29' title="bbox 188 2223 980 2301; baseline -0.008 -18"><span class='ocrx_word' id='word_1_175' title='bbox 188 2247 263 2301; x_wconf 77' lang='lat' dir='ltr'>parre</span> <span class='ocrx_word' id='word_1_176' title='bbox 272 2229 333 2284; x_wconf 90' lang='lat' dir='ltr'>lidei</span> <span class='ocrx_word' id='word_1_177' title='bbox 345 2227 490 2282; x_wconf 82' lang='lat' dir='ltr'>stabilitate</span> <span class='ocrx_word' id='word_1_178' title='bbox 499 2225 638 2290; x_wconf 82' lang='lat' dir='ltr'>reveritus,</span> <span class='ocrx_word' id='word_1_179' title='bbox 648 2227 759 2294; x_wconf 89' lang='lat' dir='ltr'>prorido</span> <span class='ocrx_word' id='word_1_180' title='bbox 769 2225 826 2278; x_wconf 91' lang='lat' dir='ltr'>riro</span> <span class='ocrx_word' id='word_1_181' title='bbox 837 2223 868 2276; x_wconf 79' lang='lat' dir='ltr'>N.</span> <span class='ocrx_word' id='word_1_182' title='bbox 882 2224 980 2277; x_wconf 91' lang='lat' dir='ltr'>dilecto</span> 
     </span>
     <span class='ocr_line' id='line_1_30' title="bbox 191 2293 979 2363; baseline -0.009 -9"><span class='ocrx_word' id='word_1_183' title='bbox 191 2300 296 2354; x_wconf 88' lang='lat' dir='ltr'>notario</span> <span class='ocrx_word' id='word_1_184' title='bbox 318 2307 420 2360; x_wconf 90' lang='lat' dir='ltr'>nostro,</span> <span class='ocrx_word' id='word_1_185' title='bbox 451 2296 505 2348; x_wconf 89' lang='lat' dir='ltr'>imo</span> <span class='ocrx_word' id='word_1_186' title='bbox 527 2295 617 2363; x_wconf 91' lang='lat' dir='ltr'>potius</span> <span class='ocrx_word' id='word_1_187' title='bbox 644 2296 721 2350; x_wconf 83' lang='lat' dir='ltr'>trabis</span> <span class='ocrx_word' id='word_1_188' title='bbox 744 2296 770 2349; x_wconf 94' lang='lat' dir='ltr'>in</span> <span class='ocrx_word' id='word_1_189' title='bbox 795 2293 906 2349; x_wconf 87' lang='lat' dir='ltr'>ecclesia</span> <span class='ocrx_word' id='word_1_190' title='bbox 933 2301 979 2347; x_wconf 91' lang='lat' dir='ltr'>tna</span> 
     </span>
     <span class='ocr_line' id='line_1_31' title="bbox 189 2363 979 2440; baseline -0.009 -16"><span class='ocrx_word' id='word_1_191' title='bbox 189 2368 351 2440; x_wconf 87' lang='lat' dir='ltr'>prorisionis</span> <span class='ocrx_word' id='word_1_192' title='bbox 372 2382 427 2422; x_wconf 74' lang='lat' dir='ltr'>suae</span> <span class='ocrx_word' id='word_1_193' title='bbox 440 2375 495 2418; x_wconf 91' lang='lat' dir='ltr'>tam</span> <span class='ocrx_word' id='word_1_194' title='bbox 510 2363 680 2419; x_wconf 87' lang='lat' dir='ltr'>laudabiliter</span> <span class='ocrx_word' id='word_1_195' title='bbox 690 2380 764 2435; x_wconf 86' lang='lat' dir='ltr'>spent</span> <span class='ocrx_word' id='word_1_196' title='bbox 778 2364 885 2427; x_wconf 87' lang='lat' dir='ltr'>dedisti,</span> <span class='ocrx_word' id='word_1_197' title='bbox 905 2371 979 2417; x_wconf 90' lang='lat' dir='ltr'>tanto</span> 
     </span>
     <span class='ocr_line' id='line_1_32' title="bbox 190 2436 980 2516; baseline -0.01 -24"><span class='ocrx_word' id='word_1_198' title='bbox 190 2440 330 2493; x_wconf 76' lang='lat' dir='ltr'>fecundius</span> <span class='ocrx_word' id='word_1_199' title='bbox 344 2437 391 2491; x_wconf 90' lang='lat' dir='ltr'>tibi</span> <span class='ocrx_word' id='word_1_200' title='bbox 404 2437 437 2489; x_wconf 91' lang='lat' dir='ltr'>ad</span> <span class='ocrx_word' id='word_1_201' title='bbox 454 2443 545 2505; x_wconf 86' lang='lat' dir='ltr'>grates</span> <span class='ocrx_word' id='word_1_202' title='bbox 558 2436 732 2516; x_wconf 77' lang='lat' dir='ltr'>assurgiunrs,</span> <span class='ocrx_word' id='word_1_203' title='bbox 748 2442 848 2503; x_wconf 76' lang='lat' dir='ltr'>rqrrrrnto</span> <span class='ocrx_word' id='word_1_204' title='bbox 860 2449 909 2514; x_wconf 79' lang='lat' dir='ltr'>per</span> <span class='ocrx_word' id='word_1_205' title='bbox 924 2448 980 2485; x_wconf 83' lang='lat' dir='ltr'>an:-</span> 
     </span>
    </p>
   </div>
   <div class='ocr_carea' id='block_1_11' title="bbox 190 2504 1035 2579">
    <p class='ocr_par' dir='ltr' id='par_1_12' title="bbox 190 2504 1035 2579">
     <span class='ocr_line' id='line_1_33' title="bbox 190 2504 1035 2579; baseline -0.006 -19"><span class='ocrx_word' id='word_1_206' title='bbox 190 2509 260 2579; x_wconf 74' lang='lat' dir='ltr'>plius¹</span> <span class='ocrx_word' id='word_1_207' title='bbox 273 2515 300 2563; x_wconf 91' lang='lat' dir='ltr'>et</span> <span class='ocrx_word' id='word_1_208' title='bbox 313 2505 457 2576; x_wconf 76' lang='lat' dir='ltr'>perfectius</span> <span class='ocrx_word' id='word_1_209' title='bbox 478 2513 503 2557; x_wconf 92' lang='lat' dir='ltr'>te</span> <span class='ocrx_word' id='word_1_210' title='bbox 517 2506 543 2557; x_wconf 93' lang='lat' dir='ltr'>in</span> <span class='ocrx_word' id='word_1_211' title='bbox 563 2513 646 2558; x_wconf 83' lang='lat' dir='ltr'>nostri</span> <span class='ocrx_word' id='word_1_212' title='bbox 671 2504 774 2558; x_wconf 87' lang='lat' dir='ltr'>cultura</span> <span class='ocrx_word' id='word_1_213' title='bbox 796 2504 907 2557; x_wconf 90' lang='lat' dir='ltr'>domimi</span> <span class='ocrx_word' id='word_1_214' title='bbox 931 2517 979 2572; x_wconf 86' lang='lat' dir='ltr'>per</span> <span class='ocrx_word' id='word_1_215' title='bbox 1029 2536 1035 2548; x_wconf 86' lang='lat'><em>·</em></span> 
     </span>
    </p>
   </div>
   <div class='ocr_carea' id='block_1_12' title="bbox 186 2572 979 3608">
    <p class='ocr_par' dir='ltr' id='par_1_13' title="bbox 186 2572 979 3608">
     <span class='ocr_line' id='line_1_34' title="bbox 192 2572 979 2645; baseline -0.01 -9"><span class='ocrx_word' id='word_1_216' title='bbox 192 2586 242 2636; x_wconf 91' lang='lat' dir='ltr'>boc</span> <span class='ocrx_word' id='word_1_217' title='bbox 261 2577 376 2633; x_wconf 87' lang='lat' dir='ltr'>excitari</span> <span class='ocrx_word' id='word_1_218' title='bbox 397 2574 599 2645; x_wconf 77' lang='lat' dir='ltr'>perpendimus,</span> <span class='ocrx_word' id='word_1_219' title='bbox 625 2582 779 2644; x_wconf 89' lang='lat' dir='ltr'>quantoque</span> <span class='ocrx_word' id='word_1_220' title='bbox 806 2572 922 2627; x_wconf 87' lang='lat' dir='ltr'>rolirins</span> <span class='ocrx_word' id='word_1_221' title='bbox 944 2574 979 2628; x_wconf 88' lang='lat' dir='ltr'>ad</span> 
     </span>
     <span class='ocr_line' id='line_1_35' title="bbox 189 2643 978 2719; baseline -0.005 -17"><span class='ocrx_word' id='word_1_222' title='bbox 189 2649 274 2719; x_wconf 90' lang='lat' dir='ltr'>ipsius</span> <span class='ocrx_word' id='word_1_223' title='bbox 283 2646 444 2717; x_wconf 81' lang='lat' dir='ltr'>proiectum,</span> <span class='ocrx_word' id='word_1_224' title='bbox 457 2645 482 2698; x_wconf 93' lang='lat' dir='ltr'>in</span> <span class='ocrx_word' id='word_1_225' title='bbox 495 2645 570 2711; x_wconf 83' lang='lat' dir='ltr'>rrrjus</span> <span class='ocrx_word' id='word_1_226' title='bbox 582 2645 673 2713; x_wconf 86' lang='lat' dir='ltr'>utique</span> <span class='ocrx_word' id='word_1_227' title='bbox 685 2644 830 2698; x_wconf 80' lang='lat' dir='ltr'>fructuosis</span> <span class='ocrx_word' id='word_1_228' title='bbox 842 2643 978 2712; x_wconf 90' lang='lat' dir='ltr'>obsequiis</span> 
     </span>
     <span class='ocr_line' id='line_1_36' title="bbox 190 2714 978 2784; baseline -0.005 -12"><span class='ocrx_word' id='word_1_229' title='bbox 190 2719 267 2773; x_wconf 88' lang='lat' dir='ltr'>nobis</span> <span class='ocrx_word' id='word_1_230' title='bbox 283 2723 349 2771; x_wconf 86' lang='lat' dir='ltr'>berte</span> <span class='ocrx_word' id='word_1_231' title='bbox 367 2715 537 2784; x_wconf 86' lang='lat' dir='ltr'>complacuit,</span> <span class='ocrx_word' id='word_1_232' title='bbox 561 2715 719 2769; x_wconf 87' lang='lat' dir='ltr'>anlrelannrs</span> <span class='ocrx_word' id='word_1_233' title='bbox 734 2716 757 2767; x_wconf 74' lang='lat' dir='ltr'>l.</span> <span class='ocrx_word' id='word_1_234' title='bbox 784 2714 816 2767; x_wconf 80' lang='lat' dir='ltr'>Et</span> <span class='ocrx_word' id='word_1_235' title='bbox 840 2721 914 2768; x_wconf 89' lang='lat' dir='ltr'>certe</span> <span class='ocrx_word' id='word_1_236' title='bbox 939 2714 978 2769; x_wconf 89' lang='lat' dir='ltr'>sie</span> 
     </span>
     <span class='ocr_line' id='line_1_37' title="bbox 186 2784 976 2859; baseline -0.005 -18"><span class='ocrx_word' id='word_1_237' title='bbox 186 2797 304 2859; x_wconf 86' lang='lat' dir='ltr'>gratum,</span> <span class='ocrx_word' id='word_1_238' title='bbox 328 2785 368 2842; x_wconf 85' lang='lat' dir='ltr'>sie</span> <span class='ocrx_word' id='word_1_239' title='bbox 384 2784 517 2856; x_wconf 85' lang='lat' dir='ltr'>placidum</span> <span class='ocrx_word' id='word_1_240' title='bbox 532 2800 580 2854; x_wconf 89' lang='lat' dir='ltr'>per</span> <span class='ocrx_word' id='word_1_241' title='bbox 592 2785 788 2853; x_wconf 88' lang='lat' dir='ltr'>promotionem</span> <span class='ocrx_word' id='word_1_242' title='bbox 804 2784 887 2854; x_wconf 88' lang='lat' dir='ltr'>ipsius</span> <span class='ocrx_word' id='word_1_243' title='bbox 902 2797 976 2838; x_wconf 87' lang='lat' dir='ltr'>sere-</span> 
     </span>
     <span class='ocr_line' id='line_1_38' title="bbox 189 2854 976 2924; baseline -0.009 -11"><span class='ocrx_word' id='word_1_244' title='bbox 189 2859 265 2913; x_wconf 87' lang='lat' dir='ltr'>nitati</span> <span class='ocrx_word' id='word_1_245' title='bbox 280 2865 380 2912; x_wconf 82' lang='lat' dir='ltr'>nostrtc</span> <span class='ocrx_word' id='word_1_246' title='bbox 391 2854 529 2910; x_wconf 82' lang='lat' dir='ltr'>sersitinrn</span> <span class='ocrx_word' id='word_1_247' title='bbox 544 2854 692 2918; x_wconf 73' lang='lat' dir='ltr'>eslnlrebis</span> <span class='ocrx_word' id='word_1_248' title='bbox 706 2855 777 2924; x_wconf 91' lang='lat' dir='ltr'>quod</span> <span class='ocrx_word' id='word_1_249' title='bbox 790 2854 836 2908; x_wconf 90' lang='lat' dir='ltr'>tibi</span> <span class='ocrx_word' id='word_1_250' title='bbox 850 2864 875 2907; x_wconf 90' lang='lat' dir='ltr'>et</span> <span class='ocrx_word' id='word_1_251' title='bbox 889 2854 976 2907; x_wconf 88' lang='lat' dir='ltr'>eideut</span> 
     </span>
     <span class='ocr_line' id='line_1_39' title="bbox 187 2924 977 2993; baseline -0.008 -11"><span class='ocrx_word' id='word_1_252' title='bbox 187 2928 309 2982; x_wconf 53' lang='lat' dir='ltr'>eccclesiae</span> <span class='ocrx_word' id='word_1_253' title='bbox 324 2935 376 2980; x_wconf 91' lang='lat' dir='ltr'>tuae</span> <span class='ocrx_word' id='word_1_254' title='bbox 393 2926 419 2980; x_wconf 91' lang='lat' dir='ltr'>in</span> <span class='ocrx_word' id='word_1_255' title='bbox 434 2924 539 2977; x_wconf 79' lang='lat' dir='ltr'>curretis</span> <span class='ocrx_word' id='word_1_256' title='bbox 553 2925 798 2993; x_wconf 88' lang='lat' dir='ltr'>opportunitatibus</span> <span class='ocrx_word' id='word_1_257' title='bbox 812 2925 977 2977; x_wconf 86' lang='lat' dir='ltr'>incessanter</span> 
     </span>
     <span class='ocr_line' id='line_1_40' title="bbox 188 2992 974 3065; baseline -0.003 -16"><span class='ocrx_word' id='word_1_258' title='bbox 188 2999 283 3051; x_wconf 87' lang='lat' dir='ltr'>adesse</span> <span class='ocrx_word' id='word_1_259' title='bbox 295 2996 476 3065; x_wconf 86' lang='lat' dir='ltr'>concepimus,</span> <span class='ocrx_word' id='word_1_260' title='bbox 498 3005 524 3047; x_wconf 91' lang='lat' dir='ltr'>et</span> <span class='ocrx_word' id='word_1_261' title='bbox 545 2993 735 3050; x_wconf 71' lang='lat' dir='ltr'>lariorabilibns</span> <span class='ocrx_word' id='word_1_262' title='bbox 750 2993 888 3048; x_wconf 77' lang='lat' dir='ltr'>desideriis</span> <span class='ocrx_word' id='word_1_263' title='bbox 902 2992 974 3063; x_wconf 84' lang='lat' dir='ltr'>aspl-</span> 
     </span>
     <span class='ocr_line' id='line_1_41' title="bbox 188 3063 975 3135; baseline -0.001 -15"><span class='ocrx_word' id='word_1_264' title='bbox 188 3083 260 3121; x_wconf 90' lang='lat' dir='ltr'>rare.</span> <span class='ocrx_word' id='word_1_265' title='bbox 278 3067 312 3122; x_wconf 89' lang='lat' dir='ltr'>Ut</span> <span class='ocrx_word' id='word_1_266' title='bbox 327 3066 410 3135; x_wconf 85' lang='lat' dir='ltr'>igitur</span> <span class='ocrx_word' id='word_1_267' title='bbox 430 3078 489 3132; x_wconf 72' lang='lat' dir='ltr'>quae</span> <span class='ocrx_word' id='word_1_268' title='bbox 512 3064 583 3117; x_wconf 89' lang='lat' dir='ltr'>eirca</span> <span class='ocrx_word' id='word_1_269' title='bbox 608 3064 740 3133; x_wconf 91' lang='lat' dir='ltr'>promissa</span> <span class='ocrx_word' id='word_1_270' title='bbox 765 3072 809 3117; x_wconf 92' lang='lat' dir='ltr'>tna</span> <span class='ocrx_word' id='word_1_271' title='bbox 835 3063 975 3119; x_wconf 85' lang='lat' dir='ltr'>landabdis</span> 
     </span>
     <span class='ocr_line' id='line_1_42' title="bbox 186 3133 974 3206; baseline -0.001 -17"><span class='ocrx_word' id='word_1_272' title='bbox 186 3138 367 3206; x_wconf 69' lang='lat' dir='ltr'>praeconcepit</span> <span class='ocrx_word' id='word_1_273' title='bbox 386 3133 509 3198; x_wconf 90' lang='lat' dir='ltr'>intentio,</span> <span class='ocrx_word' id='word_1_274' title='bbox 529 3133 618 3186; x_wconf 86' lang='lat' dir='ltr'>aninro</span> <span class='ocrx_word' id='word_1_275' title='bbox 639 3134 718 3187; x_wconf 80' lang='lat' dir='ltr'>studii</span> <span class='ocrx_word' id='word_1_276' title='bbox 734 3133 907 3204; x_wconf 78' lang='lat' dir='ltr'>proruptionis</span> <span class='ocrx_word' id='word_1_277' title='bbox 926 3134 974 3188; x_wconf 89' lang='lat' dir='ltr'>ad-</span> 
     </span>
     <span class='ocr_line' id='line_1_43' title="bbox 189 3203 975 3278; baseline -0.004 -18"><span class='ocrx_word' id='word_1_278' title='bbox 189 3206 300 3278; x_wconf 85' lang='lat' dir='ltr'>impleas</span> <span class='ocrx_word' id='word_1_279' title='bbox 317 3214 344 3259; x_wconf 90' lang='lat' dir='ltr'>et</span> <span class='ocrx_word' id='word_1_280' title='bbox 359 3203 483 3259; x_wconf 86' lang='lat' dir='ltr'>habiliori</span> <span class='ocrx_word' id='word_1_281' title='bbox 505 3203 691 3257; x_wconf 78' lang='lat' dir='ltr'>benevolentia</span> <span class='ocrx_word' id='word_1_282' title='bbox 711 3204 899 3272; x_wconf 82' lang='lat' dir='ltr'>prosequaris,</span> <span class='ocrx_word' id='word_1_283' title='bbox 921 3203 975 3257; x_wconf 89' lang='lat' dir='ltr'>sin-</span> 
     </span>
     <span class='ocr_line' id='line_1_44' title="bbox 186 3272 976 3342; baseline -0.003 -12"><span class='ocrx_word' id='word_1_284' title='bbox 186 3275 294 3330; x_wconf 85' lang='lat' dir='ltr'>ceritati</span> <span class='ocrx_word' id='word_1_285' title='bbox 319 3283 372 3329; x_wconf 78' lang='lat' dir='ltr'>tnas</span> <span class='ocrx_word' id='word_1_286' title='bbox 394 3273 509 3328; x_wconf 79' lang='lat' dir='ltr'>libenter</span> <span class='ocrx_word' id='word_1_287' title='bbox 533 3273 685 3335; x_wconf 86' lang='lat' dir='ltr'>annninrus,</span> <span class='ocrx_word' id='word_1_288' title='bbox 710 3272 864 3342; x_wconf 92' lang='lat' dir='ltr'>quodcum</span> <span class='ocrx_word' id='word_1_289' title='bbox 889 3273 976 3329; x_wconf 86' lang='lat' dir='ltr'>dictus</span> 
     </span>
     <span class='ocr_line' id='line_1_45' title="bbox 188 3341 976 3415; baseline -0.001 -17"><span class='ocrx_word' id='word_1_290' title='bbox 188 3344 220 3398; x_wconf 88' lang='lat' dir='ltr'>N.</span> <span class='ocrx_word' id='word_1_291' title='bbox 237 3345 407 3415; x_wconf 77' lang='lat' dir='ltr'>praebendam</span> <span class='ocrx_word' id='word_1_292' title='bbox 420 3342 511 3397; x_wconf 82' lang='lat' dir='ltr'>diviua</span> <span class='ocrx_word' id='word_1_293' title='bbox 526 3344 629 3396; x_wconf 82' lang='lat' dir='ltr'>lareate</span> <span class='ocrx_word' id='word_1_294' title='bbox 646 3343 787 3397; x_wconf 89' lang='lat' dir='ltr'>clementia</span> <span class='ocrx_word' id='word_1_295' title='bbox 807 3341 888 3397; x_wconf 82' lang='lat' dir='ltr'>luerit</span> <span class='ocrx_word' id='word_1_296' title='bbox 906 3358 976 3398; x_wconf 87' lang='lat' dir='ltr'>asse-</span> 
     </span>
     <span class='ocr_line' id='line_1_46' title="bbox 186 3412 975 3482; baseline -0.001 -14"><span class='ocrx_word' id='word_1_297' title='bbox 186 3425 276 3480; x_wconf 90' lang='lat' dir='ltr'>cutus,</span> <span class='ocrx_word' id='word_1_298' title='bbox 290 3415 317 3468; x_wconf 90' lang='lat' dir='ltr'>in</span> <span class='ocrx_word' id='word_1_299' title='bbox 331 3414 450 3469; x_wconf 77' lang='lat' dir='ltr'>ecclesie</span> <span class='ocrx_word' id='word_1_300' title='bbox 463 3420 616 3482; x_wconf 78' lang='lat' dir='ltr'>pnerrotatae</span> <span class='ocrx_word' id='word_1_301' title='bbox 632 3412 774 3481; x_wconf 89' lang='lat' dir='ltr'>plantario,</span> <span class='ocrx_word' id='word_1_302' title='bbox 791 3412 864 3467; x_wconf 86' lang='lat' dir='ltr'>relat</span> <span class='ocrx_word' id='word_1_303' title='bbox 880 3412 975 3467; x_wconf 83' lang='lat' dir='ltr'>seucti-</span> 
     </span>
     <span class='ocr_line' id='line_1_47' title="bbox 187 3481 974 3608; baseline -0.004 -70"><span class='ocrx_word' id='word_1_304' title='bbox 187 3485 243 3539; x_wconf 86' lang='lat' dir='ltr'>lera</span> <span class='ocrx_word' id='word_1_305' title='bbox 263 3485 385 3608; x_wconf 68' lang='lat' dir='ltr'>plrrrrtula</span> <span class='ocrx_word' id='word_1_306' title='bbox 402 3482 553 3536; x_wconf 67' lang='lat' dir='ltr'>residentiae</span> <span class='ocrx_word' id='word_1_307' title='bbox 571 3481 687 3536; x_wconf 84' lang='lat' dir='ltr'>sructura</span> <span class='ocrx_word' id='word_1_308' title='bbox 712 3481 793 3537; x_wconf 76' lang='lat' dir='ltr'>farciat</span> <span class='ocrx_word' id='word_1_309' title='bbox 808 3492 974 3553; x_wconf 85' lang='lat' dir='ltr'>exoptatum,</span> 
     </span>
    </p>
   </div>
   <div class='ocr_carea' id='block_1_13' title="bbox 187 3551 975 3623">
    <p class='ocr_par' dir='ltr' id='par_1_14' title="bbox 187 3551 975 3623">
     <span class='ocr_line' id='line_1_48' title="bbox 187 3551 975 3623; baseline 0 -15"><span class='ocrx_word' id='word_1_310' title='bbox 187 3555 241 3609; x_wconf 91' lang='lat' dir='ltr'>nisi</span> <span class='ocrx_word' id='word_1_311' title='bbox 274 3551 388 3610; x_wconf 85' lang='lat' dir='ltr'>ortassis</span> <span class='ocrx_word' id='word_1_312' title='bbox 412 3566 517 3622; x_wconf 91' lang='lat' dir='ltr'>quoque</span> <span class='ocrx_word' id='word_1_313' title='bbox 541 3553 680 3622; x_wconf 84' lang='lat' dir='ltr'>contingat</span> <span class='ocrx_word' id='word_1_314' title='bbox 704 3552 827 3608; x_wconf 89' lang='lat' dir='ltr'>eumdem</span> <span class='ocrx_word' id='word_1_315' title='bbox 844 3568 893 3623; x_wconf 92' lang='lat' dir='ltr'>pro</span> <span class='ocrx_word' id='word_1_316' title='bbox 922 3553 975 3608; x_wconf 87' lang='lat' dir='ltr'>tuis</span> 
     </span>
    </p>
   </div>
   <div class='ocr_carea' id='block_1_14' title="bbox 184 3686 975 4438">
    <p class='ocr_par' dir='ltr' id='par_1_15' title="bbox 184 3686 975 4163">
     <span class='ocr_line' id='line_1_49' title="bbox 222 3686 975 3758; baseline 0.001 -16"><span class='ocrx_word' id='word_1_317' title='bbox 222 3700 236 3730; x_wconf 79' lang='lat'>⁸</span> <span class='ocrx_word' id='word_1_318' title='bbox 252 3686 366 3742; x_wconf 85' lang='lat' dir='ltr'>Cuinarn</span> <span class='ocrx_word' id='word_1_319' title='bbox 386 3687 521 3741; x_wconf 88' lang='lat' dir='ltr'>scribatur</span> <span class='ocrx_word' id='word_1_320' title='bbox 535 3686 647 3757; x_wconf 90' lang='lat' dir='ltr'>epistola</span> <span class='ocrx_word' id='word_1_321' title='bbox 665 3687 818 3742; x_wconf 88' lang='lat' dir='ltr'>incertum:</span> <span class='ocrx_word' id='word_1_322' title='bbox 835 3697 907 3742; x_wconf 89' lang='lat' dir='ltr'>certe</span> <span class='ocrx_word' id='word_1_323' title='bbox 919 3688 975 3758; x_wconf 89' lang='lat' dir='ltr'>epi-</span> 
     </span>
     <span class='ocr_line' id='line_1_50' title="bbox 185 3756 975 3829; baseline 0.003 -19"><span class='ocrx_word' id='word_1_324' title='bbox 185 3772 277 3828; x_wconf 86' lang='lat' dir='ltr'>seopo.</span> <span class='ocrx_word' id='word_1_325' title='bbox 290 3757 417 3823; x_wconf 78' lang='lat' dir='ltr'>Quamvis</span> <span class='ocrx_word' id='word_1_326' title='bbox 428 3757 500 3810; x_wconf 92' lang='lat' dir='ltr'>enim</span> <span class='ocrx_word' id='word_1_327' title='bbox 515 3756 670 3827; x_wconf 79' lang='lat' dir='ltr'>urrdolpuns</span> <span class='ocrx_word' id='word_1_328' title='bbox 687 3758 873 3827; x_wconf 87' lang='lat' dir='ltr'>cpiscoporum</span> <span class='ocrx_word' id='word_1_329' title='bbox 885 3768 975 3829; x_wconf 88' lang='lat' dir='ltr'>pater-</span> 
     </span>
     <span class='ocr_line' id='line_1_51' title="bbox 184 3827 974 3897; baseline 0 -14"><span class='ocrx_word' id='word_1_330' title='bbox 184 3829 298 3883; x_wconf 87' lang='lat' dir='ltr'>nitatem</span> <span class='ocrx_word' id='word_1_331' title='bbox 310 3827 393 3883; x_wconf 86' lang='lat' dir='ltr'>soleat</span> <span class='ocrx_word' id='word_1_332' title='bbox 408 3827 533 3887; x_wconf 74' lang='lat' dir='ltr'>revereri,</span> <span class='ocrx_word' id='word_1_333' title='bbox 547 3828 666 3897; x_wconf 89' lang='lat' dir='ltr'>adeoque</span> <span class='ocrx_word' id='word_1_334' title='bbox 682 3843 734 3881; x_wconf 92' lang='lat' dir='ltr'>non</span> <span class='ocrx_word' id='word_1_335' title='bbox 757 3838 809 3881; x_wconf 83' lang='lat' dir='ltr'>tare</span> <span class='ocrx_word' id='word_1_336' title='bbox 822 3829 869 3883; x_wconf 90' lang='lat' dir='ltr'>sed</span> <span class='ocrx_word' id='word_1_337' title='bbox 884 3838 974 3883; x_wconf 77' lang='lat' dir='ltr'>cestrae</span> 
     </span>
     <span class='ocr_line' id='line_1_52' title="bbox 185 3896 974 3969; baseline 0.003 -18"><span class='ocrx_word' id='word_1_338' title='bbox 185 3896 243 3954; x_wconf 87' lang='lat' dir='ltr'>lere</span> <span class='ocrx_word' id='word_1_339' title='bbox 265 3912 372 3968; x_wconf 83' lang='lat' dir='ltr'>semper</span> <span class='ocrx_word' id='word_1_340' title='bbox 384 3897 546 3967; x_wconf 88' lang='lat' dir='ltr'>pronuntiet,</span> <span class='ocrx_word' id='word_1_341' title='bbox 569 3897 754 3952; x_wconf 83' lang='lat' dir='ltr'>Tridentinum</span> <span class='ocrx_word' id='word_1_342' title='bbox 771 3906 858 3952; x_wconf 89' lang='lat' dir='ltr'>tanren</span> <span class='ocrx_word' id='word_1_343' title='bbox 871 3899 974 3969; x_wconf 85' lang='lat' dir='ltr'>episeo-</span> 
     </span>
     <span class='ocr_line' id='line_1_53' title="bbox 185 3966 974 4040; baseline 0.001 -18"><span class='ocrx_word' id='word_1_344' title='bbox 185 3982 259 4039; x_wconf 90' lang='lat' dir='ltr'>pum,</span> <span class='ocrx_word' id='word_1_345' title='bbox 275 3974 395 4038; x_wconf 87' lang='lat' dir='ltr'>utsupra</span> <span class='ocrx_word' id='word_1_346' title='bbox 414 3967 530 4021; x_wconf 85' lang='lat' dir='ltr'>rirlirnns</span> <span class='ocrx_word' id='word_1_347' title='bbox 543 3966 658 4039; x_wconf 85' lang='lat' dir='ltr'>(epistol.</span> <span class='ocrx_word' id='word_1_348' title='bbox 675 3967 731 4038; x_wconf 63' lang='grc' dir='ltr'>ιι),</span> <span class='ocrx_word' id='word_1_349' title='bbox 748 3975 775 4022; x_wconf 92' lang='lat' dir='ltr'>et</span> <span class='ocrx_word' id='word_1_350' title='bbox 792 3969 974 4040; x_wconf 88' lang='lat' dir='ltr'>archiepisco·</span> 
     </span>
     <span class='ocr_line' id='line_1_54' title="bbox 185 4036 974 4163; baseline 0 -71"><span class='ocrx_word' id='word_1_351' title='bbox 185 4053 250 4163; x_wconf 66' lang='lat' dir='ltr'>putu</span> <span class='ocrx_word' id='word_1_352' title='bbox 270 4039 391 4108; x_wconf 81' lang='lat' dir='ltr'>ignotum</span> <span class='ocrx_word' id='word_1_353' title='bbox 412 4036 464 4106; x_wconf 87' lang='lat' dir='ltr'>(ep.</span> <span class='ocrx_word' id='word_1_354' title='bbox 478 4036 601 4159; x_wconf 53' lang='lat' dir='ltr'>5⁹&#39;pd&#39;ari</span> <span class='ocrx_word' id='word_1_355' title='bbox 613 4036 701 4092; x_wconf 84' lang='lat' dir='ltr'>ollrcio</span> <span class='ocrx_word' id='word_1_356' title='bbox 723 4039 904 4107; x_wconf 84' lang='lat' dir='ltr'>prosequitur,</span> <span class='ocrx_word' id='word_1_357' title='bbox 921 4054 974 4108; x_wconf 91' lang='lat' dir='ltr'>quo</span> 
     </span>
    </p>

    <p class='ocr_par' dir='ltr' id='par_1_16' title="bbox 184 4107 974 4438">
     <span class='ocr_line' id='line_1_55' title="bbox 204 4107 974 4179; baseline 0.001 -17"><span class='ocrx_word' id='word_1_358' title='bbox 204 4123 257 4162; x_wconf 91' lang='lat' dir='ltr'>unc</span> <span class='ocrx_word' id='word_1_359' title='bbox 268 4108 369 4179; x_wconf 91' lang='lat' dir='ltr'>pariter</span> <span class='ocrx_word' id='word_1_360' title='bbox 379 4109 508 4176; x_wconf 87' lang='lat' dir='ltr'>ignotum.</span> <span class='ocrx_word' id='word_1_361' title='bbox 570 4123 596 4160; x_wconf 95' lang='lat' dir='ltr'>m</span> <span class='ocrx_word' id='word_1_362' title='bbox 607 4107 687 4175; x_wconf 84' lang='lat' dir='ltr'>igitur</span> <span class='ocrx_word' id='word_1_363' title='bbox 698 4107 837 4161; x_wconf 84' lang='lat' dir='ltr'>leodiensi</span> <span class='ocrx_word' id='word_1_364' title='bbox 848 4109 974 4179; x_wconf 91' lang='lat' dir='ltr'>episcopo</span> 
     </span>
     <span class='ocr_line' id='line_1_56' title="bbox 184 4175 974 4260; baseline -0.001 -26"><span class='ocrx_word' id='word_1_365' title='bbox 184 4177 285 4260; x_wconf 78' lang='lat' dir='ltr'>scripta</span> <span class='ocrx_word' id='word_1_366' title='bbox 305 4178 374 4232; x_wconf 83' lang='lat' dir='ltr'>erit?</span> <span class='ocrx_word' id='word_1_367' title='bbox 395 4175 518 4246; x_wconf 88' lang='lat' dir='ltr'>Capitale</span> <span class='ocrx_word' id='word_1_368' title='bbox 539 4178 672 4245; x_wconf 88' lang='lat' dir='ltr'>siquidem</span> <span class='ocrx_word' id='word_1_369' title='bbox 696 4176 768 4231; x_wconf 88' lang='lat' dir='ltr'>illius</span> <span class='ocrx_word' id='word_1_370' title='bbox 788 4177 909 4233; x_wconf 74' lang='lat' dir='ltr'>ecclesiae</span> <span class='ocrx_word' id='word_1_371' title='bbox 932 4194 974 4233; x_wconf 90' lang='lat' dir='ltr'>ca·</span> 
     </span>
     <span class='ocr_line' id='line_1_57' title="bbox 184 4245 973 4317; baseline 0 -14"><span class='ocrx_word' id='word_1_372' title='bbox 184 4259 311 4303; x_wconf 77' lang='lat' dir='ltr'>mitreum</span> <span class='ocrx_word' id='word_1_373' title='bbox 334 4246 505 4302; x_wconf 87' lang='lat' dir='ltr'>commendat</span> <span class='ocrx_word' id='word_1_374' title='bbox 532 4245 586 4316; x_wconf 87' lang='lat' dir='ltr'>(ep.</span> <span class='ocrx_word' id='word_1_375' title='bbox 610 4245 666 4315; x_wconf 65' lang='grc' dir='ltr'>ιι),</span> <span class='ocrx_word' id='word_1_376' title='bbox 692 4246 737 4314; x_wconf 91' lang='lat' dir='ltr'>qni</span> <span class='ocrx_word' id='word_1_377' title='bbox 755 4261 789 4301; x_wconf 82' lang='lat' dir='ltr'>ex</span> <span class='ocrx_word' id='word_1_378' title='bbox 805 4248 877 4317; x_wconf 89' lang='lat' dir='ltr'>regia</span> <span class='ocrx_word' id='word_1_379' title='bbox 898 4248 973 4303; x_wconf 86' lang='lat' dir='ltr'>curia</span> 
     </span>
     <span class='ocr_line' id='line_1_58' title="bbox 184 4315 972 4438; baseline 0 -66"><span class='ocrx_word' id='word_1_380' title='bbox 184 4317 218 4372; x_wconf 80' lang='lat' dir='ltr'>ad</span> <span class='ocrx_word' id='word_1_381' title='bbox 242 4319 385 4372; x_wconf 88' lang='lat' dir='ltr'>ineundam</span> <span class='ocrx_word' id='word_1_382' title='bbox 405 4315 601 4385; x_wconf 83' lang='lat' dir='ltr'>possessionem</span> <span class='ocrx_word' id='word_1_383' title='bbox 625 4317 798 4370; x_wconf 85' lang='lat' dir='ltr'>canonicatus</span> <span class='ocrx_word' id='word_1_384' title='bbox 822 4317 972 4438; x_wconf 73' lang='lat' dir='ltr'>proticisci·</span> 
     </span>
    </p>
   </div>
   <div class='ocr_carea' id='block_1_15' title="bbox 184 4373 1011 4458">
    <p class='ocr_par' dir='ltr' id='par_1_17' title="bbox 184 4373 1011 4458">
     <span class='ocr_line' id='line_1_59' title="bbox 184 4373 1011 4458; baseline 0.004 -18"><span class='ocrx_word' id='word_1_385' title='bbox 184 4395 238 4447; x_wconf 93' lang='lat' dir='ltr'>tur,</span> <span class='ocrx_word' id='word_1_386' title='bbox 259 4388 292 4441; x_wconf 85' lang='lat' dir='ltr'>ad</span> <span class='ocrx_word' id='word_1_387' title='bbox 311 4387 432 4442; x_wconf 88' lang='lat' dir='ltr'>earudcrn</span> <span class='ocrx_word' id='word_1_388' title='bbox 452 4401 624 4450; x_wconf 87' lang='lat' dir='ltr'>reversurus,</span> <span class='ocrx_word' id='word_1_389' title='bbox 646 4383 725 4454; x_wconf 83' lang='lat' dir='ltr'>juxta</span> <span class='ocrx_word' id='word_1_390' title='bbox 748 4385 881 4458; x_wconf 85' lang='lat' dir='ltr'>Rudopbi</span> <span class='ocrx_word' id='word_1_391' title='bbox 899 4373 1011 4443; x_wconf 78' lang='lat' dir='ltr'>desi-D</span> 
     </span>
    </p>
   </div>
   <div class='ocr_carea' id='block_1_16' title="bbox 179 4457 972 5714">
    <p class='ocr_par' dir='ltr' id='par_1_18' title="bbox 184 4457 299 4511">
     <span class='ocr_line' id='line_1_60' title="bbox 184 4457 299 4511; baseline -0.026 -1"><span class='ocrx_word' id='word_1_392' title='bbox 184 4457 299 4511; x_wconf 90' lang='lat' dir='ltr'>derium.</span> 
     </span>
    </p>

    <p class='ocr_par' dir='ltr' id='par_1_19' title="bbox 183 4523 972 4788">
     <span class='ocr_line' id='line_1_61' title="bbox 221 4523 972 4598; baseline 0.005 -20"><span class='ocrx_word' id='word_1_393' title='bbox 221 4526 234 4565; x_wconf 80' lang='lat' dir='ltr'>b</span> <span class='ocrx_word' id='word_1_394' title='bbox 254 4526 302 4579; x_wconf 90' lang='lat' dir='ltr'>llis</span> <span class='ocrx_word' id='word_1_395' title='bbox 324 4524 407 4578; x_wconf 88' lang='lat' dir='ltr'>multa</span> <span class='ocrx_word' id='word_1_396' title='bbox 428 4523 613 4579; x_wconf 81' lang='lat' dir='ltr'>convenientia</span> <span class='ocrx_word' id='word_1_397' title='bbox 630 4533 673 4581; x_wconf 89' lang='lat' dir='ltr'>est</span> <span class='ocrx_word' id='word_1_398' title='bbox 688 4540 749 4580; x_wconf 91' lang='lat' dir='ltr'>eum</span> <span class='ocrx_word' id='word_1_399' title='bbox 767 4525 895 4596; x_wconf 76' lang='lat' dir='ltr'>predicta</span> <span class='ocrx_word' id='word_1_400' title='bbox 913 4526 972 4598; x_wconf 89' lang='lat' dir='ltr'>epl-</span> 
     </span>
     <span class='ocr_line' id='line_1_62' title="bbox 184 4593 972 4659; baseline 0.006 -11"><span class='ocrx_word' id='word_1_401' title='bbox 184 4596 267 4659; x_wconf 88' lang='lat' dir='ltr'>stola,</span> <span class='ocrx_word' id='word_1_402' title='bbox 294 4595 400 4649; x_wconf 70' lang='lat' dir='ltr'>laniet-i</span> <span class='ocrx_word' id='word_1_403' title='bbox 424 4594 451 4647; x_wconf 95' lang='lat' dir='ltr'>in</span> <span class='ocrx_word' id='word_1_404' title='bbox 478 4595 522 4647; x_wconf 92' lang='lat' dir='ltr'>illa</span> <span class='ocrx_word' id='word_1_405' title='bbox 548 4595 646 4649; x_wconf 90' lang='lat' dir='ltr'>notarii</span> <span class='ocrx_word' id='word_1_406' title='bbox 674 4595 783 4651; x_wconf 89' lang='lat' dir='ltr'>nomine</span> <span class='ocrx_word' id='word_1_407' title='bbox 811 4593 972 4653; x_wconf 79' lang='lat' dir='ltr'>familiarem</span> 
     </span>
     <span class='ocr_line' id='line_1_63' title="bbox 183 4664 972 4735; baseline 0.005 -16"><span class='ocrx_word' id='word_1_408' title='bbox 183 4681 262 4719; x_wconf 87' lang='lat' dir='ltr'>suum</span> <span class='ocrx_word' id='word_1_409' title='bbox 290 4679 343 4719; x_wconf 90' lang='lat' dir='ltr'>non</span> <span class='ocrx_word' id='word_1_410' title='bbox 370 4665 505 4735; x_wconf 88' lang='lat' dir='ltr'>appellet,</span> <span class='ocrx_word' id='word_1_411' title='bbox 537 4679 591 4734; x_wconf 92' lang='lat' dir='ltr'>quo</span> <span class='ocrx_word' id='word_1_412' title='bbox 619 4664 729 4719; x_wconf 88' lang='lat' dir='ltr'>dubium</span> <span class='ocrx_word' id='word_1_413' title='bbox 754 4680 834 4720; x_wconf 87' lang='lat' dir='ltr'>onrne</span> <span class='ocrx_word' id='word_1_414' title='bbox 861 4681 972 4723; x_wconf 88' lang='lat' dir='ltr'>amore·</span> 
     </span>
     <span class='ocr_line' id='line_1_64' title="bbox 184 4742 268 4788; baseline 0 0"><span class='ocrx_word' id='word_1_415' title='bbox 184 4742 268 4788; x_wconf 68' lang='lat' dir='ltr'>rrrtrrr.</span> 
     </span>
    </p>

    <p class='ocr_par' dir='ltr' id='par_1_20' title="bbox 179 4803 972 5437">
     <span class='ocr_line' id='line_1_65' title="bbox 218 4803 972 4875; baseline 0.004 -16"><span class='ocrx_word' id='word_1_416' title='bbox 218 4819 229 4841; x_wconf 80' lang='lat'>⁴·</span> <span class='ocrx_word' id='word_1_417' title='bbox 250 4804 394 4859; x_wconf 89' lang='lat' dir='ltr'>llenricnm</span> <span class='ocrx_word' id='word_1_418' title='bbox 409 4803 595 4858; x_wconf 79' lang='lat' dir='ltr'>Trirlerrtinrnn</span> <span class='ocrx_word' id='word_1_419' title='bbox 611 4803 766 4875; x_wconf 89' lang='lat' dir='ltr'>episcopum</span> <span class='ocrx_word' id='word_1_420' title='bbox 784 4804 914 4861; x_wconf 77' lang='lat' dir='ltr'>Lausanar</span> <span class='ocrx_word' id='word_1_421' title='bbox 928 4820 972 4863; x_wconf 82' lang='lat' dir='ltr'>ex-</span> 
     </span>
     <span class='ocr_line' id='line_1_66' title="bbox 182 4873 972 4945; baseline 0.004 -17"><span class='ocrx_word' id='word_1_422' title='bbox 182 4875 284 4930; x_wconf 87' lang='lat' dir='ltr'>stitisse</span> <span class='ocrx_word' id='word_1_423' title='bbox 310 4877 380 4945; x_wconf 86' lang='lat' dir='ltr'>apml</span> <span class='ocrx_word' id='word_1_424' title='bbox 405 4873 572 4943; x_wconf 84' lang='lat' dir='ltr'>llurlolpbum</span> <span class='ocrx_word' id='word_1_425' title='bbox 595 4889 667 4929; x_wconf 92' lang='lat' dir='ltr'>anno</span> <span class='ocrx_word' id='word_1_426' title='bbox 684 4874 761 4941; x_wconf 75' lang='lat' dir='ltr'>rats,</span> <span class='ocrx_word' id='word_1_427' title='bbox 781 4875 823 4930; x_wconf 91' lang='lat' dir='ltr'>die</span> <span class='ocrx_word' id='word_1_428' title='bbox 840 4877 874 4930; x_wconf 71' lang='lat' dir='ltr'>ab</span> <span class='ocrx_word' id='word_1_429' title='bbox 892 4875 972 4931; x_wconf 86' lang='lat' dir='ltr'>Octo·</span> 
     </span>
     <span class='ocr_line' id='line_1_67' title="bbox 182 4943 971 5017; baseline 0.005 -18"><span class='ocrx_word' id='word_1_430' title='bbox 182 4946 247 5006; x_wconf 89' lang='lat' dir='ltr'>bris,</span> <span class='ocrx_word' id='word_1_431' title='bbox 274 4953 301 4999; x_wconf 92' lang='lat' dir='ltr'>et</span> <span class='ocrx_word' id='word_1_432' title='bbox 321 4945 454 5014; x_wconf 79' lang='lat' dir='ltr'>sequenti,</span> <span class='ocrx_word' id='word_1_433' title='bbox 480 4946 655 5015; x_wconf 87' lang='lat' dir='ltr'>comprobant</span> <span class='ocrx_word' id='word_1_434' title='bbox 677 4943 735 5013; x_wconf 85' lang='lat' dir='ltr'>ejus</span> <span class='ocrx_word' id='word_1_435' title='bbox 758 4947 971 5017; x_wconf 85' lang='lat' dir='ltr'>subscriptiones</span> 
     </span>
     <span class='ocr_line' id='line_1_68' title="bbox 181 5014 971 5086; baseline 0.009 -20"><span class='ocrx_word' id='word_1_436' title='bbox 181 5014 286 5070; x_wconf 83' lang='lat' dir='ltr'>‹lurrbus</span> <span class='ocrx_word' id='word_1_437' title='bbox 305 5015 494 5086; x_wconf 84' lang='lat' dir='ltr'>diplomatibus</span> <span class='ocrx_word' id='word_1_438' title='bbox 509 5015 589 5084; x_wconf 84' lang='lat' dir='ltr'>regiis</span> <span class='ocrx_word' id='word_1_439' title='bbox 604 5015 631 5070; x_wconf 89' lang='lat' dir='ltr'>in</span> <span class='ocrx_word' id='word_1_440' title='bbox 645 5016 695 5085; x_wconf 79' lang='lat' dir='ltr'>dp.</span> <span class='ocrx_word' id='word_1_441' title='bbox 718 5014 809 5071; x_wconf 81' lang='lat' dir='ltr'>detor.</span> <span class='ocrx_word' id='word_1_442' title='bbox 833 5026 917 5072; x_wconf 87' lang='lat' dir='ltr'>reter.</span> <span class='ocrx_word' id='word_1_443' title='bbox 938 5019 971 5073; x_wconf 88' lang='lat' dir='ltr'>de</span> 
     </span>
     <span class='ocr_line' id='line_1_69' title="bbox 180 5084 971 5157; baseline 0.005 -19"><span class='ocrx_word' id='word_1_444' title='bbox 180 5100 286 5139; x_wconf 88' lang='lat' dir='ltr'>summo</span> <span class='ocrx_word' id='word_1_445' title='bbox 301 5085 453 5155; x_wconf 74' lang='lat' dir='ltr'>apostolicae</span> <span class='ocrx_word' id='word_1_446' title='bbox 464 5086 535 5140; x_wconf 89' lang='lat' dir='ltr'>sedis</span> <span class='ocrx_word' id='word_1_447' title='bbox 546 5085 663 5140; x_wconf 87' lang='lat' dir='ltr'>dominio</span> <span class='ocrx_word' id='word_1_448' title='bbox 680 5087 706 5139; x_wconf 88' lang='lat' dir='ltr'>in</span> <span class='ocrx_word' id='word_1_449' title='bbox 722 5084 893 5152; x_wconf 85' lang='lat' dir='ltr'>Conraelunr;</span> <span class='ocrx_word' id='word_1_450' title='bbox 911 5103 971 5157; x_wconf 74' lang='lat' dir='ltr'>rqrrte</span> 
     </span>
     <span class='ocr_line' id='line_1_70' title="bbox 181 5155 970 5213; baseline 0.001 -2"><span class='ocrx_word' id='word_1_451' title='bbox 181 5172 242 5211; x_wconf 87' lang='lat' dir='ltr'>carn</span> <span class='ocrx_word' id='word_1_452' title='bbox 265 5156 324 5211; x_wconf 91' lang='lat' dir='ltr'>aliis</span> <span class='ocrx_word' id='word_1_453' title='bbox 347 5172 362 5209; x_wconf 89' lang='lat' dir='ltr'>a</span> <span class='ocrx_word' id='word_1_454' title='bbox 384 5155 519 5210; x_wconf 88' lang='lat' dir='ltr'>Gentilnto</span> <span class='ocrx_word' id='word_1_455' title='bbox 542 5156 669 5211; x_wconf 83' lang='lat' dir='ltr'>eslribitis</span> <span class='ocrx_word' id='word_1_456' title='bbox 694 5156 970 5213; x_wconf 84' lang='lat' dir='ltr'>larnlanturaCnleto</span> 
     </span>
     <span class='ocr_line' id='line_1_71' title="bbox 180 5225 970 5300; baseline -0.001 -17"><span class='ocrx_word' id='word_1_457' title='bbox 180 5226 299 5300; x_wconf 81' lang='lat' dir='ltr'>(ilgbell.</span> <span class='ocrx_word' id='word_1_458' title='bbox 316 5226 350 5279; x_wconf 90' lang='lat' dir='ltr'>lt.</span> <span class='ocrx_word' id='word_1_459' title='bbox 365 5225 439 5289; x_wconf 70' lang='lat' dir='ltr'>Sne,</span> <span class='ocrx_word' id='word_1_460' title='bbox 454 5235 519 5280; x_wconf 91' lang='lat' dir='ltr'>torn.</span> <span class='ocrx_word' id='word_1_461' title='bbox 536 5227 566 5289; x_wconf 83' lang='lat' dir='ltr'>ll,</span> <span class='ocrx_word' id='word_1_462' title='bbox 581 5242 608 5296; x_wconf 92' lang='lat' dir='ltr'>p.</span> <span class='ocrx_word' id='word_1_463' title='bbox 620 5226 693 5296; x_wconf 76' lang='lat' dir='ltr'>(illd).</span> <span class='ocrx_word' id='word_1_464' title='bbox 707 5225 796 5293; x_wconf 81' lang='lat' dir='ltr'>Quare</span> <span class='ocrx_word' id='word_1_465' title='bbox 809 5227 872 5281; x_wconf 91' lang='lat' dir='ltr'>nulli</span> <span class='ocrx_word' id='word_1_466' title='bbox 885 5228 970 5298; x_wconf 89' lang='lat' dir='ltr'>magis</span> 
     </span>
     <span class='ocr_line' id='line_1_72' title="bbox 180 5296 968 5368; baseline 0 -16"><span class='ocrx_word' id='word_1_467' title='bbox 180 5297 324 5352; x_wconf 80' lang='lat' dir='ltr'>convenire</span> <span class='ocrx_word' id='word_1_468' title='bbox 346 5296 461 5354; x_wconf 81' lang='lat' dir='ltr'>sirletur,</span> <span class='ocrx_word' id='word_1_469' title='bbox 488 5311 569 5364; x_wconf 90' lang='lat' dir='ltr'>quam</span> <span class='ocrx_word' id='word_1_470' title='bbox 593 5297 656 5350; x_wconf 88' lang='lat' dir='ltr'>lruic</span> <span class='ocrx_word' id='word_1_471' title='bbox 679 5297 805 5368; x_wconf 88' lang='lat' dir='ltr'>episcopo</span> <span class='ocrx_word' id='word_1_472' title='bbox 834 5297 968 5367; x_wconf 84' lang='lat' dir='ltr'>lindolpbi</span> 
     </span>
     <span class='ocr_line' id='line_1_73' title="bbox 179 5365 862 5437; baseline -0.001 -16"><span class='ocrx_word' id='word_1_473' title='bbox 179 5366 323 5421; x_wconf 86' lang='lat' dir='ltr'>collocutio</span> <span class='ocrx_word' id='word_1_474' title='bbox 334 5365 367 5420; x_wconf 91' lang='lat' dir='ltr'>de</span> <span class='ocrx_word' id='word_1_475' title='bbox 382 5365 465 5420; x_wconf 88' lang='lat' dir='ltr'>reteri</span> <span class='ocrx_word' id='word_1_476' title='bbox 477 5381 508 5419; x_wconf 87' lang='lat' dir='ltr'>ea</span> <span class='ocrx_word' id='word_1_477' title='bbox 522 5366 654 5420; x_wconf 81' lang='lat' dir='ltr'>discordia</span> <span class='ocrx_word' id='word_1_478' title='bbox 667 5367 862 5437; x_wconf 88' lang='lat' dir='ltr'>componenda.</span> 
     </span>
    </p>

    <p class='ocr_par' dir='ltr' id='par_1_21' title="bbox 181 5435 969 5714">
     <span class='ocr_line' id='line_1_74' title="bbox 214 5435 969 5507; baseline 0.004 -17"><span class='ocrx_word' id='word_1_479' title='bbox 214 5435 226 5473; x_wconf 69' lang='lat' dir='ltr'>l</span> <span class='ocrx_word' id='word_1_480' title='bbox 242 5437 364 5490; x_wconf 84' lang='lat' dir='ltr'>Diximus</span> <span class='ocrx_word' id='word_1_481' title='bbox 378 5436 410 5488; x_wconf 92' lang='lat' dir='ltr'>ad</span> <span class='ocrx_word' id='word_1_482' title='bbox 423 5450 466 5504; x_wconf 85' lang='lat' dir='ltr'>ep.</span> <span class='ocrx_word' id='word_1_483' title='bbox 480 5435 515 5490; x_wconf 71' lang='lat'>28</span> <span class='ocrx_word' id='word_1_484' title='bbox 530 5451 590 5505; x_wconf 82' lang='lat' dir='ltr'>quae</span> <span class='ocrx_word' id='word_1_485' title='bbox 602 5437 656 5490; x_wconf 92' lang='lat' dir='ltr'>buc</span> <span class='ocrx_word' id='word_1_486' title='bbox 670 5436 767 5491; x_wconf 89' lang='lat' dir='ltr'>relerri</span> <span class='ocrx_word' id='word_1_487' title='bbox 781 5452 860 5507; x_wconf 87' lang='lat' dir='ltr'>posse</span> <span class='ocrx_word' id='word_1_488' title='bbox 877 5436 969 5493; x_wconf 90' lang='lat' dir='ltr'>riden-</span> 
     </span>
     <span class='ocr_line' id='line_1_75' title="bbox 182 5505 969 5579; baseline 0.014 -26"><span class='ocrx_word' id='word_1_489' title='bbox 182 5511 234 5556; x_wconf 91' lang='lat' dir='ltr'>tur.</span> <span class='ocrx_word' id='word_1_490' title='bbox 252 5506 318 5559; x_wconf 73' lang='lat' dir='ltr'>liam</span> <span class='ocrx_word' id='word_1_491' title='bbox 334 5506 422 5560; x_wconf 87' lang='lat' dir='ltr'>adesis</span> <span class='ocrx_word' id='word_1_492' title='bbox 436 5509 504 5577; x_wconf 83' lang='lat' dir='ltr'>(irot.</span> <span class='ocrx_word' id='word_1_493' title='bbox 523 5508 557 5578; x_wconf 59' lang='grc' dir='ltr'>Β).</span> <span class='ocrx_word' id='word_1_494' title='bbox 573 5505 676 5572; x_wconf 83' lang='lat' dir='ltr'>Quibus</span> <span class='ocrx_word' id='word_1_495' title='bbox 693 5507 760 5562; x_wconf 88' lang='lat' dir='ltr'>adde</span> <span class='ocrx_word' id='word_1_496' title='bbox 773 5522 833 5576; x_wconf 77' lang='lat' dir='ltr'>qaae</span> <span class='ocrx_word' id='word_1_497' title='bbox 844 5509 969 5579; x_wconf 85' lang='lat' dir='ltr'>leguntur</span> 
     </span>
     <span class='ocr_line' id='line_1_76' title="bbox 182 5572 966 5648; baseline 0.013 -25"><span class='ocrx_word' id='word_1_498' title='bbox 182 5572 209 5623; x_wconf 94' lang='lat' dir='ltr'>ln</span> <span class='ocrx_word' id='word_1_499' title='bbox 229 5575 327 5628; x_wconf 83' lang='lat' dir='ltr'>tabulis</span> <span class='ocrx_word' id='word_1_500' title='bbox 346 5577 496 5630; x_wconf 75' lang='lat' dir='ltr'>concordiae</span> <span class='ocrx_word' id='word_1_501' title='bbox 521 5592 565 5630; x_wconf 89' lang='lat' dir='ltr'>an.</span> <span class='ocrx_word' id='word_1_502' title='bbox 579 5576 657 5640; x_wconf 74' lang='lat' dir='ltr'>aare,</span> <span class='ocrx_word' id='word_1_503' title='bbox 674 5592 721 5631; x_wconf 91' lang='lat' dir='ltr'>rnr</span> <span class='ocrx_word' id='word_1_504' title='bbox 736 5576 796 5630; x_wconf 88' lang='lat' dir='ltr'>lial.</span> <span class='ocrx_word' id='word_1_505' title='bbox 817 5576 879 5632; x_wconf 84' lang='lat' dir='ltr'>lun.</span> <span class='ocrx_word' id='word_1_506' title='bbox 896 5579 966 5648; x_wconf 86' lang='lat' dir='ltr'>apud</span> 
     </span>
     <span class='ocr_line' id='line_1_77' title="bbox 181 5644 966 5714; baseline 0.011 -19"><span class='ocrx_word' id='word_1_507' title='bbox 181 5645 302 5698; x_wconf 86' lang='lat' dir='ltr'>euntdem</span> <span class='ocrx_word' id='word_1_508' title='bbox 324 5644 426 5711; x_wconf 75' lang='lat' dir='ltr'>l&#39;glnll.</span> <span class='ocrx_word' id='word_1_509' title='bbox 453 5645 545 5711; x_wconf 81' lang='lat' dir='ltr'>libid,</span> <span class='ocrx_word' id='word_1_510' title='bbox 570 5664 596 5714; x_wconf 90' lang='lat' dir='ltr'>p.</span> <span class='ocrx_word' id='word_1_511' title='bbox 620 5647 691 5713; x_wconf 82' lang='lat' dir='ltr'>eto),</span> <span class='ocrx_word' id='word_1_512' title='bbox 706 5647 769 5702; x_wconf 92' lang='lat' dir='ltr'>dum</span> <span class='ocrx_word' id='word_1_513' title='bbox 795 5647 925 5703; x_wconf 75' lang='lat' dir='ltr'>lle-oricus</span> <span class='ocrx_word' id='word_1_514' title='bbox 940 5657 966 5704; x_wconf 87' lang='lat' dir='ltr'>et</span> 
     </span>
    </p>
   </div>
   <div class='ocr_carea' id='block_1_17' title="bbox 1029 402 1747 655">
    <p class='ocr_par' dir='ltr' id='par_1_22' title="bbox 1029 402 1747 655">
     <span class='ocr_line' id='line_1_78' title="bbox 1029 402 1427 472; baseline -0.005 -15"><span class='ocrx_word' id='word_1_515' title='bbox 1029 414 1054 457; x_wconf 89' lang='lat' dir='ltr'>te</span> <span class='ocrx_word' id='word_1_516' title='bbox 1064 405 1174 472; x_wconf 84' lang='lat' dir='ltr'>jubente</span> <span class='ocrx_word' id='word_1_517' title='bbox 1189 402 1279 457; x_wconf 85' lang='lat' dir='ltr'>utilius</span> <span class='ocrx_word' id='word_1_518' title='bbox 1291 419 1427 471; x_wconf 81' lang='lat' dir='ltr'>occupari.</span> 
     </span>
     <span class='ocr_line' id='line_1_79' title="bbox 1231 493 1600 566; baseline -0.005 -18"><span class='ocrx_word' id='word_1_519' title='bbox 1231 494 1313 566; x_wconf 63' lang='lat'>[085</span> <span class='ocrx_word' id='word_1_520' title='bbox 1334 493 1502 548; x_wconf 69' lang='lat' dir='ltr'>tartareus</span> <span class='ocrx_word' id='word_1_521' title='bbox 1519 493 1600 548; x_wconf 71' lang='lat' dir='ltr'>XLV·</span> 
     </span>
     <span class='ocr_line' id='line_1_80' title="bbox 1103 584 1747 655; baseline 0 -15"><span class='ocrx_word' id='word_1_522' title='bbox 1103 584 1254 655; x_wconf 77' lang='lat' dir='ltr'>lindolphus</span> <span class='ocrx_word' id='word_1_523' title='bbox 1278 585 1367 638; x_wconf 79' lang='lat' dir='ltr'>scribit</span> <span class='ocrx_word' id='word_1_524' title='bbox 1387 584 1419 638; x_wconf 89' lang='lat' dir='ltr'>de</span> <span class='ocrx_word' id='word_1_525' title='bbox 1438 584 1575 638; x_wconf 82' lang='lat' dir='ltr'>rebellione</span> <span class='ocrx_word' id='word_1_526' title='bbox 1597 586 1747 654; x_wconf 78' lang='lat' dir='ltr'>crrjrrsdam.</span> 
     </span>
    </p>
   </div>
   <div class='ocr_carea' id='block_1_18' title="bbox 1188 674 1674 749">
    <p class='ocr_par' dir='ltr' id='par_1_23' title="bbox 1188 674 1674 749">
     <span class='ocr_line' id='line_1_81' title="bbox 1188 674 1674 749; baseline -0.006 -18"><span class='ocrx_word' id='word_1_527' title='bbox 1188 679 1249 749; x_wconf 81' lang='lat' dir='ltr'>(dn.</span> <span class='ocrx_word' id='word_1_528' title='bbox 1266 677 1344 729; x_wconf 85' lang='lat' dir='ltr'>Dour.</span> <span class='ocrx_word' id='word_1_529' title='bbox 1359 676 1420 738; x_wconf 69' lang='lat' dir='ltr'>rad,</span> <span class='ocrx_word' id='word_1_530' title='bbox 1434 675 1491 728; x_wconf 86' lang='lat' dir='ltr'>cod.</span> <span class='ocrx_word' id='word_1_531' title='bbox 1512 674 1583 729; x_wconf 82' lang='lat' dir='ltr'>lind.</span> <span class='ocrx_word' id='word_1_532' title='bbox 1600 680 1674 746; x_wconf 76' lang='lat' dir='ltr'>scr.)</span> 
     </span>
    </p>
   </div>
   <div class='ocr_carea' id='block_1_19' title="bbox 1029 767 1825 1313">
    <p class='ocr_par' dir='ltr' id='par_1_24' title="bbox 1029 767 1825 1313">
     <span class='ocr_line' id='line_1_82' title="bbox 1029 767 1814 838; baseline -0.004 -12"><span class='ocrx_word' id='word_1_533' title='bbox 1029 767 1442 830; x_wconf 73' lang='lat' dir='ltr'>dnrruurnrcn.—lleinbardn</span> <span class='ocrx_word' id='word_1_534' title='bbox 1456 776 1484 819; x_wconf 90' lang='lat' dir='ltr'>ut</span> <span class='ocrx_word' id='word_1_535' title='bbox 1499 767 1612 830; x_wconf 82' lang='lat' dir='ltr'>ridetur,</span> <span class='ocrx_word' id='word_1_536' title='bbox 1627 767 1722 821; x_wconf 90' lang='lat' dir='ltr'>comiti</span> <span class='ocrx_word' id='word_1_537' title='bbox 1737 767 1814 838; x_wconf 78' lang='lat' dir='ltr'>Tyro·</span> 
     </span>
     <span class='ocr_line' id='line_1_83' title="bbox 1064 836 1813 907; baseline -0.001 -13"><span class='ocrx_word' id='word_1_538' title='bbox 1064 841 1132 894; x_wconf 87' lang='lat' dir='ltr'>lensi</span> <span class='ocrx_word' id='word_1_539' title='bbox 1155 839 1249 893; x_wconf 89' lang='lat' dir='ltr'>scribit</span> <span class='ocrx_word' id='word_1_540' title='bbox 1271 836 1449 907; x_wconf 71' lang='lat' dir='ltr'>superantem</span> <span class='ocrx_word' id='word_1_541' title='bbox 1464 836 1608 900; x_wconf 84' lang='lat' dir='ltr'>discordia,</span> <span class='ocrx_word' id='word_1_542' title='bbox 1627 852 1688 905; x_wconf 82' lang='lat' dir='ltr'>quae</span> <span class='ocrx_word' id='word_1_543' title='bbox 1705 837 1743 891; x_wconf 90' lang='lat' dir='ltr'>illi</span> <span class='ocrx_word' id='word_1_544' title='bbox 1755 855 1813 893; x_wconf 86' lang='lat' dir='ltr'>cunr</span> 
     </span>
     <span class='ocr_line' id='line_1_84' title="bbox 1065 906 1815 980; baseline -0.005 -13"><span class='ocrx_word' id='word_1_545' title='bbox 1065 911 1191 980; x_wconf 90' lang='lat' dir='ltr'>episcopo</span> <span class='ocrx_word' id='word_1_546' title='bbox 1209 907 1364 962; x_wconf 81' lang='lat' dir='ltr'>Tridentino</span> <span class='ocrx_word' id='word_1_547' title='bbox 1384 906 1575 971; x_wconf 81' lang='lat' dir='ltr'>intercedebat,</span> <span class='ocrx_word' id='word_1_548' title='bbox 1591 906 1634 959; x_wconf 89' lang='lat' dir='ltr'>eni</span> <span class='ocrx_word' id='word_1_549' title='bbox 1648 906 1815 973; x_wconf 78' lang='lat' dir='ltr'>arnieeeom</span> 
     </span>
     <span class='ocr_line' id='line_1_85' title="bbox 1065 973 1815 1050; baseline 0.001 -18"><span class='ocrx_word' id='word_1_550' title='bbox 1065 981 1194 1050; x_wconf 72' lang='lat' dir='ltr'>ponendas</span> <span class='ocrx_word' id='word_1_551' title='bbox 1217 993 1245 1032; x_wconf 89' lang='lat' dir='ltr'>se</span> <span class='ocrx_word' id='word_1_552' title='bbox 1266 979 1304 1029; x_wconf 92' lang='lat' dir='ltr'>ait</span> <span class='ocrx_word' id='word_1_553' title='bbox 1329 973 1471 1046; x_wconf 89' lang='lat' dir='ltr'>deputasse</span> <span class='ocrx_word' id='word_1_554' title='bbox 1485 976 1559 1045; x_wconf 88' lang='lat' dir='ltr'>pacis</span> <span class='ocrx_word' id='word_1_555' title='bbox 1579 975 1754 1044; x_wconf 89' lang='lat' dir='ltr'>interpretem</span> <span class='ocrx_word' id='word_1_556' title='bbox 1768 994 1776 1043; x_wconf 91' lang='lat'><strong>;</strong></span> <span class='ocrx_word' id='word_1_557' title='bbox 1790 989 1815 1033; x_wconf 92' lang='lat' dir='ltr'>at</span> 
     </span>
     <span class='ocr_line' id='line_1_86' title="bbox 1066 1045 1815 1119; baseline -0.004 -15"><span class='ocrx_word' id='word_1_558' title='bbox 1066 1049 1235 1119; x_wconf 88' lang='lat' dir='ltr'>postmodum</span> <span class='ocrx_word' id='word_1_559' title='bbox 1250 1055 1366 1100; x_wconf 83' lang='lat' dir='ltr'>nurtasse</span> <span class='ocrx_word' id='word_1_560' title='bbox 1377 1046 1528 1109; x_wconf 85' lang='lat' dir='ltr'>corrsiliuru,</span> <span class='ocrx_word' id='word_1_561' title='bbox 1542 1045 1586 1099; x_wconf 88' lang='lat' dir='ltr'>ubi</span> <span class='ocrx_word' id='word_1_562' title='bbox 1597 1047 1702 1115; x_wconf 86' lang='lat' dir='ltr'>accepit</span> <span class='ocrx_word' id='word_1_563' title='bbox 1714 1046 1815 1103; x_wconf 84' lang='lat' dir='ltr'>discor·</span> 
     </span>
     <span class='ocr_line' id='line_1_87' title="bbox 1066 1115 1814 1184; baseline -0.005 -11"><span class='ocrx_word' id='word_1_564' title='bbox 1066 1121 1136 1173; x_wconf 87' lang='lat' dir='ltr'>dianr</span> <span class='ocrx_word' id='word_1_565' title='bbox 1150 1116 1323 1171; x_wconf 84' lang='lat' dir='ltr'>iuralcsrere.</span> <span class='ocrx_word' id='word_1_566' title='bbox 1337 1115 1465 1169; x_wconf 83' lang='lat' dir='ltr'>Eunrdem</span> <span class='ocrx_word' id='word_1_567' title='bbox 1476 1125 1535 1169; x_wconf 85' lang='lat' dir='ltr'>orat</span> <span class='ocrx_word' id='word_1_568' title='bbox 1546 1122 1575 1168; x_wconf 93' lang='lat' dir='ltr'>ut</span> <span class='ocrx_word' id='word_1_569' title='bbox 1583 1124 1684 1168; x_wconf 84' lang='lat' dir='ltr'>statum</span> <span class='ocrx_word' id='word_1_570' title='bbox 1696 1119 1814 1184; x_wconf 77' lang='lat' dir='ltr'>questio</span> 
     </span>
     <span class='ocr_line' id='line_1_88' title="bbox 1065 1185 1814 1254; baseline -0.011 -12"><span class='ocrx_word' id='word_1_571' title='bbox 1065 1190 1157 1253; x_wconf 90' lang='lat' dir='ltr'>uis,et</span> <span class='ocrx_word' id='word_1_572' title='bbox 1178 1186 1320 1241; x_wconf 85' lang='lat' dir='ltr'>eonsilium</span> <span class='ocrx_word' id='word_1_573' title='bbox 1344 1200 1422 1239; x_wconf 90' lang='lat' dir='ltr'>snum</span> <span class='ocrx_word' id='word_1_574' title='bbox 1450 1185 1560 1254; x_wconf 88' lang='lat' dir='ltr'>pandat,</span> <span class='ocrx_word' id='word_1_575' title='bbox 1583 1193 1613 1238; x_wconf 90' lang='lat' dir='ltr'>ut</span> <span class='ocrx_word' id='word_1_576' title='bbox 1637 1198 1814 1254; x_wconf 82' lang='lat' dir='ltr'>opportunum</span> 
     </span>
     <span class='ocr_line' id='line_1_89' title="bbox 1065 1253 1825 1313; baseline -0.02 0"><span class='ocrx_word' id='word_1_577' title='bbox 1065 1258 1213 1313; x_wconf 84' lang='lat' dir='ltr'>rerrredium</span> <span class='ocrx_word' id='word_1_578' title='bbox 1228 1256 1315 1309; x_wconf 81' lang='lat' dir='ltr'>ualeat</span> <span class='ocrx_word' id='word_1_579' title='bbox 1327 1253 1428 1309; x_wconf 85' lang='lat' dir='ltr'>alieni.</span> <span class='ocrx_word' id='word_1_580' title='bbox 1823 1293 1825 1298; x_wconf 83' lang='lat'>.</span> 
     </span>
    </p>
   </div>
   <div class='ocr_carea' id='block_1_20' title="bbox 1027 1345 1816 2951">
    <p class='ocr_par' dir='ltr' id='par_1_25' title="bbox 1027 1345 1816 2676">
     <span class='ocr_line' id='line_1_90' title="bbox 1066 1345 1814 1417; baseline -0.003 -14"><span class='ocrx_word' id='word_1_581' title='bbox 1066 1349 1093 1403; x_wconf 96' lang='lat' dir='ltr'>ln</span> <span class='ocrx_word' id='word_1_582' title='bbox 1105 1345 1267 1403; x_wconf 64' lang='lat' dir='ltr'>discessuri.</span> <span class='ocrx_word' id='word_1_583' title='bbox 1280 1361 1294 1399; x_wconf 94' lang='lat' dir='ltr'>a</span> <span class='ocrx_word' id='word_1_584' title='bbox 1306 1357 1398 1399; x_wconf 82' lang='lat' dir='ltr'>nostra</span> <span class='ocrx_word' id='word_1_585' title='bbox 1411 1345 1552 1414; x_wconf 79' lang='lat' dir='ltr'>presentia</span> <span class='ocrx_word' id='word_1_586' title='bbox 1565 1345 1637 1399; x_wconf 92' lang='lat' dir='ltr'>inter</span> <span class='ocrx_word' id='word_1_587' title='bbox 1648 1354 1676 1399; x_wconf 91' lang='lat' dir='ltr'>te</span> <span class='ocrx_word' id='word_1_588' title='bbox 1686 1360 1720 1400; x_wconf 88' lang='lat' dir='ltr'>ae</span> <span class='ocrx_word' id='word_1_589' title='bbox 1731 1345 1814 1417; x_wconf 88' lang='lat' dir='ltr'>ipsum</span> 
     </span>
     <span class='ocr_line' id='line_1_91' title="bbox 1032 1416 1814 1485; baseline -0.001 -13"><span class='ocrx_word' id='word_1_590' title='bbox 1032 1418 1122 1474; x_wconf 91' lang='lat' dir='ltr'>taliter</span> <span class='ocrx_word' id='word_1_591' title='bbox 1141 1417 1280 1472; x_wconf 86' lang='lat' dir='ltr'>ordinasse</span> <span class='ocrx_word' id='word_1_592' title='bbox 1301 1416 1474 1478; x_wconf 84' lang='lat' dir='ltr'>credidirnns,</span> <span class='ocrx_word' id='word_1_593' title='bbox 1494 1416 1565 1482; x_wconf 92' lang='lat' dir='ltr'>qnod</span> <span class='ocrx_word' id='word_1_594' title='bbox 1583 1416 1626 1468; x_wconf 84' lang='lat' dir='ltr'>rix</span> <span class='ocrx_word' id='word_1_595' title='bbox 1645 1425 1754 1485; x_wconf 89' lang='lat' dir='ltr'>poterat</span> <span class='ocrx_word' id='word_1_596' title='bbox 1768 1432 1814 1471; x_wconf 88' lang='lat' dir='ltr'>rrn-</span> 
     </span>
     <span class='ocr_line' id='line_1_92' title="bbox 1031 1485 1814 1557; baseline -0.001 -16"><span class='ocrx_word' id='word_1_597' title='bbox 1031 1504 1112 1557; x_wconf 85' lang='lat' dir='ltr'>quam</span> <span class='ocrx_word' id='word_1_598' title='bbox 1138 1488 1165 1541; x_wconf 92' lang='lat' dir='ltr'>in</span> <span class='ocrx_word' id='word_1_599' title='bbox 1187 1503 1236 1541; x_wconf 89' lang='lat' dir='ltr'>eor</span> <span class='ocrx_word' id='word_1_600' title='bbox 1254 1494 1374 1539; x_wconf 90' lang='lat' dir='ltr'>nostrum</span> <span class='ocrx_word' id='word_1_601' title='bbox 1390 1485 1545 1547; x_wconf 88' lang='lat' dir='ltr'>ascerulere,</span> <span class='ocrx_word' id='word_1_602' title='bbox 1569 1485 1641 1553; x_wconf 90' lang='lat' dir='ltr'>quod</span> <span class='ocrx_word' id='word_1_603' title='bbox 1666 1485 1814 1542; x_wconf 88' lang='lat' dir='ltr'>rebellionis</span> 
     </span>
     <span class='ocr_line' id='line_1_93' title="bbox 1031 1552 1813 1622; baseline 0.001 -11"><span class='ocrx_word' id='word_1_604' title='bbox 1031 1565 1124 1611; x_wconf 88' lang='lat' dir='ltr'>eontra</span> <span class='ocrx_word' id='word_1_605' title='bbox 1146 1567 1172 1612; x_wconf 92' lang='lat' dir='ltr'>te</span> <span class='ocrx_word' id='word_1_606' title='bbox 1193 1556 1348 1611; x_wconf 89' lang='lat' dir='ltr'>calcaneum</span> <span class='ocrx_word' id='word_1_607' title='bbox 1375 1564 1445 1608; x_wconf 88' lang='lat' dir='ltr'>esset</span> <span class='ocrx_word' id='word_1_608' title='bbox 1469 1552 1621 1622; x_wconf 87' lang='lat' dir='ltr'>aliqualiter</span> <span class='ocrx_word' id='word_1_609' title='bbox 1635 1565 1776 1612; x_wconf 88' lang='lat' dir='ltr'>erecturus</span> <span class='ocrx_word' id='word_1_610' title='bbox 1791 1568 1813 1611; x_wconf 63' lang='lat' dir='ltr'>e.</span> 
     </span>
     <span class='ocr_line' id='line_1_94' title="bbox 1032 1624 1815 1696; baseline 0 -15"><span class='ocrx_word' id='word_1_611' title='bbox 1032 1628 1086 1681; x_wconf 85' lang='lat' dir='ltr'>Sed</span> <span class='ocrx_word' id='word_1_612' title='bbox 1107 1643 1140 1681; x_wconf 86' lang='lat' dir='ltr'>ex</span> <span class='ocrx_word' id='word_1_613' title='bbox 1163 1642 1226 1696; x_wconf 93' lang='lat' dir='ltr'>quo,</span> <span class='ocrx_word' id='word_1_614' title='bbox 1255 1626 1324 1679; x_wconf 91' lang='lat' dir='ltr'>sient</span> <span class='ocrx_word' id='word_1_615' title='bbox 1351 1624 1535 1678; x_wconf 85' lang='lat' dir='ltr'>relrernentins</span> <span class='ocrx_word' id='word_1_616' title='bbox 1560 1625 1736 1687; x_wconf 85' lang='lat' dir='ltr'>admirantes,</span> <span class='ocrx_word' id='word_1_617' title='bbox 1764 1627 1815 1681; x_wconf 91' lang='lat' dir='ltr'>imo</span> 
     </span>
     <span class='ocr_line' id='line_1_95' title="bbox 1031 1695 1814 1765; baseline -0.001 -14"><span class='ocrx_word' id='word_1_618' title='bbox 1031 1706 1169 1765; x_wconf 88' lang='lat' dir='ltr'>stupentes</span> <span class='ocrx_word' id='word_1_619' title='bbox 1194 1696 1354 1757; x_wconf 90' lang='lat' dir='ltr'>audirimus,</span> <span class='ocrx_word' id='word_1_620' title='bbox 1375 1695 1401 1747; x_wconf 93' lang='lat' dir='ltr'>in</span> <span class='ocrx_word' id='word_1_621' title='bbox 1428 1695 1591 1747; x_wconf 81' lang='lat' dir='ltr'>madrariam</span> <span class='ocrx_word' id='word_1_622' title='bbox 1616 1710 1660 1749; x_wconf 90' lang='lat' dir='ltr'>res</span> <span class='ocrx_word' id='word_1_623' title='bbox 1675 1702 1717 1748; x_wconf 91' lang='lat' dir='ltr'>est</span> <span class='ocrx_word' id='word_1_624' title='bbox 1732 1711 1814 1760; x_wconf 76' lang='lat' dir='ltr'>reesa,</span> 
     </span>
     <span class='ocr_line' id='line_1_96' title="bbox 1032 1762 1815 1835; baseline -0.003 -14"><span class='ocrx_word' id='word_1_625' title='bbox 1032 1782 1112 1835; x_wconf 91' lang='lat' dir='ltr'>super</span> <span class='ocrx_word' id='word_1_626' title='bbox 1134 1775 1228 1821; x_wconf 80' lang='lat' dir='ltr'>exorta</span> <span class='ocrx_word' id='word_1_627' title='bbox 1250 1765 1412 1819; x_wconf 86' lang='lat' dir='ltr'>turlmtionis</span> <span class='ocrx_word' id='word_1_628' title='bbox 1438 1762 1582 1831; x_wconf 76' lang='lat' dir='ltr'>irrnpinatae</span> <span class='ocrx_word' id='word_1_629' title='bbox 1604 1765 1740 1818; x_wconf 89' lang='lat' dir='ltr'>discordia</span> <span class='ocrx_word' id='word_1_630' title='bbox 1766 1782 1815 1820; x_wconf 93' lang='lat' dir='ltr'>non</span> 
     </span>
     <span class='ocr_line' id='line_1_97' title="bbox 1030 1832 1813 1905; baseline -0.003 -15"><span class='ocrx_word' id='word_1_631' title='bbox 1030 1837 1167 1905; x_wconf 89' lang='lat' dir='ltr'>potuimus</span> <span class='ocrx_word' id='word_1_632' title='bbox 1195 1852 1248 1891; x_wconf 94' lang='lat' dir='ltr'>non</span> <span class='ocrx_word' id='word_1_633' title='bbox 1275 1832 1387 1896; x_wconf 89' lang='lat' dir='ltr'>turbari,</span> <span class='ocrx_word' id='word_1_634' title='bbox 1413 1833 1596 1902; x_wconf 87' lang='lat' dir='ltr'>correipientes</span> <span class='ocrx_word' id='word_1_635' title='bbox 1622 1835 1648 1887; x_wconf 94' lang='lat' dir='ltr'>in</span> <span class='ocrx_word' id='word_1_636' title='bbox 1674 1835 1765 1889; x_wconf 90' lang='lat' dir='ltr'>animo</span> <span class='ocrx_word' id='word_1_637' title='bbox 1784 1837 1813 1890; x_wconf 77' lang='lat' dir='ltr'>N.</span> 
     </span>
     <span class='ocr_line' id='line_1_98' title="bbox 1030 1903 1814 1976; baseline 0.001 -17"><span class='ocrx_word' id='word_1_638' title='bbox 1030 1915 1143 1976; x_wconf 90' lang='lat' dir='ltr'>propter</span> <span class='ocrx_word' id='word_1_639' title='bbox 1157 1906 1208 1961; x_wconf 88' lang='lat' dir='ltr'>lroc</span> <span class='ocrx_word' id='word_1_640' title='bbox 1223 1907 1257 1960; x_wconf 90' lang='lat' dir='ltr'>ad</span> <span class='ocrx_word' id='word_1_641' title='bbox 1275 1913 1366 1974; x_wconf 89' lang='lat' dir='ltr'>partes</span> <span class='ocrx_word' id='word_1_642' title='bbox 1382 1903 1440 1957; x_wconf 87' lang='lat' dir='ltr'>illas</span> <span class='ocrx_word' id='word_1_643' title='bbox 1464 1903 1491 1956; x_wconf 90' lang='lat' dir='ltr'>in</span> <span class='ocrx_word' id='word_1_644' title='bbox 1519 1904 1666 1958; x_wconf 91' lang='lat' dir='ltr'>continenti</span> <span class='ocrx_word' id='word_1_645' title='bbox 1690 1904 1814 1973; x_wconf 84' lang='lat' dir='ltr'>dirigere,</span> 
     </span>
     <span class='ocr_line' id='line_1_99' title="bbox 1030 1972 1815 2046; baseline -0.001 -16"><span class='ocrx_word' id='word_1_646' title='bbox 1030 1978 1077 2045; x_wconf 91' lang='lat' dir='ltr'>qni</span> <span class='ocrx_word' id='word_1_647' title='bbox 1087 1977 1212 2031; x_wconf 74' lang='lat' dir='ltr'>scissurae</span> <span class='ocrx_word' id='word_1_648' title='bbox 1224 1975 1363 2046; x_wconf 91' lang='lat' dir='ltr'>dispendio</span> <span class='ocrx_word' id='word_1_649' title='bbox 1378 1981 1512 2042; x_wconf 80' lang='lat' dir='ltr'>reprrato,</span> <span class='ocrx_word' id='word_1_650' title='bbox 1527 1975 1553 2027; x_wconf 90' lang='lat' dir='ltr'>in</span> <span class='ocrx_word' id='word_1_651' title='bbox 1565 1974 1702 2028; x_wconf 86' lang='lat' dir='ltr'>amicabili</span> <span class='ocrx_word' id='word_1_652' title='bbox 1716 1972 1815 2030; x_wconf 82' lang='lat' dir='ltr'>loeclere</span> 
     </span>
     <span class='ocr_line' id='line_1_100' title="bbox 1030 2043 1815 2116; baseline -0.001 -16"><span class='ocrx_word' id='word_1_653' title='bbox 1030 2056 1058 2101; x_wconf 90' lang='lat' dir='ltr'>te</span> <span class='ocrx_word' id='word_1_654' title='bbox 1084 2062 1115 2101; x_wconf 89' lang='lat' dir='ltr'>ac</span> <span class='ocrx_word' id='word_1_655' title='bbox 1133 2047 1219 2116; x_wconf 87' lang='lat' dir='ltr'>ipsum</span> <span class='ocrx_word' id='word_1_656' title='bbox 1244 2045 1276 2099; x_wconf 86' lang='lat' dir='ltr'>N.</span> <span class='ocrx_word' id='word_1_657' title='bbox 1303 2044 1539 2098; x_wconf 80' lang='lat' dir='ltr'>indissociabiliter</span> <span class='ocrx_word' id='word_1_658' title='bbox 1555 2043 1704 2112; x_wconf 84' lang='lat' dir='ltr'>colligaret.</span> <span class='ocrx_word' id='word_1_659' title='bbox 1720 2045 1815 2099; x_wconf 76' lang='lat' dir='ltr'>Verum</span> 
     </span>
     <span class='ocr_line' id='line_1_101' title="bbox 1030 2113 1813 2185; baseline -0.001 -17"><span class='ocrx_word' id='word_1_660' title='bbox 1030 2117 1139 2185; x_wconf 88' lang='lat' dir='ltr'>quidam</span> <span class='ocrx_word' id='word_1_661' title='bbox 1165 2131 1257 2170; x_wconf 92' lang='lat' dir='ltr'>rumor</span> <span class='ocrx_word' id='word_1_662' title='bbox 1284 2114 1397 2169; x_wconf 88' lang='lat' dir='ltr'>inlestus</span> <span class='ocrx_word' id='word_1_663' title='bbox 1425 2113 1537 2168; x_wconf 90' lang='lat' dir='ltr'>auribus</span> <span class='ocrx_word' id='word_1_664' title='bbox 1559 2115 1659 2168; x_wconf 87' lang='lat' dir='ltr'>nostris</span> <span class='ocrx_word' id='word_1_665' title='bbox 1682 2115 1813 2175; x_wconf 90' lang='lat' dir='ltr'>insonuit,</span> 
     </span>
     <span class='ocr_line' id='line_1_102' title="bbox 1030 2184 1815 2255; baseline 0.004 -19"><span class='ocrx_word' id='word_1_666' title='bbox 1030 2201 1168 2255; x_wconf 85' lang='lat' dir='ltr'>perquem</span> <span class='ocrx_word' id='word_1_667' title='bbox 1184 2186 1248 2241; x_wconf 88' lang='lat' dir='ltr'>dieti</span> <span class='ocrx_word' id='word_1_668' title='bbox 1263 2185 1294 2250; x_wconf 77' lang='lat' dir='ltr'>ll,</span> <span class='ocrx_word' id='word_1_669' title='bbox 1312 2184 1360 2239; x_wconf 90' lang='lat' dir='ltr'>luit</span> <span class='ocrx_word' id='word_1_670' title='bbox 1382 2184 1492 2238; x_wconf 90' lang='lat' dir='ltr'>emissio</span> <span class='ocrx_word' id='word_1_671' title='bbox 1514 2187 1660 2238; x_wconf 88' lang='lat' dir='ltr'>retardata.</span> <span class='ocrx_word' id='word_1_672' title='bbox 1688 2184 1815 2251; x_wconf 78' lang='lat' dir='ltr'>Quocirca</span> 
     </span>
     <span class='ocr_line' id='line_1_103' title="bbox 1028 2254 1815 2325; baseline -0.004 -14"><span class='ocrx_word' id='word_1_673' title='bbox 1028 2257 1207 2312; x_wconf 82' lang='lat' dir='ltr'>eslrrbirorern</span> <span class='ocrx_word' id='word_1_674' title='bbox 1218 2255 1391 2325; x_wconf 70' lang='lat' dir='ltr'>praestitiam</span> <span class='ocrx_word' id='word_1_675' title='bbox 1404 2254 1452 2308; x_wconf 91' lang='lat' dir='ltr'>tibi</span> <span class='ocrx_word' id='word_1_676' title='bbox 1464 2254 1637 2317; x_wconf 87' lang='lat' dir='ltr'>remittimus,</span> <span class='ocrx_word' id='word_1_677' title='bbox 1653 2255 1815 2323; x_wconf 87' lang='lat' dir='ltr'>postulantes</span> 
     </span>
     <span class='ocr_line' id='line_1_104' title="bbox 1029 2324 1815 2397; baseline 0 -18"><span class='ocrx_word' id='word_1_678' title='bbox 1029 2325 1126 2381; x_wconf 76' lang='lat' dir='ltr'>allecta</span> <span class='ocrx_word' id='word_1_679' title='bbox 1138 2343 1192 2397; x_wconf 94' lang='lat' dir='ltr'>quo</span> <span class='ocrx_word' id='word_1_680' title='bbox 1205 2340 1347 2394; x_wconf 89' lang='lat' dir='ltr'>possumus</span> <span class='ocrx_word' id='word_1_681' title='bbox 1362 2324 1496 2392; x_wconf 86' lang='lat' dir='ltr'>ampliori,</span> <span class='ocrx_word' id='word_1_682' title='bbox 1517 2334 1651 2393; x_wconf 88' lang='lat' dir='ltr'>qnatenus</span> <span class='ocrx_word' id='word_1_683' title='bbox 1674 2332 1774 2379; x_wconf 78' lang='lat' dir='ltr'>statura</span> <span class='ocrx_word' id='word_1_684' title='bbox 1791 2334 1815 2379; x_wconf 93' lang='lat' dir='ltr'>et</span> 
     </span>
     <span class='ocr_line' id='line_1_105' title="bbox 1029 2394 1816 2465; baseline -0.001 -15"><span class='ocrx_word' id='word_1_685' title='bbox 1029 2397 1198 2452; x_wconf 91' lang='lat' dir='ltr'>conditiones</span> <span class='ocrx_word' id='word_1_686' title='bbox 1210 2396 1310 2465; x_wconf 85' lang='lat' dir='ltr'>negotii</span> <span class='ocrx_word' id='word_1_687' title='bbox 1324 2395 1414 2449; x_wconf 88' lang='lat' dir='ltr'>statim</span> <span class='ocrx_word' id='word_1_688' title='bbox 1433 2394 1511 2447; x_wconf 83' lang='lat' dir='ltr'>rrrrbis</span> <span class='ocrx_word' id='word_1_689' title='bbox 1526 2394 1683 2458; x_wconf 89' lang='lat' dir='ltr'>annunties,</span> <span class='ocrx_word' id='word_1_690' title='bbox 1705 2405 1733 2449; x_wconf 91' lang='lat' dir='ltr'>et</span> <span class='ocrx_word' id='word_1_691' title='bbox 1756 2411 1816 2449; x_wconf 87' lang='lat' dir='ltr'>eon-</span> 
     </span>
     <span class='ocr_line' id='line_1_106' title="bbox 1028 2464 1815 2536; baseline -0.003 -16"><span class='ocrx_word' id='word_1_692' title='bbox 1028 2466 1118 2520; x_wconf 90' lang='lat' dir='ltr'>silium</span> <span class='ocrx_word' id='word_1_693' title='bbox 1147 2474 1221 2520; x_wconf 91' lang='lat' dir='ltr'>tuum</span> <span class='ocrx_word' id='word_1_694' title='bbox 1248 2467 1367 2536; x_wconf 91' lang='lat' dir='ltr'>pandas,</span> <span class='ocrx_word' id='word_1_695' title='bbox 1395 2464 1511 2532; x_wconf 86' lang='lat' dir='ltr'>qualiter</span> <span class='ocrx_word' id='word_1_696' title='bbox 1538 2464 1663 2520; x_wconf 89' lang='lat' dir='ltr'>suscitati</span> <span class='ocrx_word' id='word_1_697' title='bbox 1697 2465 1815 2520; x_wconf 86' lang='lat' dir='ltr'>rancoris</span> 
     </span>
     <span class='ocr_line' id='line_1_107' title="bbox 1028 2536 1814 2604; baseline -0.001 -14"><span class='ocrx_word' id='word_1_698' title='bbox 1028 2537 1156 2604; x_wconf 81' lang='lat' dir='ltr'>ineptiam</span> <span class='ocrx_word' id='word_1_699' title='bbox 1172 2537 1308 2590; x_wconf 79' lang='lat' dir='ltr'>valeamus</span> <span class='ocrx_word' id='word_1_700' title='bbox 1330 2543 1483 2604; x_wconf 89' lang='lat' dir='ltr'>opportuno</span> <span class='ocrx_word' id='word_1_701' title='bbox 1503 2536 1623 2590; x_wconf 84' lang='lat' dir='ltr'>retiredio</span> <span class='ocrx_word' id='word_1_702' title='bbox 1634 2536 1742 2604; x_wconf 77' lang='lat' dir='ltr'>pertitus</span> <span class='ocrx_word' id='word_1_703' title='bbox 1754 2552 1814 2591; x_wconf 92' lang='lat' dir='ltr'>oon-</span> 
     </span>
     <span class='ocr_line' id='line_1_108' title="bbox 1027 2606 1157 2676; baseline -0.008 -15"><span class='ocrx_word' id='word_1_704' title='bbox 1027 2606 1157 2676; x_wconf 69' lang='lat' dir='ltr'>sopiret.</span> 
     </span>
    </p>

    <p class='ocr_par' dir='ltr' id='par_1_26' title="bbox 1094 2692 1750 2951">
     <span class='ocr_line' id='line_1_109' title="bbox 1231 2692 1602 2767; baseline -0.003 -19"><span class='ocrx_word' id='word_1_705' title='bbox 1231 2694 1314 2767; x_wconf 65' lang='grc'>486</span> <span class='ocrx_word' id='word_1_706' title='bbox 1328 2692 1490 2749; x_wconf 71' lang='lat' dir='ltr'>errarent</span> <span class='ocrx_word' id='word_1_707' title='bbox 1512 2693 1602 2749; x_wconf 76' lang='lat' dir='ltr'>XLl&#39;l.</span> 
     </span>
     <span class='ocr_line' id='line_1_110' title="bbox 1094 2786 1750 2858; baseline -0.002 -15"><span class='ocrx_word' id='word_1_708' title='bbox 1094 2787 1246 2858; x_wconf 79' lang='lat' dir='ltr'>llmlolplrns</span> <span class='ocrx_word' id='word_1_709' title='bbox 1259 2787 1422 2841; x_wconf 84' lang='lat' dir='ltr'>corrrmendut</span> <span class='ocrx_word' id='word_1_710' title='bbox 1436 2804 1470 2857; x_wconf 84' lang='lat' dir='ltr'>qa</span> <span class='ocrx_word' id='word_1_711' title='bbox 1481 2787 1574 2840; x_wconf 81' lang='lat' dir='ltr'>ardum</span> <span class='ocrx_word' id='word_1_712' title='bbox 1594 2786 1750 2843; x_wconf 85' lang='lat' dir='ltr'>litteratam.</span> 
     </span>
     <span class='ocr_line' id='line_1_111' title="bbox 1164 2878 1683 2951; baseline 0.006 -19"><span class='ocrx_word' id='word_1_713' title='bbox 1164 2879 1226 2949; x_wconf 79' lang='lat' dir='ltr'>(dn.</span> <span class='ocrx_word' id='word_1_714' title='bbox 1243 2879 1320 2932; x_wconf 83' lang='lat' dir='ltr'>Dnnr.</span> <span class='ocrx_word' id='word_1_715' title='bbox 1339 2879 1413 2937; x_wconf 79' lang='lat' dir='ltr'>taes.</span> <span class='ocrx_word' id='word_1_716' title='bbox 1432 2878 1490 2934; x_wconf 86' lang='lat' dir='ltr'>rod.</span> <span class='ocrx_word' id='word_1_717' title='bbox 1510 2878 1578 2932; x_wconf 82' lang='lat' dir='ltr'>lind.</span> <span class='ocrx_word' id='word_1_718' title='bbox 1596 2879 1683 2951; x_wconf 73' lang='lat' dir='ltr'>xtra.)</span> 
     </span>
    </p>
   </div>
   <div class='ocr_carea' id='block_1_21' title="bbox 1028 2968 1817 3390">
    <p class='ocr_par' dir='ltr' id='par_1_27' title="bbox 1028 2968 1817 3390">
     <span class='ocr_line' id='line_1_112' title="bbox 1028 2968 1816 3043; baseline 0.005 -20"><span class='ocrx_word' id='word_1_719' title='bbox 1028 2970 1225 3026; x_wconf 70' lang='lat' dir='ltr'>duceremur.</span> <span class='ocrx_word' id='word_1_720' title='bbox 1239 2999 1274 3008; x_wconf 93' lang='lat'>-—</span> <span class='ocrx_word' id='word_1_721' title='bbox 1285 2968 1409 3023; x_wconf 71' lang='lat' dir='ltr'>delirum</span> <span class='ocrx_word' id='word_1_722' title='bbox 1425 2985 1503 3023; x_wconf 91' lang='lat' dir='ltr'>snum</span> <span class='ocrx_word' id='word_1_723' title='bbox 1520 2969 1620 3023; x_wconf 89' lang='lat' dir='ltr'>litteris</span> <span class='ocrx_word' id='word_1_724' title='bbox 1644 2972 1816 3043; x_wconf 85' lang='lat' dir='ltr'>moribusque</span> 
     </span>
     <span class='ocr_line' id='line_1_113' title="bbox 1063 3039 1817 3112; baseline 0.004 -18"><span class='ocrx_word' id='word_1_725' title='bbox 1063 3049 1235 3111; x_wconf 84' lang='lat' dir='ltr'>praestantem</span> <span class='ocrx_word' id='word_1_726' title='bbox 1250 3040 1382 3093; x_wconf 91' lang='lat' dir='ltr'>bonorare</span> <span class='ocrx_word' id='word_1_727' title='bbox 1396 3055 1443 3108; x_wconf 91' lang='lat' dir='ltr'>pro</span> <span class='ocrx_word' id='word_1_728' title='bbox 1456 3039 1561 3094; x_wconf 86' lang='lat' dir='ltr'>rrreritis</span> <span class='ocrx_word' id='word_1_729' title='bbox 1572 3040 1696 3109; x_wconf 88' lang='lat' dir='ltr'>cupiens,</span> <span class='ocrx_word' id='word_1_730' title='bbox 1707 3042 1817 3112; x_wconf 75' lang='lat' dir='ltr'>ideaque</span> 
     </span>
     <span class='ocr_line' id='line_1_114' title="bbox 1063 3108 1817 3181; baseline 0 -16"><span class='ocrx_word' id='word_1_731' title='bbox 1063 3113 1095 3165; x_wconf 93' lang='lat' dir='ltr'>de</span> <span class='ocrx_word' id='word_1_732' title='bbox 1111 3111 1280 3181; x_wconf 87' lang='lat' dir='ltr'>promotione</span> <span class='ocrx_word' id='word_1_733' title='bbox 1294 3108 1352 3177; x_wconf 89' lang='lat' dir='ltr'>ejus</span> <span class='ocrx_word' id='word_1_734' title='bbox 1367 3111 1400 3163; x_wconf 92' lang='lat' dir='ltr'>ad</span> <span class='ocrx_word' id='word_1_735' title='bbox 1415 3109 1593 3181; x_wconf 87' lang='lat' dir='ltr'>episcopalem</span> <span class='ocrx_word' id='word_1_736' title='bbox 1613 3111 1705 3165; x_wconf 89' lang='lat' dir='ltr'>sedern</span> <span class='ocrx_word' id='word_1_737' title='bbox 1719 3113 1817 3167; x_wconf 85' lang='lat' dir='ltr'>sollici·</span> 
     </span>
     <span class='ocr_line' id='line_1_115' title="bbox 1063 3180 1815 3251; baseline 0.004 -16"><span class='ocrx_word' id='word_1_738' title='bbox 1063 3189 1106 3235; x_wconf 88' lang='lat' dir='ltr'>tus</span> <span class='ocrx_word' id='word_1_739' title='bbox 1119 3198 1125 3246; x_wconf 89' lang='lat'>;</span> <span class='ocrx_word' id='word_1_740' title='bbox 1145 3181 1208 3250; x_wconf 84' lang='lat' dir='ltr'>quia</span> <span class='ocrx_word' id='word_1_741' title='bbox 1220 3181 1344 3249; x_wconf 88' lang='lat' dir='ltr'>plurimis</span> <span class='ocrx_word' id='word_1_742' title='bbox 1358 3181 1471 3249; x_wconf 84' lang='lat' dir='ltr'>negotiis</span> <span class='ocrx_word' id='word_1_743' title='bbox 1484 3180 1640 3250; x_wconf 89' lang='lat' dir='ltr'>impeditus,</span> <span class='ocrx_word' id='word_1_744' title='bbox 1657 3197 1707 3251; x_wconf 94' lang='lat' dir='ltr'>per</span> <span class='ocrx_word' id='word_1_745' title='bbox 1720 3197 1751 3237; x_wconf 88' lang='lat' dir='ltr'>se</span> <span class='ocrx_word' id='word_1_746' title='bbox 1764 3197 1815 3238; x_wconf 84' lang='lat' dir='ltr'>nort</span> 
     </span>
     <span class='ocr_line' id='line_1_116' title="bbox 1061 3250 1817 3320; baseline 0.003 -16"><span class='ocrx_word' id='word_1_747' title='bbox 1061 3259 1160 3320; x_wconf 82' lang='lat' dir='ltr'>pot-cst,</span> <span class='ocrx_word' id='word_1_748' title='bbox 1175 3251 1202 3304; x_wconf 91' lang='lat' dir='ltr'>in</span> <span class='ocrx_word' id='word_1_749' title='bbox 1219 3264 1274 3303; x_wconf 75' lang='lat' dir='ltr'>sure</span> <span class='ocrx_word' id='word_1_750' title='bbox 1288 3250 1476 3305; x_wconf 88' lang='lat' dir='ltr'>sollicitudinis</span> <span class='ocrx_word' id='word_1_751' title='bbox 1488 3260 1595 3319; x_wconf 87' lang='lat' dir='ltr'>partem</span> <span class='ocrx_word' id='word_1_752' title='bbox 1610 3258 1689 3306; x_wconf 84' lang='lat' dir='ltr'>rorat</span> <span class='ocrx_word' id='word_1_753' title='bbox 1701 3251 1734 3306; x_wconf 88' lang='lat' dir='ltr'>N.</span> <span class='ocrx_word' id='word_1_754' title='bbox 1750 3268 1817 3308; x_wconf 83' lang='lat' dir='ltr'>tear·</span> 
     </span>
     <span class='ocr_line' id='line_1_117' title="bbox 1061 3320 1462 3390; baseline -0.005 -15"><span class='ocrx_word' id='word_1_755' title='bbox 1061 3336 1114 3390; x_wconf 91' lang='lat' dir='ltr'>que</span> <span class='ocrx_word' id='word_1_756' title='bbox 1128 3321 1152 3375; x_wconf 92' lang='lat' dir='ltr'>ei</span> <span class='ocrx_word' id='word_1_757' title='bbox 1166 3321 1310 3375; x_wconf 86' lang='lat' dir='ltr'>cornurittit</span> <span class='ocrx_word' id='word_1_758' title='bbox 1320 3320 1462 3388; x_wconf 85' lang='lat' dir='ltr'>integram.</span> 
     </span>
    </p>
   </div>
   <div class='ocr_carea' id='block_1_22' title="bbox 1025 3412 1818 3625">
    <p class='ocr_par' dir='ltr' id='par_1_28' title="bbox 1025 3412 1818 3625">
     <span class='ocr_line' id='line_1_118' title="bbox 1062 3412 1817 3484; baseline 0.007 -17"><span class='ocrx_word' id='word_1_759' title='bbox 1062 3413 1170 3482; x_wconf 83' lang='lat' dir='ltr'>{legalis</span> <span class='ocrx_word' id='word_1_760' title='bbox 1187 3412 1376 3467; x_wconf 76' lang='lat' dir='ltr'>munilieentire</span> <span class='ocrx_word' id='word_1_761' title='bbox 1399 3420 1526 3467; x_wconf 71' lang='lat' dir='ltr'>consueta</span> <span class='ocrx_word' id='word_1_762' title='bbox 1549 3412 1703 3484; x_wconf 84' lang='lat' dir='ltr'>benignitas</span> <span class='ocrx_word' id='word_1_763' title='bbox 1723 3416 1817 3472; x_wconf 82' lang='lat' dir='ltr'>merita</span> 
     </span>
     <span class='ocr_line' id='line_1_119' title="bbox 1025 3480 1818 3554; baseline 0.005 -17"><span class='ocrx_word' id='word_1_764' title='bbox 1025 3498 1204 3554; x_wconf 89' lang='lat' dir='ltr'>personarum</span> <span class='ocrx_word' id='word_1_765' title='bbox 1218 3484 1257 3538; x_wconf 91' lang='lat' dir='ltr'>sie</span> <span class='ocrx_word' id='word_1_766' title='bbox 1275 3483 1385 3552; x_wconf 86' lang='lat' dir='ltr'>prorida</span> <span class='ocrx_word' id='word_1_767' title='bbox 1402 3480 1603 3552; x_wconf 85' lang='lat' dir='ltr'>dispensatione</span> <span class='ocrx_word' id='word_1_768' title='bbox 1627 3484 1768 3550; x_wconf 86' lang='lat' dir='ltr'>discernit,</span> <span class='ocrx_word' id='word_1_769' title='bbox 1790 3499 1818 3541; x_wconf 92' lang='lat' dir='ltr'>ut</span> 
     </span>
     <span class='ocr_line' id='line_1_120' title="bbox 1025 3553 1817 3625; baseline 0.005 -17"><span class='ocrx_word' id='word_1_770' title='bbox 1025 3570 1082 3619; x_wconf 89' lang='lat' dir='ltr'>cos,</span> <span class='ocrx_word' id='word_1_771' title='bbox 1103 3553 1149 3625; x_wconf 92' lang='lat' dir='ltr'>qui</span> <span class='ocrx_word' id='word_1_772' title='bbox 1170 3553 1322 3609; x_wconf 89' lang='lat' dir='ltr'>litterarum</span> <span class='ocrx_word' id='word_1_773' title='bbox 1349 3553 1461 3607; x_wconf 89' lang='lat' dir='ltr'>seientia</span> <span class='ocrx_word' id='word_1_774' title='bbox 1478 3566 1500 3619; x_wconf 74' lang='lat'>⁰,</span> <span class='ocrx_word' id='word_1_775' title='bbox 1513 3569 1620 3608; x_wconf 90' lang='lat' dir='ltr'>morum</span> <span class='ocrx_word' id='word_1_776' title='bbox 1633 3563 1661 3609; x_wconf 89' lang='lat' dir='ltr'>et</span> <span class='ocrx_word' id='word_1_777' title='bbox 1674 3570 1817 3612; x_wconf 88' lang='lat' dir='ltr'>conrersa·</span> 
     </span>
    </p>
   </div>
   <div class='ocr_carea' id='block_1_23' title="bbox 1022 3687 1816 4948">
    <p class='ocr_par' dir='ltr' id='par_1_29' title="bbox 1024 3687 1816 4164">
     <span class='ocr_line' id='line_1_121' title="bbox 1025 3687 1816 3757; baseline 0.011 -16"><span class='ocrx_word' id='word_1_778' title='bbox 1025 3687 1196 3742; x_wconf 87' lang='lat' dir='ltr'>lleinbardus</span> <span class='ocrx_word' id='word_1_779' title='bbox 1214 3688 1476 3757; x_wconf 83' lang='lat' dir='ltr'>‹cornpromiserunt</span> <span class='ocrx_word' id='word_1_780' title='bbox 1496 3689 1523 3743; x_wconf 94' lang='lat' dir='ltr'>in</span> <span class='ocrx_word' id='word_1_781' title='bbox 1547 3705 1609 3744; x_wconf 88' lang='lat' dir='ltr'>ren.</span> <span class='ocrx_word' id='word_1_782' title='bbox 1631 3691 1704 3746; x_wconf 82' lang='lat' dir='ltr'>siros</span> <span class='ocrx_word' id='word_1_783' title='bbox 1717 3693 1816 3750; x_wconf 81' lang='lat' dir='ltr'>liudol-</span> 
     </span>
     <span class='ocr_line' id='line_1_122' title="bbox 1024 3757 1815 3828; baseline 0.011 -17"><span class='ocrx_word' id='word_1_784' title='bbox 1024 3758 1107 3828; x_wconf 90' lang='lat' dir='ltr'>pbum</span> <span class='ocrx_word' id='word_1_785' title='bbox 1124 3759 1188 3828; x_wconf 89' lang='lat' dir='ltr'>imp.</span> <span class='ocrx_word' id='word_1_786' title='bbox 1202 3759 1271 3812; x_wconf 70' lang='lat' dir='ltr'>aulae</span> <span class='ocrx_word' id='word_1_787' title='bbox 1288 3757 1490 3819; x_wconf 85' lang='lat' dir='ltr'>carreellarium,</span> <span class='ocrx_word' id='word_1_788' title='bbox 1511 3766 1538 3814; x_wconf 89' lang='lat' dir='ltr'>et</span> <span class='ocrx_word' id='word_1_789' title='bbox 1556 3759 1695 3815; x_wconf 90' lang='lat' dir='ltr'>dominum</span> <span class='ocrx_word' id='word_1_790' title='bbox 1718 3764 1815 3819; x_wconf 88' lang='lat' dir='ltr'>ilenri-</span> 
     </span>
     <span class='ocr_line' id='line_1_123' title="bbox 1025 3827 1816 3901; baseline 0.01 -19"><span class='ocrx_word' id='word_1_791' title='bbox 1025 3844 1086 3882; x_wconf 89' lang='lat' dir='ltr'>cum</span> <span class='ocrx_word' id='word_1_792' title='bbox 1099 3827 1231 3883; x_wconf 90' lang='lat' dir='ltr'>illustrem</span> <span class='ocrx_word' id='word_1_793' title='bbox 1246 3828 1371 3883; x_wconf 89' lang='lat' dir='ltr'>comitem</span> <span class='ocrx_word' id='word_1_794' title='bbox 1384 3829 1416 3883; x_wconf 91' lang='lat' dir='ltr'>de</span> <span class='ocrx_word' id='word_1_795' title='bbox 1432 3829 1626 3899; x_wconf 86' lang='lat' dir='ltr'>ll’irstemberg</span> <span class='ocrx_word' id='word_1_796' title='bbox 1644 3839 1774 3901; x_wconf 87' lang='lat' dir='ltr'>tanquam</span> <span class='ocrx_word' id='word_1_797' title='bbox 1789 3836 1816 3890; x_wconf 90' lang='lat' dir='ltr'>in</span> 
     </span>
     <span class='ocr_line' id='line_1_124' title="bbox 1024 3898 1816 3984; baseline 0.011 -33"><span class='ocrx_word' id='word_1_798' title='bbox 1024 3898 1151 3961; x_wconf 90' lang='lat' dir='ltr'>arbitros,</span> <span class='ocrx_word' id='word_1_799' title='bbox 1168 3906 1195 3952; x_wconf 90' lang='lat' dir='ltr'>ct</span> <span class='ocrx_word' id='word_1_800' title='bbox 1207 3899 1391 3963; x_wconf 77' lang='lat' dir='ltr'>arbitratores,</span> <span class='ocrx_word' id='word_1_801' title='bbox 1405 3906 1432 3954; x_wconf 89' lang='lat' dir='ltr'>ot</span> <span class='ocrx_word' id='word_1_802' title='bbox 1449 3898 1606 3954; x_wconf 86' lang='lat' dir='ltr'>anrieabiles</span> <span class='ocrx_word' id='word_1_803' title='bbox 1620 3903 1816 3984; x_wconf 86' lang='lat' dir='ltr'>compositores</span> 
     </span>
     <span class='ocr_line' id='line_1_125' title="bbox 1024 3968 1815 4041; baseline 0.008 -17"><span class='ocrx_word' id='word_1_804' title='bbox 1024 3968 1204 4024; x_wconf 86' lang='lat' dir='ltr'>communiter</span> <span class='ocrx_word' id='word_1_805' title='bbox 1228 3968 1338 4032; x_wconf 87' lang='lat' dir='ltr'>eleetos,</span> <span class='ocrx_word' id='word_1_806' title='bbox 1364 3980 1438 4023; x_wconf 78' lang='lat' dir='ltr'>ere.»</span> <span class='ocrx_word' id='word_1_807' title='bbox 1467 3970 1564 4038; x_wconf 91' lang='lat' dir='ltr'>quibus</span> <span class='ocrx_word' id='word_1_808' title='bbox 1589 3985 1653 4039; x_wconf 88' lang='lat' dir='ltr'>rege</span> <span class='ocrx_word' id='word_1_809' title='bbox 1679 3986 1738 4041; x_wconf 88' lang='lat' dir='ltr'>rpso</span> <span class='ocrx_word' id='word_1_810' title='bbox 1762 3974 1815 4030; x_wconf 87' lang='lat' dir='ltr'>llo-</span> 
     </span>
     <span class='ocr_line' id='line_1_126' title="bbox 1024 4038 1816 4164; baseline 0.014 -74"><span class='ocrx_word' id='word_1_811' title='bbox 1024 4053 1165 4164; x_wconf 64' lang='lat' dir='ltr'>planorum</span> <span class='ocrx_word' id='word_1_812' title='bbox 1181 4038 1325 4093; x_wconf 90' lang='lat' dir='ltr'>accedente</span> <span class='ocrx_word' id='word_1_813' title='bbox 1341 4053 1393 4111; x_wconf 81' lang='lat' dir='ltr'>pax</span> <span class='ocrx_word' id='word_1_814' title='bbox 1411 4041 1517 4095; x_wconf 90' lang='lat' dir='ltr'>demum</span> <span class='ocrx_word' id='word_1_815' title='bbox 1532 4039 1654 4095; x_wconf 88' lang='lat' dir='ltr'>stabilita</span> <span class='ocrx_word' id='word_1_816' title='bbox 1668 4057 1730 4097; x_wconf 66' lang='lat' dir='ltr'>eme</span> <span class='ocrx_word' id='word_1_817' title='bbox 1745 4046 1816 4102; x_wconf 86' lang='lat' dir='ltr'>ride-</span> 
     </span>
     <span class='ocr_line' id='line_1_127' title="bbox 1034 4116 1112 4162; baseline -0.026 -1"><span class='ocrx_word' id='word_1_818' title='bbox 1034 4116 1112 4162; x_wconf 81' lang='lat' dir='ltr'>ratrrr.</span> 
     </span>
    </p>

    <p class='ocr_par' dir='ltr' id='par_1_30' title="bbox 1022 4176 1816 4948">
     <span class='ocr_line' id='line_1_128' title="bbox 1062 4176 1815 4247; baseline 0.011 -17"><span class='ocrx_word' id='word_1_819' title='bbox 1062 4176 1146 4230; x_wconf 73' lang='lat' dir='ltr'>erton</span> <span class='ocrx_word' id='word_1_820' title='bbox 1162 4192 1270 4247; x_wconf 89' lang='lat' dir='ltr'>possum</span> <span class='ocrx_word' id='word_1_821' title='bbox 1292 4178 1355 4246; x_wconf 92' lang='lat' dir='ltr'>quin</span> <span class='ocrx_word' id='word_1_822' title='bbox 1377 4179 1429 4234; x_wconf 91' lang='lat' dir='ltr'>bae</span> <span class='ocrx_word' id='word_1_823' title='bbox 1449 4178 1558 4234; x_wconf 79' lang='lat' dir='ltr'>all&#39;eram</span> <span class='ocrx_word' id='word_1_824' title='bbox 1584 4176 1672 4235; x_wconf 90' lang='lat' dir='ltr'>locum</span> <span class='ocrx_word' id='word_1_825' title='bbox 1696 4183 1815 4239; x_wconf 77' lang='lat' dir='ltr'>auctoris</span> 
     </span>
     <span class='ocr_line' id='line_1_129' title="bbox 1024 4245 1816 4323; baseline 0.008 -21"><span class='ocrx_word' id='word_1_826' title='bbox 1024 4246 1092 4303; x_wconf 81' lang='lat' dir='ltr'>rtet.</span> <span class='ocrx_word' id='word_1_827' title='bbox 1113 4245 1205 4301; x_wconf 79' lang='lat' dir='ltr'>dustr.</span> <span class='ocrx_word' id='word_1_828' title='bbox 1230 4247 1259 4318; x_wconf 79' lang='lat' dir='ltr'>(l.</span> <span class='ocrx_word' id='word_1_829' title='bbox 1278 4264 1296 4309; x_wconf 92' lang='lat' dir='ltr'>r,</span> <span class='ocrx_word' id='word_1_830' title='bbox 1309 4264 1333 4302; x_wconf 89' lang='lat' dir='ltr'>c.</span> <span class='ocrx_word' id='word_1_831' title='bbox 1349 4247 1376 4313; x_wconf 79' lang='lat' dir='ltr'>l,</span> <span class='ocrx_word' id='word_1_832' title='bbox 1391 4265 1418 4318; x_wconf 90' lang='lat' dir='ltr'>p,</span> <span class='ocrx_word' id='word_1_833' title='bbox 1431 4248 1476 4318; x_wconf 64' lang='grc' dir='ltr'>δι)</span> <span class='ocrx_word' id='word_1_834' title='bbox 1490 4250 1523 4304; x_wconf 91' lang='lat' dir='ltr'>ad</span> <span class='ocrx_word' id='word_1_835' title='bbox 1538 4258 1695 4319; x_wconf 87' lang='lat' dir='ltr'>perpetuam</span> <span class='ocrx_word' id='word_1_836' title='bbox 1717 4269 1816 4323; x_wconf 88' lang='lat' dir='ltr'>angus·</span> 
     </span>
     <span class='ocr_line' id='line_1_130' title="bbox 1026 4316 1815 4392; baseline 0.009 -21"><span class='ocrx_word' id='word_1_837' title='bbox 1026 4318 1136 4372; x_wconf 76' lang='lat' dir='ltr'>tissime</span> <span class='ocrx_word' id='word_1_838' title='bbox 1157 4316 1252 4371; x_wconf 91' lang='lat' dir='ltr'>domus</span> <span class='ocrx_word' id='word_1_839' title='bbox 1273 4317 1423 4374; x_wconf 79' lang='lat' dir='ltr'>Aristriace</span> <span class='ocrx_word' id='word_1_840' title='bbox 1444 4319 1621 4375; x_wconf 88' lang='lat' dir='ltr'>memoriam:</span> <span class='ocrx_word' id='word_1_841' title='bbox 1640 4320 1815 4392; x_wconf 86' lang='lat' dir='ltr'>rOceupatus</span> 
     </span>
     <span class='ocr_line' id='line_1_131' title="bbox 1025 4386 1816 4510; baseline 0.011 -70"><span class='ocrx_word' id='word_1_842' title='bbox 1025 4387 1096 4450; x_wconf 89' lang='lat' dir='ltr'>licet,</span> <span class='ocrx_word' id='word_1_843' title='bbox 1111 4386 1208 4510; x_wconf 64' lang='lat' dir='ltr'>lappil,</span> <span class='ocrx_word' id='word_1_844' title='bbox 1223 4387 1303 4442; x_wconf 90' lang='lat' dir='ltr'>rebus</span> <span class='ocrx_word' id='word_1_845' title='bbox 1314 4387 1416 4444; x_wconf 90' lang='lat' dir='ltr'>bellicis</span> <span class='ocrx_word' id='word_1_846' title='bbox 1427 4398 1489 4443; x_wconf 86' lang='lat' dir='ltr'>ante</span> <span class='ocrx_word' id='word_1_847' title='bbox 1504 4388 1638 4445; x_wconf 77' lang='lat' dir='ltr'>basileam</span> <span class='ocrx_word' id='word_1_848' title='bbox 1648 4391 1700 4447; x_wconf 86' lang='lat' dir='ltr'>ciri</span> <span class='ocrx_word' id='word_1_849' title='bbox 1712 4392 1816 4463; x_wconf 70' lang='lat' dir='ltr'>Argen·</span> 
     </span>
     <span class='ocr_line' id='line_1_132' title="bbox 1025 4457 1814 4519; baseline 0.009 -7"><span class='ocrx_word' id='word_1_850' title='bbox 1025 4457 1124 4512; x_wconf 91' lang='lat' dir='ltr'>tinensi</span> <span class='ocrx_word' id='word_1_851' title='bbox 1165 4457 1274 4512; x_wconf 87' lang='lat' dir='ltr'>istorico</span> <span class='ocrx_word' id='word_1_852' title='bbox 1295 4458 1392 4514; x_wconf 91' lang='lat' dir='ltr'>librum</span> <span class='ocrx_word' id='word_1_853' title='bbox 1414 4458 1466 4513; x_wconf 91' lang='lat' dir='ltr'>sibi</span> <span class='ocrx_word' id='word_1_854' title='bbox 1480 4460 1512 4514; x_wconf 90' lang='lat' dir='ltr'>de</span> <span class='ocrx_word' id='word_1_855' title='bbox 1526 4459 1603 4514; x_wconf 85' lang='lat' dir='ltr'>bellis</span> <span class='ocrx_word' id='word_1_856' title='bbox 1614 4459 1814 4519; x_wconf 86' lang='lat' dir='ltr'>Germanorum</span> 
     </span>
     <span class='ocr_line' id='line_1_133' title="bbox 1024 4526 1815 4598; baseline 0.008 -15"><span class='ocrx_word' id='word_1_857' title='bbox 1024 4542 1087 4583; x_wconf 89' lang='lat' dir='ltr'>eum</span> <span class='ocrx_word' id='word_1_858' title='bbox 1099 4526 1238 4592; x_wconf 76' lang='lat' dir='ltr'>Romanis,</span> <span class='ocrx_word' id='word_1_859' title='bbox 1261 4535 1288 4581; x_wconf 89' lang='lat' dir='ltr'>et</span> <span class='ocrx_word' id='word_1_860' title='bbox 1299 4529 1477 4598; x_wconf 88' lang='lat' dir='ltr'>proprietates</span> <span class='ocrx_word' id='word_1_861' title='bbox 1488 4528 1550 4584; x_wconf 83' lang='lat' dir='ltr'>belli</span> <span class='ocrx_word' id='word_1_862' title='bbox 1567 4530 1643 4585; x_wconf 88' lang='lat' dir='ltr'>ducis</span> <span class='ocrx_word' id='word_1_863' title='bbox 1658 4532 1815 4589; x_wconf 84' lang='lat' dir='ltr'>describen-</span> 
     </span>
     <span class='ocr_line' id='line_1_134' title="bbox 1025 4596 1813 4671; baseline 0.006 -19"><span class='ocrx_word' id='word_1_864' title='bbox 1025 4605 1079 4653; x_wconf 86' lang='lat' dir='ltr'>tem</span> <span class='ocrx_word' id='word_1_865' title='bbox 1095 4596 1256 4662; x_wconf 87' lang='lat' dir='ltr'>dedicatum,</span> <span class='ocrx_word' id='word_1_866' title='bbox 1270 4612 1351 4653; x_wconf 91' lang='lat' dir='ltr'>aurea</span> <span class='ocrx_word' id='word_1_867' title='bbox 1367 4606 1472 4662; x_wconf 77' lang='lat' dir='ltr'>cartana,</span> <span class='ocrx_word' id='word_1_868' title='bbox 1488 4614 1569 4667; x_wconf 86' lang='lat' dir='ltr'>quam</span> <span class='ocrx_word' id='word_1_869' title='bbox 1583 4599 1653 4655; x_wconf 84' lang='lat' dir='ltr'>mllo</span> <span class='ocrx_word' id='word_1_870' title='bbox 1666 4601 1813 4671; x_wconf 90' lang='lat' dir='ltr'>pendulam</span> 
     </span>
     <span class='ocr_line' id='line_1_135' title="bbox 1023 4666 1813 4741; baseline 0.008 -19"><span class='ocrx_word' id='word_1_871' title='bbox 1023 4667 1156 4739; x_wconf 77' lang='lat' dir='ltr'>gestabat,</span> <span class='ocrx_word' id='word_1_872' title='bbox 1177 4682 1231 4721; x_wconf 90' lang='lat' dir='ltr'>una</span> <span class='ocrx_word' id='word_1_873' title='bbox 1244 4666 1369 4735; x_wconf 83' lang='lat' dir='ltr'>adjuncta</span> <span class='ocrx_word' id='word_1_874' title='bbox 1382 4669 1503 4738; x_wconf 87' lang='lat' dir='ltr'>portione</span> <span class='ocrx_word' id='word_1_875' title='bbox 1515 4668 1591 4734; x_wconf 76' lang='lat' dir='ltr'>aeris,</span> <span class='ocrx_word' id='word_1_876' title='bbox 1613 4671 1813 4741; x_wconf 86' lang='lat' dir='ltr'>regratiticatus</span> 
     </span>
     <span class='ocr_line' id='line_1_136' title="bbox 1023 4736 1814 4808; baseline 0.006 -16"><span class='ocrx_word' id='word_1_877' title='bbox 1023 4745 1075 4793; x_wconf 89' lang='lat' dir='ltr'>est.</span> <span class='ocrx_word' id='word_1_878' title='bbox 1099 4736 1221 4806; x_wconf 85' lang='lat' dir='ltr'>Cumque</span> <span class='ocrx_word' id='word_1_879' title='bbox 1242 4752 1302 4803; x_wconf 79' lang='lat' dir='ltr'>earn</span> <span class='ocrx_word' id='word_1_880' title='bbox 1323 4739 1358 4793; x_wconf 92' lang='lat' dir='ltr'>ob</span> <span class='ocrx_word' id='word_1_881' title='bbox 1383 4740 1439 4792; x_wconf 87' lang='lat' dir='ltr'>rem</span> <span class='ocrx_word' id='word_1_882' title='bbox 1460 4739 1635 4808; x_wconf 86' lang='lat' dir='ltr'>aburgrario</span> <span class='ocrx_word' id='word_1_883' title='bbox 1656 4740 1814 4797; x_wconf 77' lang='lat' dir='ltr'>Norimber·</span> 
     </span>
     <span class='ocr_line' id='line_1_137' title="bbox 1040 4805 1811 4883; baseline 0.006 -20"><span class='ocrx_word' id='word_1_884' title='bbox 1040 4806 1098 4863; x_wconf 89' lang='lat' dir='ltr'>ensi</span> <span class='ocrx_word' id='word_1_885' title='bbox 1113 4805 1249 4862; x_wconf 81' lang='lat' dir='ltr'>l’riderioo</span> <span class='ocrx_word' id='word_1_886' title='bbox 1261 4806 1417 4872; x_wconf 80' lang='lat' dir='ltr'>Zollerensi,</span> <span class='ocrx_word' id='word_1_887' title='bbox 1432 4824 1465 4862; x_wconf 82' lang='lat' dir='ltr'>ex</span> <span class='ocrx_word' id='word_1_888' title='bbox 1487 4822 1578 4862; x_wconf 83' lang='lat' dir='ltr'>sorore</span> <span class='ocrx_word' id='word_1_889' title='bbox 1591 4820 1700 4881; x_wconf 88' lang='lat' dir='ltr'>nepote,</span> <span class='ocrx_word' id='word_1_890' title='bbox 1717 4828 1811 4883; x_wconf 84' lang='lat' dir='ltr'>repre·</span> 
     </span>
     <span class='ocr_line' id='line_1_138' title="bbox 1022 4824 1811 4948; baseline 0.005 -16"><span class='ocrx_word' id='word_1_891' title='bbox 1022 4824 1197 4943; x_wconf 50' lang='lat' dir='ltr'>graderetur,</span> <span class='ocrx_word' id='word_1_892' title='bbox 1218 4877 1289 4947; x_wconf 92' lang='lat' dir='ltr'>quod</span> <span class='ocrx_word' id='word_1_893' title='bbox 1303 4877 1328 4931; x_wconf 93' lang='lat' dir='ltr'>id</span> <span class='ocrx_word' id='word_1_894' title='bbox 1342 4894 1395 4931; x_wconf 94' lang='lat' dir='ltr'>non</span> <span class='ocrx_word' id='word_1_895' title='bbox 1405 4878 1494 4948; x_wconf 91' lang='lat' dir='ltr'>potins</span> <span class='ocrx_word' id='word_1_896' title='bbox 1509 4878 1536 4932; x_wconf 93' lang='lat' dir='ltr'>iu</span> <span class='ocrx_word' id='word_1_897' title='bbox 1550 4879 1665 4935; x_wconf 89' lang='lat' dir='ltr'>militnm</span> <span class='ocrx_word' id='word_1_898' title='bbox 1682 4896 1811 4936; x_wconf 88' lang='lat' dir='ltr'>remune-</span> 
     </span>
    </p>
   </div>
   <div class='ocr_carea' id='block_1_24' title="bbox 1022 4945 1811 5071">
    <p class='ocr_par' dir='ltr' id='par_1_31' title="bbox 1022 4945 1811 5071">
     <span class='ocr_line' id='line_1_139' title="bbox 1022 4945 1811 5071; baseline 0.006 -69"><span class='ocrx_word' id='word_1_899' title='bbox 1022 4948 1153 5002; x_wconf 89' lang='lat' dir='ltr'>rationem</span> <span class='ocrx_word' id='word_1_900' title='bbox 1169 4945 1352 5018; x_wconf 88' lang='lat' dir='ltr'>impendisset,</span> <span class='ocrx_word' id='word_1_901' title='bbox 1373 4947 1409 5001; x_wconf 89' lang='lat' dir='ltr'>ita</span> <span class='ocrx_word' id='word_1_902' title='bbox 1426 4948 1581 5071; x_wconf 41' lang='lat' dir='ltr'>reprendit:</span> <span class='ocrx_word' id='word_1_903' title='bbox 1596 4948 1661 5004; x_wconf 82' lang='lat' dir='ltr'>Sine</span> <span class='ocrx_word' id='word_1_904' title='bbox 1672 4951 1752 5004; x_wconf 85' lang='lat' dir='ltr'>etiam</span> <span class='ocrx_word' id='word_1_905' title='bbox 1763 4951 1811 5007; x_wconf 88' lang='lat' dir='ltr'>do-</span> 
     </span>
     <span class='ocr_line' id='line_1_140' title="bbox 1475 5034 1506 5070; baseline 0 0"><span class='ocrx_word' id='word_1_906' title='bbox 1475 5034 1506 5070; x_wconf 87' lang='lat' dir='ltr'>nr</span> 
     </span>
    </p>
   </div>
   <div class='ocr_carea' id='block_1_25' title="bbox 1018 5017 1812 5642">
    <p class='ocr_par' dir='ltr' id='par_1_32' title="bbox 1018 5017 1812 5642">
     <span class='ocr_line' id='line_1_141' title="bbox 1022 5017 1812 5088; baseline 0.003 -16"><span class='ocrx_word' id='word_1_907' title='bbox 1022 5027 1076 5072; x_wconf 84' lang='lat' dir='ltr'>ctos</span> <span class='ocrx_word' id='word_1_908' title='bbox 1096 5018 1213 5072; x_wconf 80' lang='lat' dir='ltr'>lronriner</span> <span class='ocrx_word' id='word_1_909' title='bbox 1226 5025 1314 5071; x_wconf 83' lang='lat' dir='ltr'>nostra</span> <span class='ocrx_word' id='word_1_910' title='bbox 1327 5017 1398 5087; x_wconf 73' lang='lat' dir='ltr'>[ncta</span> <span class='ocrx_word' id='word_1_911' title='bbox 1410 5017 1454 5071; x_wconf 87' lang='lat' dir='ltr'>latr</span> <span class='ocrx_word' id='word_1_912' title='bbox 1506 5034 1528 5081; x_wconf 89' lang='lat' dir='ltr'>e,</span> <span class='ocrx_word' id='word_1_913' title='bbox 1544 5027 1568 5072; x_wconf 89' lang='lat' dir='ltr'>et</span> <span class='ocrx_word' id='word_1_914' title='bbox 1579 5035 1625 5088; x_wconf 87' lang='lat' dir='ltr'>per</span> <span class='ocrx_word' id='word_1_915' title='bbox 1635 5019 1684 5073; x_wconf 80' lang='lat' dir='ltr'>bor</span> <span class='ocrx_word' id='word_1_916' title='bbox 1696 5018 1733 5073; x_wconf 83' lang='lat' dir='ltr'>nd</span> <span class='ocrx_word' id='word_1_917' title='bbox 1743 5020 1812 5075; x_wconf 78' lang='lat' dir='ltr'>bello</span> 
     </span>
     <span class='ocr_line' id='line_1_142' title="bbox 1022 5086 1812 5161; baseline 0.006 -20"><span class='ocrx_word' id='word_1_918' title='bbox 1022 5088 1192 5141; x_wconf 82' lang='lat' dir='ltr'>animosiores</span> <span class='ocrx_word' id='word_1_919' title='bbox 1210 5086 1326 5141; x_wconf 82' lang='lat' dir='ltr'>reddere.</span> <span class='ocrx_word' id='word_1_920' title='bbox 1345 5086 1452 5142; x_wconf 74' lang='lat' dir='ltr'>litinem</span> <span class='ocrx_word' id='word_1_921' title='bbox 1465 5086 1525 5157; x_wconf 79' lang='lat' dir='ltr'>plat</span> <span class='ocrx_word' id='word_1_922' title='bbox 1537 5089 1661 5159; x_wconf 80' lang='lat' dir='ltr'>temporis</span> <span class='ocrx_word' id='word_1_923' title='bbox 1674 5088 1710 5142; x_wconf 89' lang='lat' dir='ltr'>ad</span> <span class='ocrx_word' id='word_1_924' title='bbox 1723 5090 1812 5161; x_wconf 81' lang='lat' dir='ltr'>legen-</span> 
     </span>
     <span class='ocr_line' id='line_1_143' title="bbox 1021 5156 1811 5228; baseline 0.006 -18"><span class='ocrx_word' id='word_1_925' title='bbox 1021 5157 1083 5210; x_wconf 86' lang='lat' dir='ltr'>dnm</span> <span class='ocrx_word' id='word_1_926' title='bbox 1098 5156 1269 5217; x_wconf 81' lang='lat' dir='ltr'>rrontiscerer,</span> <span class='ocrx_word' id='word_1_927' title='bbox 1284 5164 1309 5209; x_wconf 89' lang='lat' dir='ltr'>et</span> <span class='ocrx_word' id='word_1_928' title='bbox 1323 5157 1462 5227; x_wconf 81' lang='lat' dir='ltr'>impensor,</span> <span class='ocrx_word' id='word_1_929' title='bbox 1477 5172 1542 5228; x_wconf 80' lang='lat' dir='ltr'>quat</span> <span class='ocrx_word' id='word_1_930' title='bbox 1555 5157 1651 5228; x_wconf 74' lang='lat' dir='ltr'>rapias</span> <span class='ocrx_word' id='word_1_931' title='bbox 1662 5158 1689 5214; x_wconf 89' lang='lat' dir='ltr'>in</span> <span class='ocrx_word' id='word_1_932' title='bbox 1703 5160 1811 5215; x_wconf 71' lang='lat' dir='ltr'>inutiles</span> 
     </span>
     <span class='ocr_line' id='line_1_144' title="bbox 1020 5225 1810 5299; baseline 0.009 -19"><span class='ocrx_word' id='word_1_933' title='bbox 1020 5228 1114 5282; x_wconf 82' lang='lat' dir='ltr'>milites</span> <span class='ocrx_word' id='word_1_934' title='bbox 1126 5225 1251 5296; x_wconf 69' lang='lat' dir='ltr'>expendo,</span> <span class='ocrx_word' id='word_1_935' title='bbox 1265 5227 1292 5280; x_wconf 85' lang='lat' dir='ltr'>in</span> <span class='ocrx_word' id='word_1_936' title='bbox 1306 5226 1395 5281; x_wconf 81' lang='lat' dir='ltr'>doctor</span> <span class='ocrx_word' id='word_1_937' title='bbox 1409 5226 1522 5281; x_wconf 79' lang='lat' dir='ltr'>domines</span> <span class='ocrx_word' id='word_1_938' title='bbox 1536 5226 1680 5297; x_wconf 72' lang='lat' dir='ltr'>transferre</span> <span class='ocrx_word' id='word_1_939' title='bbox 1689 5230 1810 5299; x_wconf 73' lang='lat' dir='ltr'>posteat!</span> 
     </span>
     <span class='ocr_line' id='line_1_145' title="bbox 1020 5296 1808 5367; baseline 0.005 -16"><span class='ocrx_word' id='word_1_940' title='bbox 1020 5297 1077 5364; x_wconf 85' lang='lat' dir='ltr'>Qua</span> <span class='ocrx_word' id='word_1_941' title='bbox 1089 5297 1117 5352; x_wconf 90' lang='lat' dir='ltr'>in</span> <span class='ocrx_word' id='word_1_942' title='bbox 1133 5312 1162 5351; x_wconf 90' lang='lat' dir='ltr'>re</span> <span class='ocrx_word' id='word_1_943' title='bbox 1176 5304 1270 5351; x_wconf 88' lang='lat' dir='ltr'>nactus</span> <span class='ocrx_word' id='word_1_944' title='bbox 1280 5306 1322 5352; x_wconf 90' lang='lat' dir='ltr'>est</span> <span class='ocrx_word' id='word_1_945' title='bbox 1334 5297 1484 5351; x_wconf 81' lang='lat' dir='ltr'>imitatores</span> <span class='ocrx_word' id='word_1_946' title='bbox 1497 5296 1656 5367; x_wconf 79' lang='lat' dir='ltr'>liudolphus</span> <span class='ocrx_word' id='word_1_947' title='bbox 1667 5314 1765 5354; x_wconf 88' lang='lat' dir='ltr'>omnes</span> <span class='ocrx_word' id='word_1_948' title='bbox 1774 5314 1808 5355; x_wconf 83' lang='lat' dir='ltr'>ex</span> 
     </span>
     <span class='ocr_line' id='line_1_146' title="bbox 1020 5365 1809 5436; baseline 0.004 -15"><span class='ocrx_word' id='word_1_949' title='bbox 1020 5382 1067 5421; x_wconf 89' lang='lat' dir='ltr'>sua</span> <span class='ocrx_word' id='word_1_950' title='bbox 1086 5365 1275 5436; x_wconf 89' lang='lat' dir='ltr'>augustissima</span> <span class='ocrx_word' id='word_1_951' title='bbox 1298 5370 1377 5421; x_wconf 90' lang='lat' dir='ltr'>dorna</span> <span class='ocrx_word' id='word_1_952' title='bbox 1397 5365 1539 5421; x_wconf 82' lang='lat' dir='ltr'>Austriaea</span> <span class='ocrx_word' id='word_1_953' title='bbox 1561 5367 1702 5432; x_wconf 88' lang='lat' dir='ltr'>oriundos,</span> <span class='ocrx_word' id='word_1_954' title='bbox 1721 5377 1749 5423; x_wconf 90' lang='lat' dir='ltr'>et</span> <span class='ocrx_word' id='word_1_955' title='bbox 1766 5369 1809 5425; x_wconf 85' lang='lat' dir='ltr'>rel</span> 
     </span>
     <span class='ocr_line' id='line_1_147' title="bbox 1019 5436 1806 5507; baseline 0.001 -15"><span class='ocrx_word' id='word_1_956' title='bbox 1019 5438 1136 5492; x_wconf 79' lang='lat' dir='ltr'>manime</span> <span class='ocrx_word' id='word_1_957' title='bbox 1163 5436 1339 5507; x_wconf 87' lang='lat' dir='ltr'>imperatores</span> <span class='ocrx_word' id='word_1_958' title='bbox 1366 5450 1451 5506; x_wconf 80' lang='lat' dir='ltr'>usque</span> <span class='ocrx_word' id='word_1_959' title='bbox 1477 5436 1512 5491; x_wconf 86' lang='lat' dir='ltr'>ad</span> <span class='ocrx_word' id='word_1_960' title='bbox 1537 5444 1658 5493; x_wconf 83' lang='lat' dir='ltr'>nostram</span> <span class='ocrx_word' id='word_1_961' title='bbox 1684 5446 1806 5503; x_wconf 75' lang='lat' dir='ltr'>aetatem,</span> 
     </span>
     <span class='ocr_line' id='line_1_148' title="bbox 1019 5506 1808 5578; baseline 0.006 -18"><span class='ocrx_word' id='word_1_962' title='bbox 1019 5522 1086 5577; x_wconf 91' lang='lat' dir='ltr'>qnos</span> <span class='ocrx_word' id='word_1_963' title='bbox 1098 5509 1252 5578; x_wconf 85' lang='lat' dir='ltr'>ingenerata</span> <span class='ocrx_word' id='word_1_964' title='bbox 1265 5512 1379 5575; x_wconf 84' lang='lat' dir='ltr'>quadarn</span> <span class='ocrx_word' id='word_1_965' title='bbox 1397 5506 1561 5577; x_wconf 78' lang='lat' dir='ltr'>benignitate</span> <span class='ocrx_word' id='word_1_966' title='bbox 1576 5507 1711 5563; x_wconf 81' lang='lat' dir='ltr'>maximos</span> <span class='ocrx_word' id='word_1_967' title='bbox 1723 5507 1808 5565; x_wconf 70' lang='lat' dir='ltr'>ruine</span> 
     </span>
     <span class='ocr_line' id='line_1_149' title="bbox 1018 5576 1805 5642; baseline 0.003 -9"><span class='ocrx_word' id='word_1_968' title='bbox 1018 5577 1178 5633; x_wconf 89' lang='lat' dir='ltr'>eruditionis</span> <span class='ocrx_word' id='word_1_969' title='bbox 1191 5585 1218 5630; x_wconf 91' lang='lat' dir='ltr'>et</span> <span class='ocrx_word' id='word_1_970' title='bbox 1232 5576 1397 5631; x_wconf 84' lang='lat' dir='ltr'>erudimrum</span> <span class='ocrx_word' id='word_1_971' title='bbox 1415 5586 1551 5632; x_wconf 83' lang='lat' dir='ltr'>amatores</span> <span class='ocrx_word' id='word_1_972' title='bbox 1563 5586 1679 5642; x_wconf 86' lang='lat' dir='ltr'>constat,</span> <span class='ocrx_word' id='word_1_973' title='bbox 1696 5593 1805 5635; x_wconf 83' lang='lat' dir='ltr'>eornnr·</span> 
     </span>
    </p>
   </div>
   <div class='ocr_carea' id='block_1_26' title="bbox 1018 5645 1804 5719">
    <p class='ocr_par' dir='ltr' id='par_1_33' title="bbox 1018 5645 1804 5719">
     <span class='ocr_line' id='line_1_150' title="bbox 1018 5645 1804 5719; baseline 0.006 -19"><span class='ocrx_word' id='word_1_974' title='bbox 1018 5662 1070 5717; x_wconf 89' lang='lat' dir='ltr'>qne</span> <span class='ocrx_word' id='word_1_975' title='bbox 1082 5664 1114 5701; x_wconf 82' lang='lat' dir='ltr'>ex</span> <span class='ocrx_word' id='word_1_976' title='bbox 1130 5662 1241 5701; x_wconf 87' lang='lat' dir='ltr'>nrrnrero</span> <span class='ocrx_word' id='word_1_977' title='bbox 1255 5645 1476 5711; x_wconf 81' lang='lat' dir='ltr'>llaximilianum,</span> <span class='ocrx_word' id='word_1_978' title='bbox 1496 5661 1550 5704; x_wconf 92' lang='lat' dir='ltr'>uon</span> <span class='ocrx_word' id='word_1_979' title='bbox 1567 5655 1672 5704; x_wconf 89' lang='lat' dir='ltr'>tantum</span> <span class='ocrx_word' id='word_1_980' title='bbox 1685 5649 1804 5719; x_wconf 62' lang='lat' dir='ltr'>rasisse</span> 
     </span>
    </p>
   </div>
   <div class='ocr_carea' id='block_1_27' title="bbox 0 0 1894 6120">
    <p class='ocr_par' dir='ltr' id='par_1_34' title="bbox 0 0 1894 6120">
     <span class='ocr_line' id='line_1_151' title="bbox 0 0 1894 6120; baseline 0 0"><span class='ocrx_word' id='word_1_981' title='bbox 0 0 1894 6120; x_wconf 95' lang='lat' dir='ltr'> </span> 
     </span>
    </p>
   </div>
  </div>
 </body>
</html>
