3780 6120
155 309 205 368 25!
602 307 632 360 6.
653 303 778 360 canuti
798 301 998 358 illuuiem.
1019 303 1108 358 exiis
1127 306 1146 359 l.
1169 306 1290 364 suerio
1308 306 1347 361 tit
1727 291 1787 352 232

155 443 245 490 tuuicn
269 424 417 484 dominium
438 421 533 478 similis
559 428 662 475 naturae
678 433 738 472 esse
761 423 856 487 putant
885 429 947 468 enm
962 426 985 483 Α
1000 425 1076 468 rante
1091 417 1163 471 enim
1185 416 1288 472 Joanne
1307 415 1424 472 Uiaconn
1440 416 1467 469 in
1486 414 1546 471 itia
1561 413 1647 468 sancti
1666 410 1790 484 Gregurri

156 502 258 558 ditione
291 496 458 552 Exax'ebatns
487 508 519 546 ac
551 489 713 560 Pentapolis.
746 487 781 541 At
810 487 947 539 eniinrero
999 485 1086 567 blagni
1099 487 1156 556 iiii».
1171 506 1190 549 i,
1205 506 1229 542 e.
1242 489 1281 552 6),
1296 496 1405 543 sanctus
1415 486 1456 539 sir
1469 484 1661 555 imperatorem
1674 483 1733 538 suis
1748 484 1788 536 lii·

155 569 366 639 Ulirlstopburus
377 563 554 635 primicerius,
567 561 611 631 qui
632 560 673 613 rel
686 567 748 613 ante
768 558 947 626 principalium
998 562 1065 610 teris
1076 558 1189 626 rogarii,
1198 558 1475 613 utsnameiectienem
1483 551 1791 620 minimeooassrmarei,

156 650 258 697 sancta·
268 637 339 692 sedis
348 650 451 689 summa
464 649 524 685 enm
537 639 670 714 potestate
686 638 800 700 praerat
813 642 865 680 nna
886 640 948 680 eum
1001 644 1010 677 i
1023 625 1075 680 Sed
1086 628 1228 695 preelectus
1242 629 1321 683 Urbis
1330 625 1592 697 germanusnomine
1601 623 1792 694 ejtrsuuntium

156 709 399 778 archipresbytero,
421 713 447 758 et
470 703 659 757 archidiacono
678 701 742 753 sede
763 706 884 756 vacante,
903 703 949 748 ant
998 697 1166 766 anticipavit,
1178 699 1434 769 comprehensisque
1457 710 1489 750 ac
1506 695 1637 765 disruptis
1657 694 1792 765 epistulis,

157 783 269 835 absente
281 776 416 858 pontitice,
426 775 496 842 quod
507 773 604 826 eruditi
615 785 709 825 omnes
721 776 819 820 norunt
839 767 946 836 (illurn.
998 775 1073 821 etc.»
1091 768 1220 823 Enmdem
1236 779 1326 822 autern
1338 768 1533 838 magistratum,
1548 774 1691 835 postquam
1706 763 1793 820 linum

157 850 258 916 Pontis.
272 854 324 900 titt.
339 846 365 908 i,
380 845 406 910 5,
423 844 449 908 6,
467 844 492 907 7,
504 858 564 913 cap.
577 842 616 910 2).
633 835 948 895 Proceribusceterisob
998 836 1156 906 pontilleum
1173 838 1321 893 dominatui
1340 837 1445 892 subdita
1465 850 1525 890 esse
1541 835 1633 907 coepit,
1648 833 1715 917 inibi
1733 850 1793 916 per·

157 929 259 974 nictum
275 916 367 970 liaetis
380 922 454 968 tanta
467 913 493 967 in
517 911 717 982 perturbatione
731 923 831 969 rernm,
843 904 876 960 ad
892 921 949 958 rne-
999 921 1124 961 screrare
1134 918 1237 963 certum
1245 909 1354 970 scimus,
1368 907 1512 962 Anastasio
1526 905 1553 961 id
1566 913 1682 960 testante
1695 917 1722 958 in
1734 907 1794 960 l'iia

157 988 306 1044 nasterinm
319 986 492 1056 Spoletanum
506 984 545 1036 ire
555 982 686 1036 simulans
698 995 759 1033 cmn
773 979 827 1031 illio
840 975 946 1045 Sergio,
998 974 1111 1031 Adriani
1127 979 1203 1047 (scca.
1220 978 1284 1050 ⁹298)
1303 979 1358 1042 nbi,
1375 979 1407 1033 de
1421 976 1526 1032 Calruli
1542 974 1700 1031 cubicularii
1716 975 1794 1054 lingi-

159 1062 254 1114 ducem
263 1056 364 1126 Spoleti
376 1055 441 1118 adii,
461 1053 521 1107 6666
537 1052 775 1122 langobardorum
790 1061 880 1116 regem
895 1045 950 1099 col·
1000 1046 1037 1100 tio
1060 1061 1152 1117 ageris,
1179 1057 1273 1103 narrat
1296 1047 1522 1118 quemadmodum
1539 1046 1676 1100 Adrianus
1697 1048 1796 1112 «iussit

158 1131 287 1197 lectisque
302 1126 429 1194 utrinque
439 1123 555 1188 auxiliis,
565 1124 618 1177 dux
630 1121 766 1176 exereitus
777 1127 871 1173 eontra
883 1117 950 1168 anti
999 1119 1158 1172 contradcre
1168 1119 1316 1172 antelatum
1323 1118 1462 1173 Calauium
1470 1115 1676 1181 cubicularium,
1688 1124 1716 1169 et
1726 1132 1796 1186 pnr-

157 1215 233 1271 papae
258 1198 330 1251 sires
352 1195 474 1249 instructi
508 1194 608 1248 Urbem
640 1191 805 1262 ingreditur,
836 1186 950 1241 feliciter
999 1187 1153 1242 nominatos
1165 1188 1315 1258 Campanos
1327 1185 1454 1259 praelecto
1466 1186 1555 1250 Urbis,
1568 1195 1598 1241 ut
1613 1201 1689 1240 more
1706 1187 1796 1240 borni-

157 1276 267 1340 66666,
281 1266 398 1321 restitnit
411 1263 612 1334 rempublicam.
635 1260 742 1334 (Uinnia
762 1260 820 1313 linc
834 1263 950 1326 aguntur
1000 1256 1121 1311 eidarum
1139 1275 1186 1313 666
1204 1274 1294 1313 coram
1316 1259 1442 1313 universo
1465 1256 1564 1336 666666
1583 1257 1762 1310 examinaret.
1784 1276 1794 1308 i

157 1349 218 1410 posi
228 1350 347 1390 mensem
355 1335 490 1390 decimum
498 1333 659 1395 inrasiniris;
672 1327 950 1399 eteriimprimicerius
1000 1325 1039 1380 Ex
1051 1327 1161 1382 Adriani
1171 1328 1292 1398 ejusdcm
1307 1328 1406 1384 litteris
1417 1328 1493 1399 plura
1506 1326 1659 1393 buJusniodi
1671 1327 1795 1396 exempla

158 1407 264 1463 nonnisi
284 1414 345 1476 post
371 1405 474 1458 Pascha
496 1404 557 1456 anni
587 1402 648 1464 768,
671 1401 741 1454 diem
771 1397 894 1452 videlicet
917 1397 950 1449 66
1001 1396 1716 1468 inlraallcrcntur,cumadcumpontibuemrentum
1732 1398 1795 1453 crit.

156 1476 266 1548 Aprilis,
282 1477 316 1529 ab
332 1475 387 1527 anti
408 1490 464 1544 apat
476 1472 580 1526 insidiis
597 1488 625 1525 se
637 1470 773 1540 explicuit,
796 1467 950 1523 monasticae
1001 1465 1086 1521 Unius
1100 1468 1144 1522 bic
1156 1469 1275 1537 epistolar
1287 1469 1341 1540 (ep.
1355 1468 1398 1532 di,
1410 1469 1446 1522 al.
1463 1467 1508 1537 66)
1527 1467 1684 1548 conglobata
1698 1464 1795 1523 debera

156 1546 219 1601 vitan
233 1546 366 1611 6666666.)
401 1558 510 1612 empore
532 1555 586 1595 iam
609 1543 733 1595 diuturno
746 1539 878 1593 mensium
894 1547 950 1591 tre·
1000 1538 1117 1606 spectari
1136 1540 1215 1592 velim
1228 1537 1407 1592 :Anastasius
1427 1539 1525 1592 missus
1541 1536 1711 1607 pontificius,
1731 1537 1795 1592 Pas·

158 1616 245 1672 decim
264 1629 349 1683 neque
362 1630 377 1667 a
390 1613 555 1667 Francorum
567 1627 628 1681 rege
642 1611 756 1681 patricio
767 1608 949 1663 Romanorum
1000 1606 1086 1661 ebalis
1098 1616 1125 1662 ct
1138 1608 1289 1672 Saratinus,
1305 1623 1408 1663 necnon
1422 1606 1560 1670 Paulinus,
1573 1607 1683 1663 scelesti
1701 1623 1798 1664 omncs

159 1702 203 1742 res
220 1701 279 1740 eum
291 1692 431 1748 mnnninr,
456 1699 542 1752 neqnc
563 1697 577 1733 a
595 1681 696 1736 Graecis
717 1679 805 1748 impiis
827 1677 950 1732 lurcatur
1001 1676 1354 1760 alluserimcnalindpoena
1369 1679 1480 1749 dignum
1514 1685 1707 1748 erpeirarcrat.
1729 1678 1794 1732 Pau·

158 1758 255 1811 turbae.
282 1704 335 1810 666
363 1755 416 1807 sini
442 1753 466 1805 si
490 1752 582 1823 repelli
595 1758 701 1822 oportet
713 1758 809 1804 iicutrn
826 1762 860 1802 ex
873 1755 949 1817 parte
966 1784 988 1842 B
1002 1746 1073 1801 linus
1085 1749 1119 1802 ab
1129 1747 1248 1802 Adriano
1260 1757 1365 1803 rinctus
1378 1753 1411 1802 ad
1424 1693 1551 1803 66666666
1563 1747 1797 1819 66666666666666

159 1826 260 1881 milites
282 1826 397 1879 ducesve
423 1824 529 1877 adsunt.
552 1823 644 1876 lloniae
662 1821 744 1903 igitur
763 1818 950 1874 dominabatur
1004 1816 1061 1885 ejus
1072 1817 1143 1884 juris
1154 1828 1228 1884 erat,
1242 1819 1360 1873 nelarios
1374 1818 1566 1874 Pasebalemet
1577 1818 1732 1874 Saratinum
1745 1822 1795 1873 666

157 1896 283 1966 proprius
305 1895 429 1964 nimcps,
443 1894 518 1962 isque
534 1900 592 1947 crat
609 1891 746 1962 pontifex:
769 1902 884 1956 eumque
904 1901 954 1957 per
1004 1902 1077 1942 mam
1097 1889 1168 1942 mitti
1185 1897 1245 1944 orat
1260 1889 1405 1959 puniturus
1423 1889 1499 1960 ipset
1515 1889 1609 1953 idum,
1632 1889 1681 1953 ait,
1703 1888 1738 1944 de
1758 1891 1797 1944 cis

159 1975 245 2020 totum
261 1910 436 2032 iilJtemporis,
447 1979 508 2016 cnm
522 1964 599 2016 sedes
611 1963 731 2021 vacabat,
746 1958 877 2039 principis
890 1973 952 2026 pir·
1004 1957 1150 2027 perlectam
1165 1973 1310 2028 suscepero
1321 1957 1486 2028 justitiam»
1504 1957 1542 2014 Ue
1564 1958 1708 2013 Anastasio
1723 1974 1798 2021 vcro,

156 2036 230 2090 ti·:ns
241 2033 396 2099 liinqcretnr
409 2033 589 2104 primicerius,
605 2033 628 2085 is
641 2031 739 2085 auxilia
753 2030 788 2084 ab
798 2029 857 2082 aliis
872 2026 954 2081 ltaliae
1004 2027 1131 2082 Carnium
1150 2029 1288 2083 insimubit
1306 2030 1397 2083 riolati
1410 2028 1480 2099 juris
1494 2028 1626 2099 gentium,
1644 2029 1716 2097 quod
1735 2030 1794 2084 mis

156 2105 324 2177 principilms
355 2103 491 2173 impetrat,
524 2111 604 2171 atque
635 2101 760 2155 imasorc
788 2098 955 2169 principatus
1005 2099 1478 2163 suindetinuerii,acremittendum
1493 2098 1798 2173 aitinUrbemtu7

157 2176 310 2236 deiurlmto,
322 2189 419 2226 nomm
434 2173 591 2242 principem,
611 2170 763 2241 poniificem
780 2170 882 2223 seilicet
904 2168 954 2221 rite
1008 2168 1299 2223 ‹Etsererissimecmn
1308 2170 1478 2225 sciscitantes
1484 2167 1560 2238 juxta
1570 2184 1668 2223 noram
1676 2171 1702 2224 ei
1710 2185 1798 2240 reper·

156 2245 322 2306 ordinaimn,
349 2243 463 2296 suintitis
485 2242 634 2296 renuntiari
653 2248 740 2295 curat.
759 2240 824 2305 Qua
847 2236 955 2308 quidem
1006 2246 1060 2291 iam
1073 2254 1134 2292 eum
1147 2239 1334 2309 corripiemus.
1350 2261 1358 2290 i
1376 2240 1500 2296 6666666
1517 2240 1599 2363 ipitur
1611 2249 1798 2310 quamvecant

156 2329 236 2368 nemo
250 2314 348 2366 dixerit
363 2313 443 2365 dubia
465 2312 570 2380 princip
589 2319 632 2365 tus
656 2310 767 2364 indicia.
786 2310 855 2362 Sunt
875 2307 955 2360 nibil·
1041 2316 1138 2362 testate
1149 2316 1272 2363 eumdem
1288 2309 1313 2364 in
1329 2310 1523 2380 modnmponti
1536 2327 1569 2365 ex
1583 2309 1725 2367 inditione
1736 2325 1799 2374 sua,

157 2385 266 2439 erninns
279 2383 394 2436 certiora
414 2382 476 2444 alia,
496 2397 556 2450 iprae
575 2397 608 2434 ex
622 2382 715 2435 cadem
730 2383 806 2434 inras
817 2393 868 2433 one
883 2379 955 2432 sedis
1030 2393 1098 2433 ornae
1111 2379 1238 2433 nimirum
1252 2389 1280 2434 et
1292 2381 1318 2433 in
1333 2381 1432 2434 ducatu
1444 2380 1558 2449 aliisque
1572 2380 1727 2450 regionibus
1745 2381 1799 2435 sibi

159 2461 298 2525 petuntur.
316 2452 344 2506 ln
364 2466 425 2504 reos
449 2452 522 2505 enim
548 2450 746 2504 anirnailrersio
760 2457 801 2502 est
827 2448 955 2502 indicium
1005 2449 1121 2504 subditis
1134 2450 1265 2511 utebatur,
1282 2465 1335 2518 quo
1348 2465 1396 2506 sna
1410 2452 1436 2504 in
1453 2450 1552 2505 ditione
1565 2450 1687 2505 Catulus.
1710 2449 1799 2521 Atque

160 2524 308 2578 niaximum
324 2521 478 2592 potestatis:
490 2520 601 2590 ejiuque
617 2521 743 2576 nonnulla
755 2519 878 2589 exempla
893 2534 957 2588 sup-
1005 2528 1149 2590 eapropter
1168 2520 1219 2575 boe
1242 2521 1406 2590 precipuum
1428 2521 1546 2590 supremi
1566 2520 1698 2591 principis
1718 2534 1799 2591 argu·

159 2600 255 2662 petum
274 2593 344 2661 apud
359 2592 542 2655 Anastasium,
563 2607 622 2661 qum
647 2589 717 2645 band
743 2589 900 2660 6666666666
917 2589 955 2642 ri·
1005 2598 1125 2644 utentum
1139 2590 1230 2644 llomae
1242 2605 1295 2644 non
1306 2592 1398 2645 deerat
1413 2592 1591 2662 6666666666
1606 2599 1737 2662 tempere,
1751 2591 1799 2661 qui

159 2664 267 2718 deninr.
1003 2674 1054 2714 666
1066 2667 1092 2715 et
1104 2675 1215 2714 suorum
1230 2661 1332 2715 scelere
1343 2661 1407 2714 illud
1418 2661 1553 2730 paielceit.

180 2733 259 2786 titt.
281 2731 376 2785 Paucis
394 2731 428 2786 iis
447 2732 552 2792 diebus,
577 2731 622 2801 qui
635 2730 713 2786 electi
736 2728 873 2800 pontilicis
894 2727 955 2783 Sic·
1042 2728 1074 2782 ti.
1087 2729 1203 2784 Allatam
1224 2729 1345 2798 prolecto
1369 2731 1510 2801 epistelam
1529 2731 1641 2786 Adriani
1660 2730 1801 2787 Eeeardus

175 2802 239 2855 bani
255 2802 485 2856 consecrationem
499 2809 705 2872 praecesserunt,
722 2801 755 2855 de
769 2798 907 2855 sceleratis
923 2798 955 2854 il·
1005 2798 1080 2870 (ller,
1094 2799 1193 2854 i'rnnc.
1214 2798 1260 2853 lib.
1276 2816 1339 2867 rxr,
1358 2817 1418 2870 cap.
1435 2802 1480 2873 38)
1495 2800 1607 2872 ejusque
1627 2800 1730 2857 assecla
1742 2800 1800 2856 Aln-

157 2815 209 2936 66,
235 2872 281 2940 qm
308 2872 486 2941 pseudopapae
511 2873 694 2933 aillimserarii,
720 2885 806 2939 poence
829 2879 952 2939 sumptae.
1004 2873 1121 2926 raterius
1148 2871 1229 2941 (Arm.
1257 2869 1320 2924 ital.
1343 2871 1405 2944 786)
1429 2888 1483 2928 666
1512 2872 1735 2928 airiniailrertissc
1760 2872 1800 2925 ri-

158 2941 269 2996 inrasur
283 2941 341 3009 ipse
354 2957 415 2996 cnm
434 2940 517 2994 lratre
533 2940 643 2995 Passiro
659 2941 761 2996 carceri
781 2949 858 2994 erant
877 2955 954 2993 man-
1004 2938 1103 2995 dentur
1118 2956 1124 2991 :
1142 2956 1204 2994 nam
1215 2939 1266 2994 alia
1282 2938 1400 3009 66666666
1413 2942 1548 3011 pontilicis
1558 2941 1614 3012 (67,
1627 2940 1801 3014 riuturni,

155 3011 240 3081 cipati
252 3021 314 3064 ante
324 3010 492 3074 eiectionem,
504 3010 595 3079 ibique
606 3011 804 3067 detinebantur.
817 3011 875 3065 666
885 3025 955 3079 pne-
1005 3008 1055 3066 bac
1075 3012 1168 3067 eadem
1189 3025 1223 3065 cx
1248 3026 1327 3065 causa
1345 3013 1511 3066 dominatum
1530 3025 1654 3069 asserunt
1676 3013 1802 3068 nomano

159 3087 235 3137 terea
260 3080 384 3135 scelerati
410 3080 528 3150 insignes
550 3090 743 3144 incinerantur,
772 3081 952 3149 waldipertus
1004 3080 1721 3154 666616666666666666666666666666666666666666
1739 3083 1801 3137 Non

159 3150 299 3223 presbyter
311 3164 409 3229 genere
423 3150 624 3220 Langobardus,
640 3160 668 3206 et
681 3150 799 3207 Gracilis
816 3151 948 3213 tribunus,
965 3139 988 3202 C
1005 3152 1041 3205 ita
1056 3151 1247 3221 waldipertus,
1273 3151 1305 3206 de
1320 3167 1373 3222 quo
1391 3168 1477 3224 nuper
1490 3161 1532 3208 est
1552 3153 1662 3208 dictum.
1686 3153 1801 3208 Viilebat

160 3220 241 3276 ambe
265 3221 415 3288 xriaqestatis
439 3221 488 3274 rei.
517 3219 566 3275 llic
589 3221 722 3291 siqnidem
748 3221 774 3275 in
796 3219 950 3290 Campania,
1004 3220 1112 3292 iniquus
1132 3222 1178 3276 ille
1200 3222 1342 3293 presbyter
1364 3222 1508 3294 pontilicire
1527 3223 1718 3280 dominationis
1737 3239 1801 3279 esse

159 3291 336 3362 pseudopapae
362 3291 448 3358 gratia
467 3290 615 3372 opibusque
636 3291 740 3354 audax,
764 3291 852 3346 scelus
872 3305 953 3346 ornne
1004 3290 1124 3347 Urbem:
1145 3291 1248 3347 idcirco
1270 3292 1452 3348 ilomanerum
1472 3293 1616 3364 primatum
1637 3298 1710 3351 caede
1725 3293 1800 3351 Lan·

159 3371 382 3434 perpetraremt;
397 3368 512 3431 postque
533 3363 612 3428 impis
629 3376 720 3415 casum
736 3360 798 3429 jure
821 3360 873 3415 sibi
894 3375 953 3415 me-
1002 3362 1182 3430 gobardormn
1204 3363 1332 3430 potestati
1357 3379 1436 3434 posse
1455 3363 1562 3433 subjici.
1587 3364 1627 3418 Uli
1647 3364 1720 3421 enim
1744 3365 1800 3420 rci-

159 3440 248 3494 66666,
265 3428 350 3483 Alairi
366 3446 395 3485 se
415 3432 557 3493 munierat,
574 3431 644 3485 6666
659 3448 672 3483 6
690 3431 811 3486 66666666
831 3430 951 3485 exercitu
1001 3431 1115 3500 publicae
1126 3430 1359 3488 administratores
1374 3444 1462 3499 crant,
1487 3434 1585 3502 quibus
1603 3434 1716 3490 sublatis
1741 3451 1801 3490 res·

159 3501 323 3564 abstractus,
344 3509 372 3555 ct
392 3500 505 3554 ilomam
524 3503 619 3555 ductus
638 3501 665 3554 in
682 3509 784 3555 arctam
802 3501 951 3556 custodiam
1001 3501 1108 3570 publicu
1136 3501 1260 3556 interiret
1288 3518 1398 3559 neccsse
1423 3512 1490 3558 erat.
1523 3504 1644 3575 Curiique
1674 3505 1732 3560 666
1756 3523 1801 3562 rcs

157 3576 202 3624 cst
219 3571 362 3637 detrusns;
384 3571 471 3625 eidem
491 3571 633 3639 pustrnmlo
651 3578 714 3624 sunt
732 3572 801 3625 eruti
822 3570 903 3633 oculi,
925 3578 954 3625 et
1002 3573 1091 3642 magni
1106 3574 1233 3627 inemenii
1249 3574 1294 3636 sit,
1308 3575 1468 3643 explicatior
1482 3590 1530 3644 per
1543 3591 1587 3631 me
1609 3576 1665 3640 llct,
1691 3584 1720 3630 ut
1742 3591 1801 3630 ma-

157 3638 249 3710 iingua
266 3641 395 3695 a'seissa.
413 3640 570 3709 li'abliperti
588 3640 718 3712 flagitium
732 3650 792 3695 erat
806 3641 950 3711 singulare,

157 3717 186 3764 et
201 3708 316 3763 maxime
335 3711 368 3765 ad
386 3725 442 3765 rem
462 3710 562 3764 iaciens
574 3727 579 3763 :
592 3726 676 3780 quare
694 3711 759 3780 ipsis
775 3711 872 3775 serbis,
893 3726 952 3779 qnae

158 3779 229 3849 apud
248 3778 422 3834 Anastasium
439 3780 563 3850 leguntur
579 3780 656 3852 (sect.
673 3779 736 3863 676)
760 3781 855 3837 referri
887 3781 952 3836 illud

157 3856 283 3918 opertet:
299 3849 395 3918 ‹erod
408 3851 550 3905 consilinm
564 3866 624 3905 cum
633 3850 850 3908 Tbeedrcioduee
859 3851 952 3921 Spole-

158 3921 214 3974 tino
229 3927 257 3974 et
268 3920 414 4044 6666666666
429 3921 557 3976 llomanis
566 3922 679 3985 iniisset,
690 3922 724 3976 nd
736 3922 951 3977 interliciendum

250 4005 304 4059 pne
317 4000 389 4044 :rium
404 3990 628 4063 Cbristopborunr
639 3991 833 4060 primicerium,
846 4001 873 4047 ct
885 3993 951 4047 alios

183 4075 295 4114 6666666
313 4061 453 4130 puritates,
476 4070 502 4115 et
522 4062 658 4116 civitatem
678 4061 827 4116 Romanam
847 4062 952 4132 Longo-

157 4129 302 4184 bardernm
326 4131 399 4200 genti
423 4132 606 4185 tradendam.»
632 4131 720 4184 Simili
746 4145 825 4212 poena
851 4140 879 4185 et
907 4132 951 4186 bic

158 4198 281 4253 allectus.
303 4199 406 4254 Caetera
432 4200 498 4254 nibil
520 4208 752 4255 metumientem
774 4201 951 4271 pseudopapae

156 4269 259 4337 pariter
276 4277 303 4322 et
314 4268 455 4323 Tlieudure
468 4270 594 4340 episeopo
606 4268 666 4337 6666
678 4270 845 4325 ricednrnino
860 4281 951 4326 erutos

156 4337 250 4391 ocules
270 4338 395 4401 audiam,
417 4339 536 4408 aliosque
553 4341 613 4395 aliis
631 4340 719 4408 pinnis
736 4340 856 4395 allectos.
884 4341 949 4394 iliud

156 4415 247 4461 ianieo
270 4405 346 4474 jurat
370 4409 598 4475 animadvertere,
619 4411 690 4479 qnod
712 4410 862 4481 hujusmodi
887 4411 951 4466 licet

193 4490 243 4530 *nae
257 4477 327 4546 apud
340 4476 511 4533 Airastasium
524 4478 683 4543 reserantur,
699 4481 776 4550 quasi
787 4496 803 4535 a
814 4483 949 4551 peruersis
962 4493 988 4554 ο
1000 4485 1105 4540 einatus

166 4546 310 4600 inminibus
322 4547 440 4609 6666666,
462 4549 488 4603 id
503 4558 590 4605 tamen
606 4552 704 4606 luctum
714 4553 819 4607 ridetur
830 4553 949 4607 adarci·-

156 4615 265 4670 tcndam
278 4616 338 4670 nori
355 4620 527 4687 pontilieatns
542 4620 680 4675 im'idiam.
696 4621 762 4676 Nam
780 4622 820 4676 rel
834 4621 950 4677 Alexan-

156 4685 198 4740 dri
218 4684 251 4740 iit
267 4702 325 4741 iero
346 4703 488 4756 preriairnm
510 4689 641 4758 ejusinndl
664 4708 750 4764 genus
772 4692 898 4756 obtinuit,
920 4702 950 4748 ut

155 4766 247 4810 narrat
262 4757 357 4812 Petrus
372 4757 477 4813 666666
492 4758 639 4829 (bolland,
655 4772 720 4817 tom.
738 4763 769 4817 i'i
785 4761 859 4828 lun,
878 4770 947 4833 part.

157 4841 188 4890 ιι,
204 4840 232 4895 p.
251 4827 296 4891 tu,
316 4828 347 4897 E)
362 4843 369 4881 ε
384 4848 393 4877 i
406 4828 617 4887 sententialibus
639 4831 769 4902 praelecti,
793 4833 815 4887 si
838 4849 950 4903 suspen·

155 4896 224 4950 duni
241 4897 369 4967 aliquem,
381 4899 501 4970 quinque
519 4902 616 4966 solidi;
635 4902 744 4972 quando
758 4902 900 4964 decollant,
916 4903 950 4958 si-

154 4966 273 5032 mililer;
288 4973 395 5038 quando
412 4980 523 5035 caecant,
539 4972 679 5040 duodecim
695 4972 800 5027 denarii
817 4989 866 5043 pro
883 4990 949 5028 unu·

154 5051 190 5108 qn
230 5053 263 5092 nc
277 5039 370 5105 66666;
390 5041 497 5110 qnando
513 5052 640 5097 trmicant
659 5044 767 5112 aliquod
787 5045 948 5107 membrum,

154 5109 216 5163 simi
231 5110 314 5163 itera»
336 5110 443 5165 Etenim
464 5127 519 5181 prae
539 5112 600 5167 aliis
624 5113 722 5169 elliciis
745 5114 897 5184 principum
922 5114 949 5168 id

155 5178 290 5245 laudatur,
309 5197 386 5235 sunm
402 5184 499 5250 cuique
511 5183 556 5251 jus
571 5183 700 5249 tribuere,
717 5193 747 5238 nt
765 5184 833 5265 itit.
849 5183 949 5256 llepnin

155 5249 186 5313 it,
207 5266 231 5305 c.
251 5265 309 5311 rin,
326 5267 352 5305 r.
370 5251 412 5322 itt)
428 5252 460 5304 de
474 5252 558 5307 brrid
573 5253 691 5324 legitur:
709 5253 833 5309 Facrelrrt
849 5272 949 5326 quoqne

153 5318 239 5376 Unut'd
251 5321 384 5392 judicium
402 5333 424 5375 ct
437 5323 568 5391 iristitiam
589 5326 659 5379 urrini
680 5325 785 5396 populo.
810 5325 875 5391 Quae
897 5325 950 5380 rei-

153 5390 268 5459 publicae
283 5393 379 5464 duplex
396 5392 596 5448 administratio
610 5395 684 5450 nullo
698 5413 815 5465 unquam
828 5407 949 5466 tempore

154 5459 336 5541 aprincipatu
355 5463 441 5519 divisa
457 5462 508 5518 luit
524 5474 551 5519 et
570 5466 712 5536 utriusque
732 5475 787 5521 tam
806 5471 948 5537 perspicua

156 5541 182 5579 in
208 5533 346 5598 pontilicio
372 5545 519 5606 suppetunt
544 5546 718 5605 6666666666,
746 5546 775 5592 ut
797 5537 949 5592 nullatenus

155 5595 287 5653 inliimari
301 5604 415 5670 possint.

190 5665 236 5721 ΙΧ.
255 5668 289 5722 m
311 5687 375 5727 sero
399 5675 555 5744 praelectum
580 5677 656 5732 iubis
677 5676 768 5732 Romae
793 5692 863 5741 esse,
887 5691 949 5730 cum

155 5737 335 5809 Angristorum
351 5742 445 5798 ditioni
470 5748 592 5814 parebat,
613 5748 715 5803 nullum
735 5748 856 5802 dubium.
882 5745 949 5800 666-

1002 3644 1090 3712 gisae
1109 3643 1193 3712 magis
1207 3644 1355 3698 dominatio
1374 3644 1512 3714 pontificia
1526 3645 1671 3701 elucescat.
1688 3644 1800 3715 Septem

1001 3714 1136 3783 praecipue
1159 3713 1332 3767 nominantur
1358 3713 1513 3783 frequenter
1531 3715 1558 3769 in
1573 3716 1614 3771 bis
1629 3715 1732 3771 codicis
1748 3716 1801 3770 Ca-

1004 3784 1082 3838 roliui
1096 3783 1210 3845 litteris,
1233 3791 1261 3837 et
1270 3783 1341 3853 apud
1355 3784 1526 3840 Anastasium
1539 3803 1545 3838 :
1563 3784 1745 3850 Primicerius,
1760 3803 1800 3840 ac-

1002 3855 1176 3915 66666666,
1191 3855 1319 3917 arcarius,
1332 3854 1510 3915 saccellarius,
1526 3855 1731 3920 nomenculator,
1746 3858 1801 3927 pri-

1002 3925 1123 3978 micerius
1138 3923 1312 3994 defensorum,
1325 3934 1348 3976 et
1359 3926 1599 3994 protoscriniarius.
1616 3925 1738 3995 insignes
1752 3927 1797 3981 isti

1002 3993 1054 4047 riri
1079 4010 1150 4048 nune
1167 4007 1312 4062 proccre8,
1339 4010 1410 4050 6666
1423 3995 1553 4064 primates
1576 3995 1747 4065 appellantur
1770 4009 1799 4051 et

1002 4064 1072 4133 apud
1086 4063 1258 4119 Aiiastasinm
1273 4065 1351 4135 (sect.
1365 4063 1436 4129 stt,
1452 4063 1515 4136 295)
1532 4074 1559 4120 ct
1574 4066 1600 4119 in
1615 4064 1730 4121 concilio
1745 4064 1799 4121 La·

1003 4135 1137 4189 teraucnsi
1163 4133 1291 4202 Stcpbani
1306 4134 1347 4188 ΙΙΙ.
1367 4134 1425 4200 Qua
1449 4151 1529 4204 super
1543 4150 1572 4190 rc
1591 4134 1724 4191 baronius
1738 4134 1797 4209 (an.

1002 4203 1064 4267 ute,
1080 4221 1107 4258 n.
1126 4203 1166 4273 6)
1184 4204 1283 4271 aliique
1297 4204 1374 4258 raldo
1389 4204 1596 4268 hallucinantur,
1611 4207 1673 4260 dnm
1684 4208 1797 4277 presby-

1001 4283 1074 4329 teros
1086 4282 1112 4328 ei
1123 4274 1249 4329 diaconos
1263 4274 1415 4330 cardinales
1423 4283 1519 4344 putant
1530 4276 1673 4344 primatum
1685 4276 1798 4331 numine

1001 4344 1146 4415 designari.
1170 4345 1252 4399 lidem
1272 4351 1345 4399 recte
1359 4354 1541 4415 nuncupantur
1567 4345 1655 4415 officia
1673 4345 1797 4416 palatine

1001 4416 1029 4468 in
1047 4430 1080 4469 eo
1095 4415 1194 4478 libello,
1213 4414 1258 4482 qui
1272 4413 1496 4497 loairni'diaconn
1519 4416 1807 4499 tribuitur,consar-‚

1000 4492 1213 4625 amittit
1232 4485 1560 4611 ttttltitltbttttl!
1584 4485 1801 4612 ‘titillata

999 4625 1157 4696 opusculum
1178 4626 1331 4680 Aexandre
1352 4626 1386 4681 itt
1399 4636 1576 4696 nuncupetur,
1592 4636 1680 4681 tamen
1701 4641 1801 4698 persu-

1000 4711 1062 4750 nam
1081 4695 1206 4750 aulcrunt
1222 4695 1383 4764 sepulcralia
1406 4705 1580 4752 monumenta
1595 4695 1716 4764 ejusdem
1732 4696 1804 4752 Ale-

1000 4766 1095 4821 xandri
1115 4777 1143 4819 ei
1166 4765 1313 4820 Clementis
1337 4764 1388 4831 tti;
1409 4781 1453 4820 res
1477 4766 1691 4836 gesteilonerii
1715 4765 1748 4822 iii
1767 4774 1801 4822 et

999 4834 1143 4891 Alexandri
1156 4835 1189 4890 ΙΙΙ
1201 4851 1261 4905 quae
1275 4836 1375 4891 ibidem
1395 4837 1527 4899 visuntur,
1549 4845 1586 4902 ct,
1601 4837 1672 4906 quod
1692 4834 1797 4906 maius,

1001 4905 1133 4961 luculenta
1149 4905 1216 4969 baec,
1234 4921 1295 4974 qnae
1317 4921 1376 4976 cap.
1396 4907 1413 4961 8
1430 4906 1530 4976 legitur
1551 4907 1631 4962 iuscri
1652 4907 1708 4962 tie:
1737 4907 1800 4966 clu

1000 4976 1109 5030 nominc
1123 4975 1228 5030 bornini
1242 4991 1329 5030 amen.
1353 4977 1432 5031 Anne
1446 4977 1551 5031 incarn.
1567 4977 1618 5031 itit
1639 5017 1646 5042 ,
1660 4977 1703 5032 die
1717 4990 1802 5033 ruen-

1000 5045 1039 5102 sis
1051 5045 1203 5109 Februarii,
1216 5054 1404 5101 consecratum
1415 5045 1466 5101 luit
1477 5048 1563 5101 altare
1573 5047 1681 5118 capituli
1694 5048 1729 5102 ad
1743 5046 1800 5102 bu-

999 5131 1091 5171 noiem
1108 5117 1155 5171 Uei
1177 5125 1204 5171 et
1222 5117 1307 5171 beatae
1322 5116 1412 5171 diarriae
1428 5117 1588 5187 ‚llagdalenae
1611 5118 1644 5172 de
1665 5117 1800 5173 mandato

999 5187 1100 5242 domini
1115 5186 1245 5241 nonitacii
1257 5201 1288 5254 pa
1309 5204 1331 5240 :n
1346 5186 1400 5242 i'itt
1416 5202 1466 5257 per
1482 5188 1624 5242 bominum
1641 5186 1799 5243 Gerardum

999 5259 1031 5313 dc
1043 5256 1138 5310 Parma
1154 5257 1237 5328 episc.
1253 5203 1439 5312 6666666666.
1459 5279 1468 5310 i
1494 5258 1559 5325 Qirae
1574 5259 1671 5312 mirum
1684 5266 1799 5313 estnon

998 5327 1099 5383 vidisse
1113 5327 1273 5381 Ponendum
1299 5325 1375 5397 (cod.
1403 5327 1473 5391 lan,
1489 5344 1563 5383 irum.
1585 5329 1662 5400 6666)
1680 5325 1800 5397 ejusque

999 5399 1193 5467 exscriptorem
1217 5396 1371 5466 ilasponnm
1393 5397 1443 5469 (Ue
1465 5399 1547 5453 Unsil.
1570 5397 1658 5453 Later.
1674 5398 1723 5453 lib.
1748 5413 1798 5465 ιιι,

998 5484 1058 5538 cap.
1081 5470 1124 5537 68)
1148 5484 1198 5522 nee
1217 5467 1506 5537 ttabtiioninmitlas.
1530 5469 1678 5524 16666666.
1699 5468 1741 5532 ΙΙΙ,
1766 5483 1798 5541 p.

998 5538 1072 5663 576),
1086 5539 1131 5606 666
1146 5538 1213 5592 tanti
1231 5536 1334 5591 lacinni
1347 5538 1465 5592 libellum
1478 5540 1559 5594 isium
1573 5579 1580 5602 ,
1600 5548 1627 5593 et
1639 5538 1799 5595 Alexandri)
1826 5582 1829 5587 .

998 5608 1030 5663 tit
1063 5609 1163 5663 icaturn
1186 5619 1320 5663 asserrmt.
1348 5607 1384 5662 At
1407 5624 1498 5664 reram
1522 5607 1579 5676 ejus
1604 5619 1711 5665 multem
1730 5611 1798 5664 666.

1000 5678 1190 5734 l'alliceilanus
1202 5678 1322 5748 det-egit;
1344 5693 1461 5747 namque
1478 5680 1595 5734 insertus
1610 5680 1637 5735 ei
1651 5679 1742 5735 libello
1753 5690 1801 5736 est

999 5749 1138 5819 catalogus
1152 5747 1335 5805 ilenranurnui
1356 5747 1525 5818 pontilrcum,
1552 5749 1635 5824 248
1658 5751 1685 5805 in
1706 5749 1756 5807 Pin
1774 5748 1799 5807 ll
