3780 6120
123 276 176 333 833
622 277 711 334 tiuhi
728 277 899 335 caueatur.
920 308 955 320 -
972 278 1238 335 PROLEGOEENA.
1696 282 1750 338 tat

121 384 287 465 tolerabilior
300 381 462 453 redargutio,
471 399 550 464 quara
562 398 608 439 eos
619 400 713 441 omnes
727 385 851 441 salsitatis
863 401 909 440 ar·
922 389 947 447 Α
961 387 1055 441 talium
1077 388 1111 441 ad
1127 388 1266 442 Tarasium
1288 389 1485 456 patriarcham,
1505 406 1574 460 quas
1596 391 1680 459 citat,
1697 411 1750 464 qua

140 470 204 509 uere
216 461 243 507 et
257 461 421 520 impostura),
435 454 497 508 dum
512 453 565 508 illis
575 455 733 523 acquievere
743 456 787 523 qui
801 454 843 508 liis
855 470 910 509 ma·
960 456 1112 511 declaratur
1129 457 1249 525 Deiparae
1270 466 1297 511 et
1315 466 1469 513 sanctorum
1488 461 1634 530 imagines,
1648 479 1702 518 nou
1721 475 1751 521 nt

122 528 155 607 'is
171 523 274 578 artibus
287 523 314 603 in
326 522 446 642 eangdem
464 522 600 577 Nicetiam
623 526 754 593 synodum
776 525 908 592 irrupere,
960 525 1025 605 ⁰⁰³2
1044 525 1090 579 sed
1110 526 1150 609 (ut
1169 525 1277 607 halient)
1298 528 1343 580 lici
1361 528 1509 610 amicorum
1527 530 1577 584 ooli
1593 530 1702 587 debere.

121 599 622 728 mgold.⁰a¹lld¹:³¹tisrscd¹rlg{ev?irril?tssuslpnndi
630 661 768 730 fraudibus
781 672 910 732 agunt.—
960 594 1752 726 omdidixls'cngggngteiiffiabglvfflrlislllddicadldthtffiggmdgd}

121 731 227 786 Etenim
245 729 390 811 adversarii
415 676 451 809 ns*
474 733 679 810 concinnatores
699 733 909 797 mendaciorum,
960 734 1085 797 uitione,
1111 733 1219 787 Patrum
1253 735 1372 788 omnium
1402 737 1597 805 subscriptione
1625 738 1749 803 lliniata,

121 812 148 857 et
164 800 287 854 fraudum
306 799 463 862 architecti,
482 798 551 852 dolis
568 807 647 867 atque
667 798 779 854 lallaciis
796 801 912 855 circum-
961 802 1051 856 verbis
1066 803 1145 857 istis:
1161 820 1170 852 ι
1187 804 1332 858 delinimus
1347 818 1409 858 euni
1430 807 1503 859 ouini
1517 821 1581 862 eura
1595 815 1623 862 et
1639 809 1752 878 diligen-

122 876 254 925 ieiierunt
266 865 600 946 eosdemipsoscpiseopns
611 870 656 937 qui
669 871 911 939 veneruntadsyn·
961 871 1015 933 tia,
1031 871 1197 926 venerandas
1213 881 1241 927 et
1259 882 1367 928 sanctas
1385 874 1517 943 imagines
1535 878 1569 931 ad
1589 877 1699 931 modam
1725 888 1753 931 et

120 941 220 1003 ndum,
241 944 321 1005 atquc
341 951 431 1005 specte
447 936 555 1003 quidem
573 936 681 1005 pietatis
702 939 736 992 ad
749 940 911 993 condemna·
962 940 1075 994 sormam
1089 943 1246 997 venerandae
1260 949 1287 994 ct
1300 942 1461 998 virilicautis
1479 945 1597 1000 crucise
1614 947 1753 1002 coloribus

121 1010 223 1063 tionem
238 1006 353 1061 Nicaeam
365 1005 458 1075 synodi
472 1014 681 1126 permoverunt,
700 1009 862 1062 mentientes
883 1009 911 1061 iii
962 1017 990 1064 et
1005 1009 1104 1065 taxillis
1118 1018 1165 1063 aut
1177 1011 1229 1064 alia
1244 1012 1339 1078 quaris
1358 1013 1470 1066 materia
1489 1013 1628 1068 commode
1644 1024 1753 1084 paratas

121 1078 217 1149 primis
231 1076 277 1147 (ut
291 1081 402 1143 apparet
416 1090 450 1154 ex
482 1075 540 1128 ibro
562 1074 606 1129 illo
623 1076 768 1144 capitulari
791 1078 863 1131 dieto
877 1077 912 1131 ad
963 1079 1141 1142 dedicandas,
1155 1088 1182 1134 et
1199 1079 1225 1133 iii
1240 1082 1345 1149 templis
1358 1083 1458 1135 sanetis
1470 1083 1639 1138 collocandas
1651 1085 1753 1140 hahen-

122 1146 248 1202 Carnium
261 1143 384 1211 blagnum
402 1143 495 1212 misso)
510 1143 643 1198 Nicacnam
655 1147 786 1214 synodum
802 1146 913 1200 mininie
963 1148 1065 1215 dasque
1082 1156 1138 1201 tuiii
1154 1149 1181 1202 iii
1195 1149 1280 1204 sacris
1292 1151 1365 1204 rasis
1376 1158 1404 1204 et
1414 1151 1543 1214 restibus,
1558 1160 1614 1206 tum
1627 1154 1654 1207 iii
1665 1156 1754 1222 parie-

121 1215 308 1273 confirmatam
326 1227 412 1267 essea
426 1211 546 1267 Romano
561 1213 705 1282 penaunce,
721 1218 779 1270 sine
794 1230 847 1282 qun
865 1215 912 1286 (ut
963 1218 1036 1271 tibus
1051 1224 1078 1270 et
1091 1218 1206 1281 tabulis,
1220 1219 1246 1271 iii
1260 1220 1371 1284 aedibus,
1389 1220 1416 1272 iii
1429 1220 1480 1275 viis
1492 1222 1621 1289 publicis,
1636 1223 1754 1277 maximo

123 1287 195 1342 idem
209 1284 244 1338 ibi
257 1292 351 1337 auctor
361 1280 410 1405 md
426 1283 568 1337 concilium
582 1284 727 1338 subsistere
738 1284 846 1339 minime
854 1299 914 1352 pns-
964 1296 1054 1340 autem
1079 1286 1220 1366 imaginem
1244 1287 1350 1342 Domini
1373 1296 1400 1342 et
1425 1288 1473 1342 Dei
1497 1289 1645 1346 Salvatnris
1667 1294 1753 1346 nostri

124 1355 171 1420 sit,
193 1354 264 1423 quod
285 1352 373 1407 omnis
411 1351 690 1407 elideoontroiersia
713 1354 746 1407 ad
762 1353 913 1407 llouiaiiiim
963 1354 1027 1409 lesu
1043 1355 1162 1420 Christi,
1182 1355 1277 1409 deinde
1301 1358 1467 1411 intemerate
1492 1369 1591 1414 nostrae
1613 1361 1753 1430 deiparae,

125 1422 280 1496 pontificem
292 1428 405 1490 spectet.
422 1419 475 1474 Sed
490 1431 516 1475 et
530 1422 601 1490 quod
612 1421 691 1490 plane
704 1421 847 1476 uelandum
861 1431 912 1488 est,
965 1424 1178 1478 venerandorum
1190 1425 1354 1494 angelorum,
1370 1434 1397 1479 ct
1408 1427 1528 1480 omnium
1540 1429 1636 1483 deiude
1646 1438 1754 1484 saneto·

125 1492 286 1549 addideiuiit
298 1491 420 1545 eamdem
439 1492 570 1559 synodum
593 1490 779 1559 promulgasse
801 1491 915 1546 manife-
966 1508 1025 1547 rum
1040 1493 1169 1546 virorum.
1181 1493 1241 1559 Quo
1252 1493 1355 1554 scilieet
1366 1509 1415 1562 per
1427 1494 1496 1549 hanc
1508 1496 1655 1567 imaginum
1667 1499 1754 1568 picta-

125 1563 273 1618 stissimam
285 1561 459 1629 impietatem,
476 1560 594 1629 eoquod
609 1575 686 1615 exea
702 1561 915 1616 haeresisliraia·
965 1577 1026 1617 rum
1050 1563 1244 1628 inspectionem
1268 1577 1363 1617 omnes
1389 1563 1435 1632 qui
1460 1567 1694 1635 contemplantur,
1721 1568 1754 1622 ad

126 1640 216 1696 retur,
229 1647 297 1700 qua,
310 1630 440 1691 utairint,
461 1637 648 1685 assererentur
672 1629 803 1698 imagines
819 1630 914 1686 eodem
966 1639 1170 1700 prototyporum
1190 1632 1347 1686 memoriam
1367 1640 1394 1688 et
1411 1635 1624 1690 recordationem
1639 1645 1666 1690 et
1684 1635 1755 1690 desi-

126 1703 230 1757 bonore
246 1709 273 1755 et
284 1699 357 1753 cultu
370 1714 424 1767 quo
439 1699 531 1758 Deum,
546 1714 607 1753 esse
621 1699 772 1754 alldelibus
785 1715 915 1755 veneran-
931 1723 953 1782 Β
967 1699 1071 1755 decium
1096 1701 1221 1765 veniant,
1247 1701 1353 1769 illisque
1378 1702 1565 1758 salutationem
1593 1713 1620 1759 et
1640 1705 1755 1760 bonora-

126 1772 194 1825 das:
210 1768 352 1826 laeserim
369 1769 396 1822 iii
410 1768 566 1849 prelatione
580 1765 701 1836 ejusdem
715 1768 775 1823 libri
790 1769 921 1838 capitula,
967 1771 1035 1823 riam
1050 1770 1233 1841 adorationem
1249 1770 1407 1836 exhibeant,
1426 1787 1480 1827 nnn
1498 1783 1588 1828 tamen
1607 1775 1754 1830 secundum

128 1840 166 1894 ris
178 1840 212 1894 ad
221 1838 368 1893 Adriannm
382 1837 458 1891 missi
475 1838 614 1905 leguntur,
642 1853 704 1891 eum
720 1838 809 1905 agitur
823 1840 858 1892 de
872 1853 916 1892 re·
965 1839 1043 1893 ddem
1056 1847 1186 1903 nostram,
1199 1852 1289 1892 veram
1301 1838 1416 1903 latriam,
1428 1857 1488 1911 quae
1499 1843 1555 1897 sola
1568 1843 1664 1897 divinae
1677 1851 1755 1896 natu-

126 1909 178 1964 hus
191 1909 274 1976 gestis
286 1908 312 1961 iii
325 1906 557 1962 Eranoolordiensi
577 1906 691 1962 concilio
711 1925 717 1959 :
748 1925 757 1957 (
774 1906 860 1961 Allata
874 1913 916 1962 est
965 1923 1003 1962 rac
1023 1923 1083 1961 eoin
1094 1909 1152 1962 ietit
1168 1927 1175 1959 i
1193 1907 1267 1979 (Nic.
1282 1908 1374 1962 coricil.
1399 1925 1434 1974 n,
1454 1921 1505 1965 act.
1526 1911 1563 1980 7).
1581 1912 1643 1967 llaec
1662 1928 1755 1967 sacro-

128 1977 275 2049 (iuquiunt)
289 1977 602 2044 inmediumqniestiode
613 1992 681 2030 nova
693 1976 916 2046 Graecorumsyn
965 1984 1057 2031 sancta
1071 1924 1177 2031 eliaam
1196 1979 1314 2046 synodus
1333 1993 1366 2031 er
1386 1979 1492 2049 vulgata
1511 1981 1646 2046 editione,
1661 1982 1688 2034 in
1704 1983 1755 2036 linc

126 2048 189 2110 odo,
209 2046 336 2115 quamde
353 2047 496 2100 ailerandis
514 2046 675 2112 imaginibus
685 2045 915 2114 Constantinopoli
965 2062 1019 2100 aon
1041 2046 1164 2100 dissimili
1185 2047 1220 2100 ab
1238 2047 1356 2101 editione
1376 2048 1527 2114 Anastasii,
1540 2064 1573 2103 ex
1589 2065 1648 2119 qua,
1660 2050 1754 2105 eadem

127 2115 257 2178 fecerant,
272 2117 363 2183 inqua
379 2115 507 2184 scriptum
522 2116 679 2178 habebatur,
695 2124 724 2169 ut
734 2116 780 2184 qui
795 2116 916 2184 imagini·
965 2124 1028 2170 sunt
1041 2116 1163 2183 superius
1179 2116 1300 2169 recitata.
1321 2115 1409 2170 llabes
1430 2119 1512 2187 igitur
1530 2119 1661 2173 detectam
1683 2118 1755 2173 lrau-

126 2186 179 2240 bus
194 2184 568 2248 sanctorumitantdcilicc
582 2184 705 2237 Trinitati
721 2185 916 2239 servitiumaut
966 2185 1047 2248 dein,
1071 2185 1205 2253 proditam
1231 2184 1405 2252 imposturam
1429 2187 1462 2241 de
1485 2194 1560 2241 textu
1588 2188 1705 2252 lalsato,
1727 2197 1755 2244 et

127 2255 311 2310 adorationem
324 2270 376 2308 non
391 2254 563 2321 impenderet,
583 2254 725 2308 ariatbema
738 2252 914 2320 judicaretur.
966 2253 1080 2308 lectione
1094 2253 1195 2317 ritiatn,
1212 2259 1293 2322 atque
1308 2254 1335 2306 in
1348 2257 1513 2309 contrarium
1528 2257 1635 2325 penitus
1651 2259 1754 2312 detorta

127 2324 179 2391 nui
198 2339 278 2392 supra
298 2323 458 2377 sanctissimi
479 2321 573 2376 Patres
588 2324 674 2377 nostri
690 2324 851 2378 omnimodis
866 2323 916 2377 ad·
965 2337 1073 2376 sensum
1087 2322 1114 2375 in
1129 2323 1231 2392 synodo
1243 2323 1321 2391 plena
1336 2325 1407 2378 edita
1421 2326 1455 2380 ad
1468 2325 1675 2380 destructionem
1689 2342 1753 2396 syn-

126 2394 278 2449 orationem
286 2393 474 2447 etseriituteiu
482 2392 522 2445 eis
530 2391 683 2459 impendere
693 2401 917 2458 renuentes,cnn·
965 2391 1009 2445 odi
1028 2392 1214 2453 aecumenicae,
1241 2407 1257 2445 a
1277 2391 1402 2447 Patribus
1425 2395 1584 2449 autemillis
1603 2395 1755 2450 inconsulte

128 2470 307 2532 tempserunt,
333 2468 414 2529 atque
441 2462 639 2515 consentientes
665 2462 886 2516 condemnarunt.
904 2482 912 2512 i
965 2461 1047 2514 nimis
1067 2468 1176 2529 accepta
1195 2462 1295 2529 absque
1307 2461 1395 2530 aliqua
1415 2463 1484 2517 lacta
1504 2464 1670 2533 inspectione
1689 2463 1756 2533 legi·

129 2531 375 2598 Citanturiasuper
390 2530 485 2598 inipso
503 2530 641 2598 capitulari
660 2540 718 2601 acta
733 2531 853 2598 ejusdem
871 2530 916 2584 h'i-
966 2531 1038 2585 tima
1057 2531 1179 2585 lectionis
1192 2529 1234 2583 rel
1252 2529 1345 2585 Graeco
1366 2533 1486 2600 inspecto
1504 2542 1588 2599 textu,
1602 2533 1755 2588 collatione·

128 2602 197 2658 carni
216 2601 321 2655 concilii
342 2600 438 2668 quilius
455 2599 521 2655 salso
540 2611 708 2655 assereretur
726 2599 916 2655 Constantinus
966 2615 1018 2668 que
1037 2601 1128 2653 hahita
1147 2598 1275 2654 Codicum
1292 2600 1475 2666 diversorum,
1488 2609 1517 2656 ut
1532 2603 1560 2656 in
1574 2618 1603 2657 re
1617 2602 1684 2657 tanti
1698 2618 1756 2656 ino-

128 2671 269 2740 episcopus
283 2668 364 2739 Cypri
377 2669 403 2722 in
414 2671 507 2723 eodeni
521 2669 633 2723 coneilio
645 2670 752 2726 Nicaeae
773 2671 915 2724 anatliema
966 2670 1049 2723 menti
1060 2667 1152 2737 perlici
1165 2683 1275 2723 necesse
1285 2676 1353 2722 erat.

129 2741 229 2794 dixisse
248 2739 340 2807 iisqui
356 2754 407 2792 nou
430 2739 543 2792 adorant
564 2738 694 2806 imagines
707 2754 738 2794 ea
760 2739 916 2793 adoratione
1001 2737 1117 2793 xxviii.
1144 2738 1197 2790 Alii
1220 2736 1363 2791 adversarii
1393 2741 1508 2809 septimae
1537 2741 1639 2810 agundi.
1671 2742 1755 2795 lanas

128 2824 182 2876 qua
194 2809 361 2864 sanctissima
374 2807 491 2862 Trinitas
498 2807 640 2862 adoratur:
652 2824 712 2877 quae
722 2810 818 2863 adrem
830 2809 915 2876 ipsam
965 2807 1161 2860 Aurelianensis
1188 2807 1352 2860 aduersarius
1379 2809 1494 2877 septima
1525 2810 1627 2878 spondi.
1643 2839 1679 2851 -
1701 2810 1755 2864 Sed

127 2879 292 2946 exploratius
302 2878 523 2946 cognoscendam,
532 2877 576 2932 liic
587 2878 720 2933 voluimus
728 2879 914 2948 descripsisse:
966 2878 1037 2945 quod
1056 2875 1174 2930 deterius
1190 2875 1274 2928 rideri
1329 2883 1380 2930 test
1395 2884 1423 2930 et
1442 2879 1529 2948 tnagis
1547 2879 1753 2940 admirandum,

128 2947 169 3003 sie
181 2948 253 3001 enim
265 2962 293 3001 se
306 2947 419 3001 liabent:
966 2944 1038 3014 quod
1051 2960 1104 2999 non
1123 2945 1209 2998 solum
1228 2958 1279 3011 apa
1318 2944 1410 3000 Patres
1436 2946 1496 3001 illos
1513 2949 1558 3016 qui
1572 2947 1659 3002 eidem
1672 2946 1755 3000 Fran-

164 3017 258 3072 llell.
281 3015 379 3081 «Quod
392 3013 508 3071 inlausta
526 3024 553 3071 et
564 3017 764 3085 praecipitanter
775 3016 831 3070 sire
850 3017 951 3113 insi-c
967 3013 1128 3069 eninrdicnsi
1147 3013 1327 3067 interfuerunt
1343 3017 1462 3085 synodo,
1477 3024 1518 3070 tot
1536 3023 1662 3085 tantaque
1681 3032 1757 3069 meii-

127 3087 234 3157 pieuter
257 3086 449 3141 Constantinus
477 3084 642 3140 Constantini
666 3085 746 3156 Cypri
775 3086 916 3155 episcopus
971 3085 1047 3138 dacia
1060 3082 1139 3137 fidem
1153 3082 1295 3146 inreaerc3
1312 3085 1358 3137 sed
1372 3085 1441 3153 apud
1456 3093 1589 3154 posteros,
1603 3095 1630 3138 et
1647 3083 1756 3153 quidem

129 3156 199 3210 dixit
216 3169 224 3210 t
244 3154 367 3223 Suscipio
389 3161 416 3208 et
436 3155 583 3224 amplector
599 3154 792 3209 honorabiliter
814 3164 920 3210 sanctas
970 3153 1043 3207 riros
1061 3151 1210 3206 eruditione
1226 3152 1399 3220 conspicuos,
1419 3163 1447 3208 et
1465 3154 1554 3224 magni
1573 3155 1599 3207 in
1614 3170 1646 3209 eo
1658 3154 1757 3208 seculo

129 3233 158 3279 ct
174 3225 338 3278 venerandas
351 3224 481 3293 imagines
495 3241 502 3277 ε
516 3224 699 3279 adorationem
713 3233 804 3278 autem
817 3240 877 3293 quai
890 3226 921 3279 lit
970 3222 1103 3284 nominis,
1120 3221 1306 3275 existimantes
1320 3229 1400 3290 atque
1418 3224 1525 3293 scriptis
1542 3222 1722 3286 alllimantes,
1741 3237 1757 3274 a

129 3294 277 3349 secundum
293 3293 410 3356 latriam,
426 3294 451 3347 id
468 3302 519 3358 est,
534 3294 581 3348 liei
593 3293 740 3355 culturam,
757 3302 921 3349 tantummn-
970 3292 1070 3345 nostris
1090 3290 1141 3345 coli
1163 3306 1195 3345 ex
1210 3290 1367 3359 prescripto
1387 3290 1505 3359 ejusdcm
1527 3292 1626 3347 Nicatni
1650 3290 1758 3347 concilii

131 3363 166 3418 dn
184 3363 352 3418 substantiali
366 3371 393 3416 ct
405 3362 517 3417 ririlicae
530 3363 654 3416 Trinitati
669 3377 814 3426 coiiserrn;
829 3371 856 3416 et
873 3364 920 3431 qui
970 3362 1040 3415 sicut
1053 3360 1137 3414 Deum
1151 3361 1316 3414 retieraiidns
1329 3361 1469 3431 imagines.
1484 3362 1516 3416 lli
1529 3361 1601 3415 enini
1613 3360 1681 3415 duas
1693 3375 1759 3415 con-

130 3433 172 3488 sic
188 3449 241 3486 non
254 3433 391 3496 sentiunt,
405 3447 492 3500 neque
504 3433 671 3500 glniilieant,
689 3447 705 3484 a
720 3441 812 3486 sancta
828 3434 921 3486 catlio·
970 3430 1116 3484 stituerunt
1135 3429 1236 3484 classes
1258 3428 1285 3481 iri
1303 3430 1387 3484 sacris
1408 3431 1569 3500 imaginibus
1587 3430 1755 3492 errantium;

130 3501 183 3556 lica
205 3510 232 3555 et
253 3501 400 3570 apostolica
423 3501 543 3555 Ecclesia
569 3515 696 3568 scerego,
716 3508 743 3553 ct
757 3502 920 3554 anathemati
970 3499 1081 3553 alteram
1102 3514 1195 3552 eoruni
1215 3498 1261 3565 qui
1285 3513 1330 3552 eas
1362 3497 1534 3570 frangerent,
1550 3508 1694 3553 exurerent
1717 3496 1759 3551 rel

131 3571 275 3632 submitto,
291 3580 317 3625 at
329 3571 399 3640 parti
413 3585 504 3624 eoram
523 3570 569 3638 qai
582 3542 783 3638 alinegmerunt
799 3571 920 3624 incarna-
969 3567 1066 3636 quoris
1087 3566 1167 3621 niodo
1187 3567 1306 3621 delerent
1319 3583 1326 3622 ε
1339 3576 1421 3636 atque
1436 3570 1486 3624 hac
1503 3585 1534 3623 eii
1553 3576 1630 3638 parte
1647 3569 1760 3622 damna-

134 3648 190 3695 tam
207 3651 234 3695 et
252 3639 406 3695 salrabilem
426 3639 651 3718 dispensationem
672 3637 772 3692 Christi
789 3641 846 3694 reri
873 3640 921 3693 Dei
970 3644 1033 3690 runt
1057 3636 1199 3703 septimam
1223 3636 1296 3689 illaiii
1323 3640 1454 3705 synodum
1478 3637 1710 3708 Constantinopoli
1742 3651 1762 3689 a

131 3710 218 3766 nostri
235 3711 328 3764 emitto
342 3706 433 3779 (Coae.
450 3709 510 3762 llic.
525 3725 554 3771 ii,
571 3709 674 3776 ((1.5).
693 3729 702 3759 i
718 3707 781 3762 llaec
797 3709 922 3763 adversa·
970 3704 1140 3774 Cnprnaynio
1160 3705 1297 3768 lialiitaiii;
1315 3706 1425 3759 alteram
1448 3722 1511 3762 rero
1531 3723 1624 3762 eorum
1646 3707 1691 3776 qni
1705 3746 1713 3770 ,
1728 3713 1759 3759 ut

134 3780 199 3835 sarii
214 3786 341 3847 tanquam
360 3794 393 3831 ex
415 3776 521 3832 dicam
541 3779 652 3848 synodo.
693 3776 766 3841 Quos
787 3777 921 3832 Adrianus
970 3775 1115 3899 Butahant,
1131 3790 1164 3827 cx
1176 3772 1275 3826 bicarii
1288 3774 1394 3828 concilii
1412 3777 1520 3831 decreto
1544 3783 1696 3831 assererent
1712 3776 1759 3828 dc·

130 3847 192 3918 jure
217 3847 369 3917 redarguit,
388 3847 513 3901 nimirum
527 3863 614 3915 neque
626 3847 848 3910 Constantinum,
875 3862 922 3901 ne-
990 3845 1028 3898 itn
1046 3843 1119 3898 cultu
1132 3856 1191 3896 esse
1210 3841 1335 3897 colendas
1354 3844 1503 3914 imagines:
1517 3847 1543 3899 in
1563 3845 1630 3898 hanc
1643 3844 1759 3899 classem

133 3917 265 3986 quealios
283 3924 346 3970 tune
364 3931 426 3970 cuni
438 3931 471 3970 eo
484 3917 517 3972 ad
535 3916 681 3970 Ecclesiam
700 3916 859 3971 catholicam
881 3931 922 3970 re-
972 3912 1124 3981 rejicientes
1141 3928 1236 3966 omnes
1248 3910 1362 3966 ilia-ane
1377 3914 1499 3968 secundae
1517 3914 1611 3984 synodi
1625 3912 1760 3982 prolesso-

133 3994 269 4042 uertentes
281 3987 361 4040 aliter
376 3986 525 4041 accredere
543 4001 602 4040 esse
615 3986 750 4055 prolessos
764 4002 844 4054 quam
863 4001 922 4055 quae
971 3998 1024 4047 ree,
1042 3990 1069 4036 et
1083 3980 1230 4035 lloiiiaiiam
1243 3996 1349 4048 quoquae
1365 3982 1512 4036 Ecclesiam
1533 3989 1604 4036 inter
1615 3997 1661 4036 eos
1674 3996 1760 4035 annu-

134 4058 170 4112 ab
185 4057 278 4111 cadem
288 4055 396 4110 hierna
414 4056 516 4125 synodo
532 4064 595 4109 sunt
610 4062 725 4118 statuta;
741 4055 867 4110 nimirum
883 4057 922 4110 sic
971 4050 1313 4126 nieraiitcs,qnaeproliteii
1323 4051 1614 4106 inreiiiictureamdem
1627 4053 1757 4121 synodum

133 4126 263 4196 imagines
287 4139 378 4179 sacras
400 4125 565 4179 venerandas
586 4140 660 4188 esse,
681 4132 710 4177 ut
731 4133 820 4178 tamen
839 4125 923 4180 latriae
972 4137 1032 4176 csse
1055 4120 1216 4175 auctoritate
1240 4120 1352 4173 Romani
1383 4121 1518 4190 pontilicis
1540 4120 1701 4175 celebratam
1732 4129 1759 4174 et

133 4195 222 4248 cultus
234 4194 288 4249 illis
303 4194 376 4248 nullo
388 4194 468 4248 inodo
480 4195 599 4258 daretur,
613 4195 659 4263 qui
675 4195 724 4249 soli
742 4195 797 4249 lieo
813 4195 923 4250 debere-
972 4190 1173 4253 cnidii-matam,
1195 4198 1276 4266 atque
1298 4191 1405 4258 scriptis
1426 4190 1577 4255 defensam,
1639 4189 1759 4244 sterinri-

135 4271 179 4317 tur
196 4264 325 4332 impendi.
972 4263 1076 4329 busque
1094 4259 1216 4315 conciliis
1236 4260 1399 4313 roboratam.
1427 4260 1459 4315 Ut
1485 4260 1562 4330 plane
1585 4267 1758 4328 nistupescas

169 4333 206 4387 lta
222 4333 338 4400 quidem,
363 4339 389 4386 et
403 4348 455 4386 nori
475 4332 564 4396 aliter,
582 4348 611 4388 se
635 4332 734 4387 habere
752 4331 921 4389 Constantini
972 4332 1039 4386 aden
1053 4330 1147 4384 leriter
1166 4346 1199 4384 cii
1223 4330 1340 4398 ipsorum
1360 4329 1424 4384 falsa
1443 4331 1486 4383 illa
1499 4329 1691 4399 assumptione,
1706 4344 1758 4397 iqua

133 4403 250 4471 episcopi
269 4401 431 4456 Constantia
442 4401 522 4472 Cypri
539 4403 728 4467 assertionem,
743 4404 799 4472 ipsa
813 4403 921 4456 iliciana
936 4379 959 4439 υ
972 4400 1106 4466 dicerent,
1120 4415 1135 4453 a
1152 4400 1260 4454 bienno
1272 4399 1386 4455 concilio
1399 4407 1546 4463 statutum,
1561 4408 1590 4453 ut
1603 4398 1759 4454 adoratione

133 4481 193 4526 acta
209 4486 269 4539 quai
286 4470 374 4526 adhuc
395 4479 502 4525 eistaiit
522 4473 626 4540 integra
645 4473 742 4527 docent
756 4473 798 4527 bis
811 4473 919 4527 rerhis:
972 4470 1057 4524 latriae
1074 4470 1226 4525 colerentur
1239 4470 1383 4541 imagines,
1397 4470 1532 4525 Orientem
1547 4469 1626 4523 simul
1645 4478 1671 4524 et
1682 4466 1758 4522 Occi-

136 4561 145 4591 ι
160 4540 352 4594 Constantinus
366 4541 506 4609 episcopus
518 4541 681 4596 Constantine
694 4543 720 4595 iii
736 4542 824 4612 Cypro
836 4541 918 4596 dixit:
971 4541 1093 4604 dentem,
1110 4541 1182 4611 quod
1194 4539 1425 4609 reciperentillam
1438 4540 1585 4611 synodum,
1600 4554 1653 4593 una
1665 4553 1758 4594 eorum

133 4610 161 4664 lii
180 4609 260 4664 nullis
278 4619 421 4678 peccantes
444 4627 504 4665 cuin
525 4612 629 4665 rideam
651 4612 832 4679 litterasque
851 4621 921 4666 nitiic
971 4612 1104 4665 scatentia
1117 4611 1297 4665 damnationis
1308 4610 1434 4663 inclusos.

135 4679 210 4735 lectae
223 4688 293 4741 sunt,
308 4688 335 4733 et
349 4681 383 4735 ab
395 4679 575 4735 Orientalibus
590 4682 722 4750 episcopis
735 4680 768 4733 ad
781 4681 920 4736 Tarasium
1007 4679 1061 4735 Sed
1072 4681 1145 4750 quod
1156 4689 1210 4734 tam
1222 4687 1317 4748 patens
1330 4695 1414 4744 cirnr,
1430 4689 1538 4747 tamque
1550 4687 1671 4748 apertum
1685 4689 1760 4731 mcii·

134 4749 332 4804 sanctissimum
365 4765 397 4804 ac
428 4751 612 4805 beatissimum
638 4751 866 4820 archiepiscopum
895 4760 922 4805 et
972 4749 1078 4804 dacium
1101 4752 1187 4819 possit
1203 4750 1293 4804 baberi
1311 4764 1360 4818 pio
1385 4757 1521 4814 iroiistrn,
1536 4764 1586 4803 nec
1609 4748 1687 4801 dalem
1705 4745 1760 4800 lor-

136 4818 312 4873 universalem
325 4820 505 4887 patriarcham
521 4821 624 4884 misam
640 4822 702 4876 item
716 4836 777 4875 euni
793 4821 835 4875 bis
848 4836 923 4875 eam·
970 4827 1044 4874 tasse
1059 4820 1177 4875 inveniat
1195 4835 1245 4888 qiro
1268 4827 1342 4872 tanta
1362 4820 1403 4873 sui
1422 4819 1592 4873 dcloiniiitate
1608 4817 1678 4887 apud
1695 4816 1760 4870 lide

136 4888 194 4943 dem
222 4888 284 4942 lidei
307 4888 502 4944 consessionem
528 4905 708 4959 cognoscam:
727 4906 776 4959 ego
797 4891 922 4960 indignus
972 4889 1037 4943 lium
1049 4905 1144 4944 aures:
1156 4891 1198 4945 liic
1212 4889 1258 4943 tibi
1274 4890 1325 4943 ista
1337 4889 1481 4943 dicentium
1493 4888 1641 4954 ‹eatalogiim
1657 4893 1757 4946 teiam,

135 4958 214 5012 etiam
225 4959 365 5020 assentior,
378 4968 405 5012 et
416 4975 469 5013 urin
479 4960 569 5014 auinio
581 4959 650 5013 idem
662 4959 788 5027 prmdien.
799 4959 923 5028 Suscipio
972 4959 1137 5029 singulorum
1160 4959 1307 5014 sententias
1331 4960 1460 5012 verbatim
1483 4957 1613 5010 relucens.
1639 4954 1759 5008 Fuerunt

135 5028 204 5081 euim
219 5036 246 5081 et
261 5029 408 5096 amplector
427 5031 592 5084 renerandas
613 5029 764 5098 imagines,
788 5029 923 5085 adoratio-
972 5029 1017 5083 isti
1030 5030 1080 5082 viri
1103 5030 1222 5083 doctrina
1237 5028 1409 5097 insigniores,
1424 5027 1468 5095 qni
1482 5027 1531 5079 suli
1543 5024 1678 5080 hiidoiicn
1692 5023 1759 5090 imp.

135 5112 194 5151 nem
209 5106 299 5152 antem
319 5113 379 5166 quae
401 5100 431 5151 lit
446 5099 590 5153 secundum
610 5101 734 5174 ineptias,
748 5099 800 5154 line
821 5106 863 5155 est
875 5100 923 5154 bet
972 5097 1060 5153 Caroli
1070 5098 1156 5168 blagni
1170 5099 1224 5152 lilio
1237 5099 1366 5161 claruere,
1379 5107 1408 5150 ut
1417 5113 1464 5152 sun
1474 5097 1532 5150 loco
1544 5094 1641 5149 dicturi
1655 5108 1757 5148 snmus.

134 5166 283 5230 culturam,
303 5169 752 5236 tantummodo'supersubstantiali
770 5169 922 5225 etririlieaa
972 5167 1106 5237 simulque
1127 5169 1172 5222 alii
1195 5169 1241 5236 qui
1266 5168 1292 5222 iii
1315 5166 1458 5221 Parisicnsi
1484 5163 1670 5221 cani-anticulo
1694 5171 1759 5215 tuae

135 5235 260 5291 Trinitati
278 5238 482 5306 conseri·o;qui
503 5254 566 5293 iero
587 5238 664 5293 aliter
684 5239 809 5302 sentiunt,
824 5240 924 5310 quique
972 5238 1065 5292 eadem
1089 5253 1121 5291 ex
1146 5253 1226 5291 cansa
1247 5237 1369 5300 collecto,
1395 5238 1421 5291 iii
1443 5237 1565 5290 eumdem
1585 5247 1703 5289 errorem
1725 5230 1760 5284 ab

134 5305 266 5376 gloriosos
284 5314 392 5360 sanctos
405 5323 458 5361 non
471 5310 628 5378 approbant,
644 5309 803 5364 acatholica
820 5318 846 5364 et
858 5326 923 5379 apo-
972 5307 1065 5361 iisrleni
1079 5307 1195 5362 traducti
1206 5317 1284 5371 sunt,
1302 5318 1331 5361 ut
1347 5308 1486 5376 septimam
1499 5303 1627 5375 synodum
1639 5302 1760 5357 dicerent

133 5376 228 5431 stolica
248 5376 368 5431 Ecclesia
390 5392 500 5446 separo,
516 5387 543 5434 et
565 5378 728 5432 anathemati
748 5378 878 5447 subjicio,
896 5387 923 5435 et
972 5377 1095 5431 docuisse
1117 5377 1169 5432 coli
1192 5378 1288 5432 debere
1310 5386 1339 5431 ut
1355 5379 1437 5431 licum
1457 5375 1587 5445 imagines
1602 5387 1609 5426 :
1623 5387 1702 5440 tyriam
1724 5372 1759 5422 ob

134 5444 168 5499 ad
192 5460 239 5501 ens
262 5446 350 5517 relego
371 5449 417 5516 qui
440 5449 604 5503 incarnatam
637 5448 735 5503 Christi
762 5449 810 5503 Dei
837 5451 922 5504 nostri
972 5461 1080 5500 causim
1100 5455 1127 5501 et
1144 5463 1239 5516 magna
1253 5448 1404 5502 temeritate
1422 5454 1502 5514 atque
1523 5444 1657 5513 proteriia
1676 5440 1759 5509 aliqui

134 5517 311 5572 oecnuniuiam
337 5519 509 5586 pertinaciter
538 5528 671 5589 neganti
693 5518 837 5587 llucusque
859 5535 923 5575 seii·
971 5531 1004 5570 cx
1019 5515 1164 5571 illisetiam
1181 5517 1370 5571 inveherentur·
1384 5517 1410 5570 iii
1425 5515 1573 5569 lloiiiaiium
1588 5511 1758 5582 pontillceni,

135 5587 219 5641 tentia
241 5585 409 5642 Constantini
431 5587 595 5644 Constantine
615 5589 750 5658 episcopi,
775 5590 943 5651 secundum¹
971 5585 1016 5657 qni
1040 5585 1158 5654 ejusdem
1182 5587 1276 5660 synodi
1302 5585 1432 5655 ejusiiindi
1460 5586 1597 5641 decretuiii
1627 5587 1760 5638 assereret

135 5658 311 5721 assertionem
328 5658 499 5714 recitataruiii
517 5661 641 5731 siqiciius
657 5659 807 5715 litterarum
827 5658 921 5716 Orien·
971 5667 1051 5727 atque
1065 5659 1200 5728 probaret.
