3780 6120
118 328 175 386 'lii
194 327 271 384 etih.
294 323 397 380 nivi..-
414 318 563 383 ullONUll„
582 314 668 383 illc,
683 310 748 372 SEU
768 314 844 371 ceu.
865 309 1302 370 c.-inot.is'us.-srr.-u1¹r.
1318 299 1522 364 lithott‘ttt't.
1538 273 1643 360 -ssLlB,
1659 303 1678 360 l.
1700 297 1753 360 tit

117 445 296 512 meditatione
317 452 481 509 proponens,
504 445 532 488 et
551 435 648 487 hunam
674 432 750 485 nobis
774 429 910 483 vicissim·
927 435 950 491 ,t
964 429 1065 483 veritas
1078 411 1174 495 quavis
1192 427 1301 480 testium
1323 423 1488 493 depositione
1509 420 1664 485 solemnior,
1684 415 1756 491 quod

121 517 212 571 dinem
230 512 391 581 rependens,
405 507 461 559 sive
472 521 522 558 nos
548 504 616 556 llinis
632 503 663 555 tle
679 502 769 554 labore
782 498 862 567 liujus
874 499 913 551 iii-

120 582 262 640 tirmitatis
274 579 380 647 eripiat,
404 578 460 629 sive
485 575 518 628 de
538 572 676 642 ergastulo
698 570 845 648 corporalis
863 569 916 621 ira-

143 653 237 709 ilitatis
259 650 365 708 educat,
399 645 546 699 Ecclesiam
570 641 628 710 ejus
655 655 760 708 semper
781 638 876 705 diligas
889 644 916 717 ct

123 672 242 778 {otiores
262 732 295 783 ⁶,
316 718 395 786 cique
407 716 476 767 sicut
488 713 613 782 princeps
635 711 775 780 piissimus
793 718 821 761 et
839 708 917 761 Chri·

124 790 306 848 stianissimus
327 786 474 854 imperator
497 797 591 851 pacem
616 780 738 860 conicere
753 783 917 857 satagasct

125 863 253 932 quietem,
272 855 372 910 utsive
402 855 526 912 sivimus,
559 852 614 904 sive
648 864 788 909 morimur,
810 864 837 900 iii
859 860 918 925 qus

121 930 278 1002 praesentia,
302 927 334 979 de
362 925 414 978 tuis
446 925 523 977 bouis
545 921 672 989 operibus
696 919 852 987 gloriemur,
875 931 917 995 cui

123 1002 208 1058 etiam
223 1000 250 1052 iii
271 996 397 1067 presenti
414 995 468 1048 sita
487 1007 536 1060 pro
549 991 639 1044 dehito
665 997 764 1042 iiostnc
779 987 918 1039 servitutis

125 1071 289 1129 resistimus,
310 1073 337 1118 et
358 1065 392 1117 ad
409 1078 489 1132 quem
502 1062 535 1114 de
550 1075 597 1113 sua
619 1055 803 1113 misericordia
819 1071 920 1124 praesn-

126 1149 241 1201 iiieutes,
260 1136 282 1190 si
296 1149 345 1188 nos
359 1148 473 1189 evocare
489 1130 614 1194 voluerit,
635 1145 697 1183 cum
711 1127 808 1181 tidiicia
824 1139 919 1193 procc-

126 1212 233 1264 demus.
256 1207 340 1259 itatm.

358 1293 439 1366 359
457 1290 623 1347 epistota
642 1290 698 1344 xl..

127 1412 228 1469 Scribit
253 1406 359 1461 cuidam
383 1405 411 1457 io
437 1403 557 1471 Romana
583 1403 667 1463 carin,
683 1411 706 1453 et
729 1415 756 1452 ec
779 1416 795 1451 o
815 1398 922 1451 eiiiiotro

395 1472 544 1542 empiricos
559 1481 663 1540 perpet.

283 1569 344 1639 (Aa.
362 1565 438 1619 Doni.
455 1563 531 1624 tait,
550 1564 609 1615 rod.
630 1562 698 1615 llud.
713 1561 770 1632 xi..)

133 1663 332 1718 transmit-i.
350 1685 385 1694 —
404 1653 562 1723 liudolphus
578 1652 709 1706 liausame
722 1666 829 1721 semper
850 1652 925 1705 hilii·

166 1741 209 1785 tus
228 1727 377 1783 liberaliter
390 1739 404 1777 a
417 1725 548 1791 magiam
560 1721 696 1776 bernardo
712 1721 749 1789 (ui
765 1721 853 1784 liillur,
868 1727 925 1773 tho-

166 1800 289 1856 saurario
312 1803 412 1851 sauctae
433 1796 526 1861 scitis),
546 1796 578 1846 ιιι
595 1791 653 1859 ejus
674 1792 771 1845 leontis
792 1790 962 1848 iiulieciilalt

166 1869 249 1924 semel
262 1868 426 1935 deprehensa
439 1863 568 1917 sollicitus
578 1861 700 1931 delegato
711 1862 769 1914 viro
785 1861 921 1930 religioso,

166 1939 318 2004 additisque
335 1932 537 1988 officiosissimis
559 1933 665 1992 litteris,
691 1948 721 1985 se
742 1939 862 1993 excusat,
889 1946 922 1984 ric

167 2009 333 2078 cogitatione
344 2005 452 2073 quidem
466 2017 528 2056 euni
542 2001 641 2056 lesisse
652 2003 704 2055 sihi
718 2001 853 2054 conscius.

168 2118 338 2188 liudolphus,
361 2125 413 2170 etc.
437 2114 593 2168 lloiioraliili
608 2122 635 2168 ct
647 2114 772 2183 prudenti
790 2113 850 2168 viro
869 2129 925 2168 nm-

136 2194 221 2261 gistro
233 2188 373 2244 Beriiardo
385 2185 408 2236 t·
426 2184 533 2238 blandae
548 2183 627 2239 facici
647 2193 742 2237 vestrae
760 2199 854 2237 serena
869 2183 926 2249 pla-

139 2263 236 2318 ciditas
268 2257 411 2327 mysticum
447 2253 536 2308 cordis
570 2264 765 2321 representans
797 2254 926 2307 iudiciuin

136 2330 302 2413 agendorum
324 2324 455 2407 regalium
474 2324 604 2378 hactenus
618 2342 671 2378 nou
686 2324 789 2393 ignara,
805 2339 858 2376 non
878 2339 926 2392 pa-

141 2403 198 2455 mla
214 2404 396 2470 procuratrix,
411 2404 438 2447 ct
459 2393 539 2447 lotrix
553 2394 592 2447 sic
606 2410 669 2463 erga
688 2409 737 2448 iios
757 2393 928 2447 iristiiirtitiiis

140 2471 268 2527 virtuosis
297 2466 422 2526 incaluit,
448 2464 487 2518 sic
519 2464 603 2517 valuit
632 2464 833 2533 praepollenter,
857 2464 928 2529 qiioil

137 2552 215 2610 patre
237 2545 333 2593 nostro
354 2533 525 2589 sanctissimo
543 2549 612 2602 papa
634 2535 773 2587 doriiiiioc
799 2534 928 2586 duntaxat

140 2618 263 2680 excepte,
289 2622 341 2661 non
360 2604 495 2659 immerito
520 2603 702 2673 principaliter
724 2603 800 2657 rubis
817 2603 930 2656 asciibi·

142 2699 199 2736 iiius
209 2677 341 2749 quidquid
357 2674 476 2738 honoris,
495 2682 522 2728 ct
540 2672 631 2742 gloriae
649 2681 748 2727 nostrae
761 2672 929 2726 sublimatio-

140 2754 180 2804 uis
192 2746 347 2820 progressui
360 2745 471 2798 dextera
483 2742 637 2811 apostolice
648 2742 842 2797 consolationis
857 2740 930 2807 adje-

140 2822 184 2874 cit.
200 2817 285 2875 ilobis
300 2816 372 2869 enim
390 2813 565 2867 iiilentissimc
598 2813 706 2868 umlihct
721 2814 819 2866 mentis
832 2821 930 2864 iiostiae

142 2889 272 2944 interiora
288 2884 448 2946 deteximus,
467 2883 544 2936 robis
567 2829 656 2954 [abrs.
682 2880 792 2964 vestris]
810 2881 931 2961 humeris

140 2959 246 3027 pondus
263 2970 336 3010 curm
352 2955 444 3016 totius,
462 2961 490 3006 et
513 2953 701 3008 sollicitudinis
724 2968 857 3007 sarcinam
881 2966 932 3004 mi-

141 3031 300 3098 primentes,
315 3040 349 3079 ex
364 3038 417 3092 quo
431 3023 523 3091 utiquc
533 3024 664 3090 processit
676 3031 815 3091 peroptata
828 3021 933 3075 utilitas

141 3107 167 3152 ct
179 3104 326 3168 provectus
337 3093 437 3163 prodiit
449 3099 598 3160 exoptatus.
612 3093 712 3147 lleruui
725 3094 757 3146 dc
771 3109 850 3154 noso,
861 3091 932 3161 quod

965 513 1013 568 per
1026 514 1074 551 nos
1086 497 1152 550 iiiliil
1167 511 1284 565 unquam
1299 495 1380 548 verbo
1395 493 1436 547 vel
1450 508 1531 561 opere
1552 491 1655 546 exstitit
1670 500 1757 548 nitati·

967 579 1069 633 tatum,
1093 582 1139 620 scu
1159 566 1240 620 ctiam
1269 564 1431 635 cogitatione
1457 570 1667 632 pnesirmptum,
1685 565 1757 631 quod

968 638 1042 692 vobis
1061 636 1184 690 debuerit
1205 634 1380 703 displicentiae
1402 633 1525 702 spiritum
1540 632 1687 702 peperisse,
1704 634 1758 687 imo

967 722 1073 775 semper
1091 708 1118 759 in
1137 705 1206 759 votis
1220 705 1376 768 habuimus,
1397 715 1423 757 ct
1436 702 1522 756 adhuc
1542 703 1567 754 iu
1582 701 1673 754 animo
1686 703 1757 772 ge'ri-

967 793 1027 832 mus
1043 778 1211 831 iuccssaiiter
1223 775 1308 831 voltis.
1329 781 1356 826 et
1382 772 1565 832 resinarum
1587 771 1621 823 ad
1638 772 1689 825 hoe
1711 787 1759 842 op·

967 847 1077 916 portuui
1102 845 1230 914 temporis
1254 841 1375 914 aptitudo
1401 858 1430 896 sc
1459 841 1565 904 ollcrct,
1587 841 1713 911 gratiosis
1731 850 1760 897 et
1778 851 1799 866 ”’

968 917 1064 985 amplis
1079 917 1172 969 adesse
1190 913 1336 976 favoribus,
1350 920 1376 966 et
1389 912 1573 966 beneticentiae
1587 919 1684 968 nostra
1696 929 1761 1036 plm-

969 987 1121 1041 lusionibus
1142 983 1313 1038 allluentibus
1338 982 1518 1037 abundantius
1541 982 1671 1050 aspirare.
1721 998 1761 1038 ἰι

970 1065 1060 1110 autem
1084 1054 1274 1126 (qualicunque
1299 1051 1427 1106 luniletui·
1449 1052 1526 1105 initio
1549 1059 1638 1105 motus
1656 1052 1761 1121 noster)

971 1126 1083 1180 arbitrio
1099 1134 1188 1179 restro
1203 1138 1297 1177 secure
1311 1120 1477 1189 subjicimus,
1488 1120 1565 1188 juxta
1583 1121 1654 1189 quod
1666 1130 1762 1176 vestrae

991 1195 1081 1248 voride
1094 1193 1329 1263 circumspectioni
1348 1191 1466 1253 libuerit,
1482 1190 1564 1244 libere
1577 1191 1723 1247 decidenda
1736 1191 1761 1242 ι.

970 1211 1042 1319 Yliue
1056 1274 1098 1318 cst
1112 1260 1183 1331 quod
1196 1272 1313 1316 vestram
1330 1270 1432 1314 atterite
1452 1261 1621 1329 deposcimus
1633 1262 1763 1316 honesta*

974 1344 1036 1397 tem,
1064 1343 1197 1402 quatenus
1216 1331 1418 1386 exornationem
1441 1337 1561 1383 nostram
1581 1330 1669 1386 velitis
1686 1346 1764 1385 man·

973 1414 1050 1458 sueto
1066 1403 1155 1456 animo
1170 1403 1318 1470 suscipere,
1333 1415 1393 1453 aea
1409 1401 1508 1453 meotis
1529 1408 1625 1454 vestre
1644 1399 1765 1455 sacrario

974 1473 1104 1543 quidquid
1128 1470 1233 1526 nebulae
1255 1471 1299 1525 vel
1320 1469 1443 1522 rancoris
1469 1469 1585 1523 sinistre
1606 1471 1766 1541 suspicionis

975 1543 1117 1612 impressio
1139 1548 1277 1605 suaserat,
1302 1555 1382 1607 scopa
1403 1547 1482 1593 recta*
1508 1540 1642 1609 opinionis
1663 1541 1768 1595 abster·

975 1628 1047 1682 gere,
1068 1611 1179 1680 bospite
1198 1611 1322 1665 veritatis
1342 1609 1529 1663 charitativius
1550 1609 1715 1666 introducto.
1734 1610 1768 1663 Et

976 1699 1040 1737 ecee
1053 1684 1124 1752 quod
1140 1680 1325 1735 honorabilem
1341 1686 1368 1733 et
1382 1678 1538 1748 religiosum
1555 1679 1642 1734 virum
1656 1689 1769 1749 propter

978 1754 1028 1807 hoc
1051 1750 1203 1821 specialiter
1223 1750 1349 1805 duximus
1367 1749 1402 1803 ad
1425 1764 1472 1803 ros
1490 1749 1678 1803 dostiimnduiir
1695 1763 1706 1789 θ
1726 1759 1768 1804 at-

976 1832 1049 1876 teiite
1059 1832 1182 1891 petentes
1194 1828 1223 1874 ut
1236 1821 1271 1885 ei,
1285 1821 1356 1873 veliit
1368 1819 1528 1873 innocentiae
1541 1829 1639 1872 nostre
1649 1819 1768 1875 veridico

975 1893 1125 2015 prolatoDri,
1141 1908 1221 1961 siipci·
1234 1882 1276 1945 liis
1290 1892 1369 1944 liilem
1385 1905 1438 1942 ιιοιι
1453 1890 1561 1943 dubiam
1576 1890 1704 1945 :itlliibcio
1718 1905 1767 1946 eii·

975 1964 1051 2016 retis.
1093 1971 1152 2014 atiu.

1192 2054 1270 2123 331
1293 2051 1459 2106 tlt‘tstoth
1479 2053 1547 2108 xlii.

1083 2163 1241 2235 liespoiisi'eo
1259 2160 1293 2215 od
1308 2164 1493 2232 procedentem
1513 2164 1659 2233 epistolant.

1123 2255 1185 2326 (do.
1201 2254 1279 2306 Doro.
1298 2253 1376 2317 tait,
1391 2255 1449 2308 cod.
1469 2254 1537 2307 ituit.
1555 2256 1622 2325 iiii.)

978 2347 1176 2401 Αιιιιιιειτιιιι.
1192 2375 1226 2383 -
1240 2344 1393 2400 ιιιιιιιιιιιιι
1417 2355 1510 2400 euntia
1527 2346 1569 2399 :si
1589 2345 1659 2400 sorte
1681 2348 1770 2417 suspi

1014 2418 1084 2471 cioiii
1098 2416 1266 2470 occasionem
1279 2416 1441 2483 praebuerat,
1454 2417 1525 2484 quod
1539 2432 1599 2470 eum
1614 2416 1670 2486 ipse
1682 2432 1732 2500 per
1742 2432 1771 2474 stt

1014 2503 1067 2542 iion
1083 2487 1241 2539 visitaverat
1258 2485 1398 2550 laiusaiiic,
1412 2486 1583 2540 multitudine
1601 2499 1771 2556 negotiorum

1015 2558 1089 2627 regio
1103 2557 1241 2610 comitatui
1255 2566 1307 2608 iioti
1321 2556 1422 2624 igimta,
1437 2572 1489 2626 qua
1502 2557 1543 2608 ..iu
1558 2566 1618 2623 post
1632 2559 1773 2628 utriusque

1015 2628 1098 2681 curiae
1112 2640 1248 2680 recessum
1263 2625 1300 2678 ihi
1321 2640 1458 2679 reumueic
1472 2626 1573 2690 debuit,
1588 2625 1671 2682 luisse
1687 2629 1772 2700 impe·

1016 2699 1112 2751 ditum.
1129 2696 1156 2749 lii
1176 2697 1286 2762 reliquis
1304 2709 1334 2747 sc
1349 2697 1437 2765 potius
1455 2695 1560 2751 laudem
1577 2711 1658 2765 quam
1676 2700 1709 2754 de
1723 2712 1773 2755 suo

1018 2767 1125 2836 iugenio
1150 2767 1330 2835 suspicionem
1356 2768 1470 2829 iuercri;
1497 2782 1540 2828 se,
1566 2768 1771 2836 obloquentium

1017 2837 1150 2905 ingratiis,
1171 2836 1368 2890 immutabilem
1382 2851 1441 2890 esse
1456 2846 1482 2890 ct
1503 2838 1569 2890 iore.
1590 2837 1774 2907 beponttttets

1018 2918 1105 2961 morte
1119 2907 1185 2960 nihil
1198 2922 1226 2961 se
1240 2908 1347 2970 addere,
1361 2908 1525 2962 sircccssoiis
1537 2907 1695 2964 electionem
1708 2925 1774 2963 min·

1019 2978 1161 3031 tiaturuiu.

1020 3092 1047 3146 lii
1069 3092 1175 3155 litteris,
1192 3106 1259 3161 quas
1272 3091 1337 3146 milii
1354 3091 1498 3146 novissime
1513 3100 1601 3146 restra
1616 3092 1774 3148 excellentia

143 3169 217 3238 gravi
231 3166 314 3222 corde
333 3161 485 3225 referimus,
510 3162 596 3216 risum
618 3171 659 3216 cst
679 3163 757 3217 nuliis
768 3161 932 3304 &busdam
946 3149 970 3216 C
985 3163 1139 3227 destinarit,
1154 3161 1289 3230 qiieielam
1302 3162 1335 3215 ilc
1350 3162 1400 3215 mci
1416 3178 1478 3231 erga
1494 3179 1540 3216 vos
1556 3165 1704 3219 mutatione
1721 3165 1775 3218 lora

143 3236 309 3292 notabilibus
321 3230 494 3299 conjecturis,
516 3233 587 3300 quod
600 3247 663 3301 crea
678 3233 766 3302 iios3
838 3232 934 3287 verisi-

145 3308 244 3362 militer
256 3307 398 3358 immutata
413 3304 447 3354 sit
464 3302 507 3354 illa
524 3302 663 3356 laiidaliihs
683 3303 772 3357 vultus
795 3303 875 3357 vestii
895 3316 936 3356 sc-

146 3376 256 3438 renitas,
282 3381 310 3426 et
337 3384 497 3439 exasperata
518 3371 552 3424 sit
580 3372 676 3425 leuitas
703 3381 800 3427 vestrm
827 3366 935 3432 mentia,

145 3460 226 3516 super
240 3460 295 3515 quo
310 3443 407 3496 merito
424 3443 568 3495 vehemens
580 3442 764 3497 admirationis
776 3442 885 3496 aculeus
896 3443 936 3494 iu-

144 3518 210 3571 tima
227 3513 357 3584 perculit,
376 3527 408 3566 eii
426 3511 580 3579 inopinabili
598 3511 676 3579 liujus
691 3513 729 3565 rei
745 3513 863 3566 novitate
878 3526 938 3579 per-

146 3587 235 3654 plexa.
263 3582 351 3638 Testis
370 3583 441 3635 enim
467 3592 509 3636 est
533 3582 743 3635 incontaminata
766 3581 938 3637 conscientiae

183 3752 195 3782 ¹
217 3738 334 3794 Perinde
345 3739 397 3791 ista
408 3747 503 3793 sancto
514 3738 633 3809 pontifici
648 3739 811 3793 conveniunt
823 3753 829 3789 ε
844 3752 938 3806 quam·

145 3812 241 3865 obrem
257 3809 399 3876 epistolam
424 3822 509 3877 neque
530 3809 639 3863 omniuo
653 3807 835 3875 rejiciendam,
852 3822 939 3874 neque

149 3881 261 3934 omniuo
275 3878 467 3932 admittendam
480 3894 540 3933 csse
564 3879 691 3932 tribilion
712 3877 780 3929 Cum
793 3891 891 3930 seuero
905 3879 938 3928 ad

148 3949 210 4002 libri
224 3948 297 4002 tertii
313 3962 354 4016 ep.
367 3947 411 4011 tt,
426 3948 541 4001 certiora
555 3948 746 4016 suppositionis
758 3946 854 3999 iudicia
865 3957 940 4015 pate·

151 4018 259 4072 iaciam.
275 4015 304 4071 ld
319 4019 469 4085 presertim
487 4018 536 4071 tiiit
556 4019 582 4072 iii
599 4032 690 4080 causa,
705 4033 753 4070 cui·
773 4016 872 4069 codicis
883 4016 941 4069 (he-

149 4087 220 4142 sarci
241 4103 256 4142 e
276 4087 370 4140 istolas
396 4086 493 4140 relatas
519 4089 553 4140 ab
571 4086 706 4150 llnnsiaio,
727 4094 753 4139 ct
772 4087 806 4138 ah
832 4097 941 4140 :tristare

151 4157 178 4210 tt
198 4165 218 4209 t.
272 4168 340 4209 usti.
369 4167 494 4210 accurate
525 4157 696 4216 contulerim,
722 4171 756 4210 ne
778 4155 939 4218 collectoris,

151 4228 305 4295 quicunque
323 4223 414 4288 luerit,
431 4227 542 4279 audacia
557 4228 584 4280 in
598 4227 755 4295 appone-mlo
767 4225 868 4290 titulos,
886 4226 942 4293 cpi·

151 4297 288 4363 stolasque
308 4295 379 4363 ipsas
395 4305 495 4350 temere
515 4297 698 4357 adulter-audo,
713 4296 745 4350 dc
771 4297 822 4349 lidc
840 4297 942 4350 codicis

152 4367 215 4436 quid
236 4381 297 4418 uani
310 4367 459 4420 detraxisse
476 4365 503 4418 iii
518 4366 628 4434 reliquis
640 4367 804 4420 crederetur.

186 4381 311 4501 bitume
332 4434 404 4488 huuc
429 4437 625 4490 thesaurarium
641 4436 801 4496 existimem,
825 4434 940 4490 officium

985 3242 1085 3287 matam
1099 3232 1348 3294 oculusahliorruit,
1358 3241 1384 3285 ct
1398 3235 1504 3287 :ininius
1518 3250 1569 3288 uun
1586 3236 1687 3304 absque
1700 3236 1776 3304 graii

986 3310 1095 3372 stupore
1108 3304 1219 3356 miratus
1233 3303 1360 3355 discussit
1373 3304 1510 3364 attentius,
1531 3304 1687 3374 diligentius
1700 3320 1775 3359 seru⁴

987 3374 1104 3436 tabatur,
1133 3373 1197 3441 quid
1215 3372 1330 3440 querela
1345 3371 1423 3440 hiq'us
1441 3374 1527 3440 patuit
1547 3371 1664 3428 hirmare
1676 3376 1778 3443 priuci⁴

987 3443 1069 3509 pium,
1092 3443 1156 3512 qiiiil
1177 3443 1344 3504 imitationis,
1370 3458 1449 3511 quam
1465 3445 1564 3498 veritas
1586 3445 1706 3513 proiecto
1724 3462 1776 3499 nou

988 3513 1063 3564 novit
1080 3513 1239 3565 liioiiliiiatse
1257 3512 1346 3564 lorsaii
1366 3511 1488 3567 fantasia
1503 3513 1633 3583 cujusque
1651 3517 1691 3569 i'cl
1710 3515 1776 3568 laria

989 3582 1087 3635 iudicia
1103 3581 1238 3650 praestitit,
1254 3583 1318 3649 quid
1331 3583 1544 3652 qualescunque
1559 3585 1674 3653 prebuit
1690 3586 1780 3654 couje·

991 3731 1109 3786 lionam.
1133 3741 1198 3786 tom.
1215 3734 1245 3794 ι’,
1268 3749 1326 3802 cap.
1344 3734 1482 3803 setinum
1498 3736 1608 3801 Gallice,
1629 3755 1663 3792 air
1685 3739 1780 3796 Latine

991 3806 1089 3870 ecrqita
1110 3803 1200 3863 luerit,
1225 3804 1260 3854 nil
1285 3815 1422 3857 inuratur:
1445 3805 1541 3866 illaec,
1564 3808 1661 3875 iuquit,
1679 3824 1712 3861 cx
1736 3811 1777 3863 hi·

991 3878 1072 3926 stoiia
1092 3874 1220 3926 ilariiiatm
1242 3883 1346 3939 sumpta
1369 3883 1440 3926 sunt.
1462 3874 1514 3928 Sed
1528 3878 1561 3929 de
1575 3878 1693 3931 discesu
1710 3880 1781 3949 regis

990 3941 1116 4004 loannis,
1146 3951 1174 3995 et
1197 3943 1313 4009 qualiter
1330 3943 1474 3997 tlliristiaiii
1496 3945 1647 4001 [tamisiam
1670 3949 1782 4004 soliano

992 4012 1175 4074 reddiderunt,
1193 4021 1220 4065 et
1242 4012 1451 4082 nonnullaque
1473 4024 1563 4069 secuta
1584 4027 1647 4071 suut
1663 4027 1781 4085 postmo-

991 4083 1065 4146 dum,
1084 4082 1123 4136 sic
1136 4082 1232 4136 scribit
1253 4083 1405 4137 Beriiardus
1421 4085 1614 4140 thesaurarius.
1635 4108 1644 4139 ι
1668 4088 1700 4141 lit
1723 4104 1783 4141 rur·

992 4168 1038 4206 sus
1060 4151 1187 4222 (capitulo
1208 4152 1292 4220 ibit:
1313 4171 1321 4202 i
1339 4152 1401 4207 lliee
1419 4155 1452 4208 de
1475 4155 1559 4223 gestis
1582 4158 1654 4226 regis
1671 4156 1783 4213 loannis

993 4232 1098 4292 sumpta
1119 4232 1181 4276 suut
1192 4238 1224 4276 ex
1237 4223 1349 4278 historia
1364 4224 1491 4278 lleriiardi
1504 4228 1675 4282 thesaurarii.
1690 4228 1782 4294 Qualis

993 4303 1082 4347 autem
1099 4292 1179 4345 luerit
1196 4293 1285 4347 esitus
1303 4309 1353 4347 non
1367 4293 1474 4349 iuveni:
1495 4296 1535 4350 iel
1548 4298 1620 4366 quod
1640 4299 1779 4352 historiam

993 4379 1047 4417 ιιοιι
1069 4363 1252 4431 compleverit,
1273 4363 1313 4416 ιιι
1335 4364 1405 4430 quud
1425 4365 1508 4419 colei
1529 4368 1600 4421 mide
1614 4369 1714 4438 sumpsi
1730 4368 1782 4424 luit

995 4432 1193 4500 imperfectus.»
1209 4431 1344 4500 Quidquid
1356 4442 1445 4488 autem
1457 4436 1491 4489 sit
1504 4435 1536 4489 de
1547 4437 1640 4492 Latina
1657 4439 1781 4506 historia,

152 4519 184 4559 cx
195 4504 296 4559 litteris
310 4512 405 4572 patens
417 4513 459 4559 est
471 4505 498 4559 iu
515 4522 607 4560 causa.
623 4505 673 4558 Aut
692 4505 763 4558 enim
779 4493 980 4559 vicecancell)
995 4502 1141 4558 similitudo
1159 4504 1285 4565 nominis,
1304 4511 1379 4568 retiis,
1397 4513 1425 4559 et
1446 4504 1562 4560 officium
1584 4508 1650 4562 milii
1669 4523 1783 4577 persua-

154 4573 247 4638 l.irius,
262 4582 309 4626 aut
322 4577 495 4637 camerarius,
515 4584 561 4629 aut
584 4575 767 4629 thesaurarius
788 4574 834 4627 tali
855 4574 943 4628 oliicio

154 4643 198 4698 iim
220 4644 228 4696 i
248 4651 385 4712 poteraut.
409 4644 556 4700 vicecaace
567 4645 663 4698 larium
681 4661 733 4698 uon
747 4644 830 4698 luisse
844 4652 944 4697 testan-

155 4660 358 4767 nitriensihus
371 4713 414 4783 (ite
425 4713 498 4768 Eccl.
511 4714 598 4768 later.
614 4714 632 4766 l.
646 4730 686 4783 iii,
702 4731 726 4766 c.
746 4714 789 4784 tt)
805 4725 832 4768 et
844 4713 943 4768 Gobol*

155 4782 204 4837 lius
219 4781 286 4852 (scot.
299 4781 379 4834 Cord.
395 4799 419 4835 c.
437 4783 480 4846 38,
497 4799 523 4852 p.
538 4782 612 4854 atti),
627 4799 689 4836 iiam
701 4799 785 4852 usquc
797 4785 831 4837 ad
844 4798 944 4837 annum

158 4853 224 4906 itit
236 4851 362 4920 magister
371 4852 488 4906 tonitam
501 4853 671 4906 uriieorriiis
687 4852 864 4916 l’lncentimis,
884 4853 947 4905 iude

155 4924 304 4975 alannum
320 4919 387 4973 tati
408 4923 534 4990 magister
557 4922 722 4993 Lonhoncas
743 4921 945 4975 urcliicliocomis

155 4989 335 5060 ltrrpoiiiciisis
355 5005 387 5043 eo
411 5006 524 5044 munere
545 4992 630 5046 iuncti
648 5002 720 5046 sunt.
737 4992 774 5045 [ιι
796 4992 947 5045 camerario

155 5071 244 5114 autem
268 5073 302 5113 ue
326 5075 359 5114 co
377 5061 496 5117 itanduin
521 5061 638 5131 quidem,
662 5061 790 5132 preclaro
814 5061 947 5130 siquidem

156 5132 207 5184 isto
227 5142 339 5184 munere
361 5076 394 5184 ἓ.
423 5130 455 5184 ll.
482 5131 513 5185 Ε.
540 5131 689 5187 cardinales
704 5131 893 5202 iungebantur.
909 5132 946 5184 Ea

155 5206 266 5268 propter
286 5198 484 5254 thesaurarium
505 5199 588 5256 luisse
602 5203 674 5255 hunc
689 5201 853 5255 licrimrdum
868 5216 947 5270 opii·-

156 5279 202 5324 tet.
217 5268 259 5324 ct.
278 5267 557 5341 llnratorius(Script.
572 5270 636 5324 ital.
651 5284 715 5325 tom.
731 5270 782 5334 llll,
795 5287 822 5341 p.
836 5270 899 5341 657)
914 5287 947 5326 et

157 5357 206 5394 ms.
225 5338 285 5393 coil.
302 5339 471 5394 bibliothecae
486 5339 606 5394 Estcnsis
626 5341 652 5394 iii
668 5341 755 5395 lucem
765 5340 883 5395 edidisse
897 5342 948 5395 sihi

157 5407 299 5532 persuadet
310 5409 438 5463 bernardi
446 5411 606 5464 thesaurarii
619 5411 715 5465 librum
728 5411 761 5463 ilc
771 5411 949 5479 acquisitione

178 5495 248 5532 erre
269 5486 380 5544 sancte,
396 5494 476 5547 quem
491 5481 529 5533 ait
543 5481 569 5533 iii
589 5480 747 5549 praelatione
761 5480 862 5536 Gallice
880 5482 949 5536 scri-

158 5559 231 5616 ptum
245 5548 338 5611 luisse,
352 5559 379 5603 et
389 5564 460 5604 anuo
475 5549 541 5604 itae
551 5550 646 5605 Latine
663 5550 763 5606 lactum
777 5566 791 5604 a
806 5550 852 5604 Fr.
866 5550 950 5606 Fran-

159 5618 230 5674 ciseo
241 5616 272 5672 Pi
293 5620 337 5672 ino
344 5617 505 5674 Bononiensi
517 5619 576 5675 ord.
584 5618 682 5686 rrae,
690 5622 737 5691 qui
749 5632 839 5676 tumen
852 5623 950 5677 desinit

161 5702 230 5742 anno
252 5688 262 5740 l
323 5729 327 5747 .
352 5689 460 5742 tametsi
479 5689 632 5744 Reiriardus
645 5692 680 5744 ad
692 5707 792 5746 annum
810 5693 952 5761 perveniat

162 5754 239 5810 itit.
250 5756 351 5811 Eadem
363 5757 475 5812 historia
487 5768 566 5814 utens
578 5759 732 5815 iidiimmlns
744 5761 862 5815 llarteiie
877 5755 948 5824 (l'ct.

346 5849 480 5911 Parnoi.
506 5850 646 5913 xct'ttt.

995 4581 1088 4626 serunt
1102 4582 1130 4626 iit
1150 4572 1298 4634 crederem,
1313 4573 1347 4625 ad
1363 4575 1433 4629 hunc
1451 4575 1616 4630 llcrimrdiiin
1634 4582 1710 4632 datas
1724 4592 1784 4636 esse

996 4645 1045 4697 has
1058 4642 1172 4724 litteras.
1196 4641 1273 4708 Quod
1287 4642 1462 4699 nihilomiuus
1482 4661 1530 4715 pro
1554 4663 1629 4701 cerm
1650 4651 1785 4705 athruiare

996 4729 1049 4766 nou
1065 4727 1163 4765 aiisiiii.

1032 4794 1042 4820 ι
1065 4782 1102 4835 lii
1120 4783 1246 4836 bernardi
1267 4797 1406 4851 responso,
1426 4785 1496 4853 quod
1512 4787 1561 4840 lias
1579 4787 1683 4842 litteras
1695 4791 1786 4858 sequi-

998 4862 1050 4910 tur,
1072 4861 1137 4906 artas
1161 4852 1316 4906 carumdem
1340 4853 1457 4917 elicitur,
1484 4856 1607 4911 iiilelicct
1630 4859 1679 4910 suli
1704 4858 1783 4912 tinem

997 4923 1099 4974 mensis
1122 4921 1287 4975 Decembris.
1307 4921 1374 4975 Nam
1395 4926 1521 4992 parititice
1543 4927 1596 4979 vita
1614 4927 1707 4981 iuncto
1726 4928 1788 4981 Ber-

998 4991 1099 5044 minius
1116 4991 1263 5059 rescripsit.
1278 4992 1364 5056 Quam
1379 4993 1459 5062 igitur
1473 4996 1552 5049 tidem
1566 5007 1685 5050 meretur
1700 5012 1789 5051 asser-

999 5061 1035 5113 tio
1049 5059 1092 5112 illa
1114 5063 1289 5130 praecedents
1308 5063 1428 5131 epistolae
1442 5064 1475 5119 de
1494 5065 1591 5120 litteris
1601 5067 1789 5121 consolatoriis

999 5130 1132 5197 liudolphi
1145 5132 1179 5184 aii
1195 5141 1370 5211 aegrotantem
1383 5136 1561 5203 pontillceml

1034 5200 1046 5237 (ι
1068 5200 1167 5268 Optimi
1187 5201 1317 5270 principis
1331 5203 1483 5271 ingenium!
1503 5205 1566 5261 Sola
1583 5207 1654 5260 enim
1671 5206 1789 5276 suspicio

999 5271 1143 5337 iugenuam
1157 5276 1359 5326 excusationem
1372 5289 1405 5328 eii
1424 5275 1484 5344 ejus
1502 5277 1581 5331 corde
1594 5278 1693 5330 clucit.
1709 5278 1788 5332 Latet

1000 5341 1174 5395 nihilominus
1187 5341 1239 5394 alia
1261 5358 1354 5406 causa,
1372 5359 1421 5398 cur
1435 5347 1648 5400 benevolentiam
1660 5346 1789 5402 llei‘nardi

1001 5424 1055 5467 tam
1070 5410 1189 5479 impense
1203 5411 1356 5466 inviolatam
1367 5415 1467 5483 capiat,
1483 5431 1564 5485 quati
1579 5420 1604 5469 iii
1616 5417 1791 5485 praecedeuti-

1001 5480 1162 5606 giifilitteiis
1174 5481 1288 5537 vidimus
1304 5482 1358 5555 (ep.
1372 5485 1419 5557 ιδ)
1435 5494 1463 5540 ιι
1475 5500 1535 5539 mox
1552 5490 1740 5543 contirmatars
1755 5488 1791 5543 ri·

1020 5569 1035 5606 ι
1055 5566 1135 5605 iuius.

1039 5633 1050 5661 ι
1071 5620 1157 5676 Officii
1171 5621 1287 5691 dignitas
1302 5632 1329 5679 et
1352 5623 1489 5695 hadotptit
1501 5617 1655 5682 sollicitudo
1672 5623 1735 5683 hinc
1753 5621 1794 5680 iit·

1002 5692 1138 5747 ciilentius
1148 5694 1275 5747 emicant.
1770 5701 1776 5708 ’

1519 5852 1557 5916 dl
