3780 6120
121 280 188 338 l'‘¹)

137 318 152 337 a)

561 272 592 332 ll.
606 274 731 332 ellidii
750 268 951 328 baesrode.
972 270 1062 326 erilis
1081 268 1112 326 ll.
1131 267 1254 327 suerio
1271 266 1304 325 ιΙ.

1689 269 1751 325 lili

118 391 329 449 eoiisoriaudaui
342 389 478 444 catholice
493 387 554 441 fidei
568 387 719 448 veritatem,
735 398 841 453 semper
852 385 904 437 boe
919 390 942 446 ll
956 383 1078 438 devincta
1093 391 1165 444 sunt,
1181 382 1246 436 illud
1259 383 1357 437 diaboli
1371 382 1454 436 telum
1468 383 1505 438 ab
1517 384 1618 439 eadem
1632 384 1753 442 saresta

119 461 277 516 uniuersalis
292 460 427 522 Ecclesia,
446 465 577 528 presente
590 458 624 511 oli
639 454 720 525 hujus
733 454 904 508 sanctitatem

118 534 189 587 sedis
205 531 340 601 pontifice,
357 540 402 584 aut
416 537 489 584 certe
505 543 565 580 curu
585 541 717 580 crioseusu
731 523 802 577 illius
816 524 905 577 rerbis

120 602 160 657 rel
176 602 273 656 litteris
286 610 409 669 poriacm
420 599 566 665 corrigere,
580 604 785 664 porrectumque
796 593 830 646 ad
844 608 906 647 eon-

118 673 280 729 seri‘arilum
294 678 411 724 statuere
423 667 570 724 consumit.

154 741 241 795 Simili
255 739 334 794 mado
346 741 426 793 etiam
438 746 464 792 et
477 738 503 791 in
515 737 567 796 liis,
578 750 638 804 qua
649 734 682 787 ad
693 733 905 813 conservandum

120 814 147 866 iii
166 811 289 865 lururanis
307 810 411 865 actibus
426 805 545 874 ejusdcm
566 805 692 859 Ecclesia
712 805 906 858 incontamina-

118 882 200 935 bilem
216 888 332 944 statmo,
354 879 523 939 moderante,
547 892 599 929 uon
615 873 734 943 qualibet
753 873 845 927 dolosa
864 872 906 926 iel

119 951 281 1019 soplristica,
295 966 345 1003 uec
358 964 410 1003 nou
425 947 524 1016 duplici
539 944 701 1006 calliditate,
725 943 772 997 sed
792 942 907 996 ueritate

120 1021 250 1081 subnixa,
272 1019 386 1087 simplici
399 1019 518 1077 ratione,
534 1015 645 1083 ipsaque
660 1013 836 1075 discretione,
858 1013 907 1066 lio·

120 1098 233 1151 aestate,
245 1089 369 1151 utilitate,
380 1087 482 1157 pariter
492 1085 623 1139 inradiata
633 1083 745 1148 ratione,
758 1099 810 1136 uon
820 1083 906 1135 solam

120 1160 200 1212 rioria
214 1158 254 1212 ιιι
268 1160 378 1219 iiocira,
395 1173 486 1211 rcruui
501 1169 607 1224 quoque
621 1161 647 1207 ct
662 1153 717 1221 ipsa
730 1152 865 1221 superllua
879 1160 907 1206 et

119 1245 173 1282 nou
189 1229 340 1282 neccssaria
363 1241 485 1281 resecare
503 1225 657 1285 consuerit,
677 1232 703 1275 et
724 1237 772 1285 ea,
792 1232 822 1276 ut
837 1237 907 1290 prte-

120 1299 220 1352 dictum
230 1307 281 1359 est,
290 1313 350 1367 quae
359 1297 392 1349 ad
404 1296 515 1350 salutem
528 1295 609 1347 totius
622 1292 905 1415 llrtclcsircpcrtinere,

120 1377 146 1421 et
167 1370 277 1435 iiisripcr
295 1367 390 1420 merito
410 1380 504 1419 carere
518 1380 570 1417 uon
586 1363 732 1424 «inliciant,
769 1361 907 1417 issereiido

120 1444 147 1490 et
160 1437 309 1492 ordiuaudo
321 1438 427 1490 sancire
441 1435 519 1489 solita
533 1431 591 1486 luit.
608 1433 642 1485 Et
656 1433 706 1485 lioe
721 1447 773 1484 non
789 1439 908 1485 tautum-

122 1506 200 1559 modo
214 1505 247 1560 de
260 1522 340 1559 causa
355 1505 433 1569 sulci,
451 1505 507 1566 ιιι,
522 1504 590 1557 sicut
606 1502 774 1579 prcrnissuiii
792 1509 849 1562 cst,
874 1501 908 1555 de

120 1582 192 1627 statu
208 1575 316 1629 liuiuarii
332 1576 448 1645 generis,
463 1573 504 1626 rel
519 1588 599 1627 cursu
616 1571 798 1631 rectitudinis,
813 1585 907 1623 rerum

121 1659 227 1714 quoque
242 1646 274 1699 de
285 1646 359 1698 oruiii
374 1643 580 1698 dissensionem
598 1648 689 1695 sancta
709 1640 756 1694 Dei
776 1639 905 1702 Ecclesia,

956 453 1110 523 dissipetur,
1126 461 1155 505 ut
1171 468 1224 521 pax
1240 453 1301 515 liei,
1319 468 1379 522 quae
1397 462 1544 522 exsuperat
1559 469 1673 509 omnem
1694 472 1752 511 scu·

954 539 1024 583 som,
1039 524 1065 575 =ii
1079 523 1173 576 eadem
1186 523 1264 576 beata
1276 523 1354 604 plebe
1366 524 1484 593 pleniter
1497 525 1673 579 restituatur.

994 591 1178 647 vociferantur
1190 593 1261 646 euim
1275 608 1303 646 in
1316 594 1414 647 crelam
1428 609 1483 646 ruio
1495 609 1544 647 ore
1560 605 1589 648 et
1603 610 1659 650 uno
1673 597 1752 651 corde

954 662 1146 731 omnipotentis
1168 663 1214 715 Dei
1235 661 1367 732 judicium
1392 663 1591 718 incuitabiliter
1612 666 1694 721 uobis
1712 667 1752 721 ia·

955 733 1091 795 teulidauc,
1107 732 1129 785 si
1144 733 1304 786 auctoritate
1318 748 1485 787 summorum
1500 735 1527 787 in
1543 743 1605 789 toto
1620 736 1689 790 orbc
1704 745 1753 790 ter·

955 817 1045 855 rauuu
1072 801 1253 871 apostolurum
1280 818 1394 870 querum
1420 803 1555 858 doctrinis
1582 812 1612 858 et
1639 805 1752 861 consilio

956 872 1097 926 uniuersus
1116 870 1231 926 llcciitur
1246 872 1377 936 mondus,
1397 871 1567 928 discordiam
1581 885 1702 929 restrum
1719 876 1751 930 ad

956 956 1047 995 rcraur
1063 942 1233 996 concordiam
1257 957 1309 995 nou
1331 951 1467 997 certamus
1485 942 1630 999 reducere.
1657 945 1751 1000 bicnnt

955 1011 1047 1072 etiam,
1059 1012 1123 1080 quid
1136 1011 1223 1065 acturi
1234 1020 1312 1064 erant
1323 1013 1356 1065 de
1370 1022 1424 1066 tam
1437 1012 1578 1082 praecipuo
1590 1030 1686 1069 eoram
1700 1015 1751 1071 liro

956 1081 1055 1135 amisso
1070 1081 1175 1143 solatio,
1191 1081 1213 1134 si
1228 1080 1297 1141 illos,
1312 1092 1454 1205 quospost
1470 1082 1552 1152 liujus
1567 1095 1672 1138 saucia
1684 1084 1752 1140 sedis

956 1151 1149 1207 immutabilem
1166 1151 1322 1214 tuitionem,
1337 1150 1383 1206 illu
1419 1152 1446 1205 iri
1462 1159 1519 1206 tani
1532 1154 1675 1222 praecipue
1690 1155 1753 1208 rba·

957 1220 1072 1274 rissimis
1085 1220 1212 1275 iratribus
1224 1220 1349 1274 solatium
1365 1221 1540 1290 perdiderint,
1561 1225 1610 1292 qui
1626 1225 1714 1278 simile
1727 1227 1752 1279 iu

957 1290 1081 1343 iiiiiiersa
1100 1290 1219 1345 Ecclesia
1238 1289 1340 1343 millum
1360 1291 1518 1345 habebunt?
1545 1292 1577 1347 Si
1598 1295 1750 1350 enimcum

957 1359 1010 1413 illis
1027 1374 1119 1413 veram
1137 1359 1236 1424 tidem,
1262 1361 1448 1440 integrumque
1463 1361 1612 1417 charitatis
1626 1365 1749 1418 ardorem

958 1445 1010 1483 iuin
1029 1431 1211 1491 servaverint,
1235 1430 1300 1498 quid
1321 1445 1348 1482 iii
1363 1428 1595 1498 judiciollomini
1615 1441 1690 1487 tauta
1708 1450 1753 1488 ue-

957 1498 1042 1568 gleera
1068 1500 1201 1555 cliaritate
1227 1510 1254 1554 et
1280 1498 1306 1552 in
1330 1500 1438 1554 nomine
1464 1500 1577 1557 lloruirii
1602 1503 1752 1558 certissime

957 1568 1116 1624 confirmata
1131 1568 1322 1650 neglexerim?
1346 1570 1398 1624 sm
1417 1570 1625 1629 nesciuntne
1647 1573 1751 1628 lectioni

958 1647 1101 1708 uestroque
1113 1639 1219 1706 lastigie
1230 1638 1358 1710 liastidiol
1371 1640 1397 1692 in
1411 1640 1525 1763 lqpendo
1537 1654 1697 1711 parcentes,
1710 1643 1751 1698 ubi

121 1730 181 1782 quai
193 1729 287 1782 pacem
301 1714 373 1767 illam
388 1714 495 1768 turbare
509 1713 658 1773 ridebatur,
680 1725 761 1779 quam
781 1710 909 1763 Dominus
924 1723 945 1783 g
960 1715 1034 1762 tanta
1048 1711 1081 1763 ab
1095 1710 1136 1764 eis
1150 1708 1280 1763 charitate
1292 1720 1414 1778 urgente,
1446 1725 1461 1763 c
1476 1710 1531 1764 lieo
1544 1713 1646 1780 placita
1659 1721 1749 1767 mutua

121 1784 249 1852 apostolis
272 1791 299 1837 et
323 1800 370 1854 per
391 1783 525 1852 apostulus
549 1781 625 1835 uobis
639 1780 764 1833 orruiibus
779 1778 908 1833 ricarium
961 1778 1105 1834 dilectione
1120 1789 1225 1843 vestra,
1246 1779 1390 1847 plorando,
1411 1779 1465 1833 imo
1481 1781 1600 1850 lugendo
1615 1782 1752 1851 conqueri

122 1855 270 1921 prasentia
287 1869 341 1907 suae
355 1853 512 1922 dereliquit,
532 1851 643 1906 diceus:
662 1849 757 1902 Parem
775 1864 857 1901 uicum
874 1849 908 1901 do

121 1923 206 1985 uobis,
226 1940 314 1994 pacem
330 1941 414 1977 rueram
430 1923 545 1993 relirrpuo
560 1920 628 1976 robir
643 1920 732 1990 (doun.
749 1920 814 1986 ιιι).
840 1918 908 1999 Ubi-

122 2009 228 2062 emique
252 2010 300 2064 per·
319 1994 457 2063 quodlibet
475 1994 582 2062 pictatis
601 1997 789 2061 argumentum
807 2000 910 2057 peruii-

122 2080 185 2131 gere
200 2064 301 2132 potuit,
318 2079 425 2132 semper·
442 2064 520 2132 liuius
537 2069 637 2116 sauctae
651 2059 723 2114 sedis
736 2058 828 2111 ricarli
843 2073 908 2127 apu-

122 2135 251 2188 stolorum
264 2135 386 2203 quaedam
400 2133 550 2198 iirulmiuln,
560 2131 680 2200 ‹prircdaiii
694 2130 801 2191 rero,si
818 2129 853 2181 ita
867 2143 910 2182 res

122 2204 295 2271 poposcisset,
309 2204 415 2257 sublimi
431 2219 463 2258 ae
479 2201 630 2257 iciicrauda
645 2199 813 2262 auctoritate,
828 2206 856 2252 ot
870 2198 910 2251 di-

121 2289 204 2342 gnum
218 2280 286 2337 erat,
303 2274 423 2328 docendo
437 2275 591 2343 pariterque
604 2267 774 2340 predicando
788 2269 822 2323 ad
835 2267 910 2338 pacis

120 2343 294 2398 concordiam
308 2358 435 2398 revocare
449 2343 561 2397 studuit.

158 2414 275 2478 Quorum
290 2414 392 2479 ricem,
407 2414 606 2482 qualescunque
620 2411 715 2472 simus,
731 2407 910 2463 ministerium

123 2492 213 2536 taiiicii
233 2483 393 2538 auctoritate
415 2485 578 2544 sulieuutes,
603 2481 735 2535 cluiritate
758 2479 861 2547 pariter
882 2485 911 2531 et

123 2553 217 2606 eadem
232 2553 391 2608 auctoritate
414 2553 531 2607 roborati
553 2551 746 2606 dissensionem
762 2549 834 2601 illam
849 2562 910 2617 quae

124 2620 193 2676 iulia
202 2621 293 2692 [iuter]
303 2624 385 2691 ipsam
396 2637 502 2691 semper
513 2623 567 2675 Dea
576 2619 717 2675 amabilem
729 2618 910 2673 Rornanorum

123 2690 332 2760 Gnccormnque
354 2693 502 2747 Ecclesiam
525 2701 646 2745 exortam
671 2688 765 2743 durius
788 2687 911 2743 eamdem

126 2761 273 2816 Ecclesiam
288 2779 368 2831 quam
390 2763 470 2817 saluti
494 2763 566 2816 illius
589 2760 643 2815 ullo
666 2759 745 2813 modo
768 2757 912 2812 convenire

123 2832 222 2901 possit,
246 2832 411 2886 scindentem
433 2833 559 2887 diuturno
582 2838 702 2952 tempore
721 2827 909 2898 cognorimus,

125 2918 177 2954 ium
195 2900 323 2956 audemus
339 2903 489 2967 declinare,
510 2912 539 2955 ut
553 2918 606 2956 nori
620 2901 637 2953 il
650 2915 691 2952 anr
706 2914 740 2954 ex
752 2897 912 2952 auctoritate

126 2978 263 3024 tantorum
288 2972 470 3040 apostolorum
495 2971 528 3026 ad
554 2972 628 3040 pacis
650 2968 821 3024 concordiam
847 2966 912 3037 ipsis

960 1855 1038 1910 suut,
1053 1864 1113 1917 quie
1128 1849 1155 1903 ιιι
1171 1864 1251 1902 unuin
1268 1848 1355 1918 colligi
1370 1847 1477 1904 dillicile
1492 1862 1620 1919 possunt,
1635 1854 1751 1915 omissis,

960 1918 994 1971 ad
1011 1919 1132 1973 eamdem
1150 1918 1247 1973 seriem
1262 1918 1454 1984 deiciendam,
1476 1936 1560 1990 quam
1577 1923 1630 1992 ipsi
1643 1924 1751 1976 delma

960 2003 1053 2110 qinom
1076 1989 1210 2069 reddenda
1231 1988 1336 2043 ratione
1356 1991 1575 2059 spoponderant,
1602 1993 1751 2048 redeamus.

986 2065 1044 2111 iunt
1059 2072 1130 2111 enim
1145 2076 1151 2111 ι

996 2126 1110 2182 Oramus
1124 2144 1198 2198 ergo,
1213 2127 1382 2183 sanctissime
1393 2135 1474 2198 atque
1487 2131 1648 2187 beatissime
1665 2132 1752 2202 ponti·

961 2195 1019 2262 ier,
1035 2207 1064 2252 ιιι
1079 2198 1156 2253 uobis
1168 2199 1340 2268 antiquorum
1354 2208 1460 2267 patrum
1475 2210 1636 2258 nostrorum
1656 2203 1707 2258 bae
1722 2205 1753 2257 de

961 2282 1042 2321 causa
1058 2269 1118 2322 ritae
1137 2283 1247 2323 cursum
1270 2269 1383 2322 recitare
1403 2269 1499 2335 liceat,
1520 2271 1660 2341 simulque
1678 2281 1753 2342 prout

961 2338 1074 2392 rationis
1087 2337 1153 2393 ordo
1166 2339 1331 2408 poposcerit,
1351 2354 1447 2395 sensus
1460 2341 1503 2395 sui
1518 2341 1649 2397 allectum
1664 2344 1691 2397 iu
1706 2343 1752 2397 bae

961 2408 1093 2462 duntaxat
1111 2425 1156 2471 rc,
1177 2424 1225 2463 cur
1237 2409 1275 2462 ita
1289 2409 1329 2462 vel
1347 2409 1385 2464 ita
1405 2412 1542 2465 tenuerint
1566 2412 1751 2467 interserenda

961 2477 1116 2547 adjungere.
1132 2477 1186 2533 Nce
1199 2478 1275 2533 robis
1289 2479 1395 2533 taedium
1410 2478 1465 2545 liat,
1480 2481 1502 2535 si
1516 2482 1551 2535 ad
1562 2483 1752 2537 ostendendam

962 2550 1093 2603 rationein
1108 2549 1243 2612 recitatis,
1258 2549 1452 2618 veritatemque
1468 2551 1585 2606 rationis
1600 2566 1661 2607 sese
1680 2552 1753 2623 paulo

962 2617 1066 2689 lougius
1081 2635 1171 2674 sermo
1183 2620 1355 2688 protraxerit,
1371 2619 1517 2675 dommodo
1537 2621 1609 2675 liuea
1625 2623 1750 2685 ueritatis,

962 2703 1021 2809 qum
1035 2690 1070 2743 ab
1084 2690 1203 2760 antiquis
1221 2689 1342 2760 patribus
1363 2690 1463 2745 uostris
1484 2706 1572 2760 usque
1595 2694 1697 2748 adires
1716 2694 1753 2746 iii-

982 2759 1115 2813 esibiliter
1128 2760 1208 2814 dueta
1230 2768 1271 2813 est
1292 2760 1370 2814 beato
1384 2761 1512 2832 Dionysio
1530 2762 1653 2826 scilicet,
1675 2763 1719 2834 qui
1736 2777 1752 2814 a

963 2837 1056 2884 sanctu
1072 2828 1210 2884 Clemente
1231 2829 1302 2884 beiti
1325 2830 1399 2884 Petri
1421 2831 1535 2901 apostoli
1559 2832 1588 2886 iri
1605 2834 1751 2903 apostolatu

962 2900 1066 2967 primus
1079 2898 1138 2966 ejus
1152 2914 1292 2955 successor
1306 2900 1424 2960 exstitit,
1447 2901 1474 2955 iii
1490 2901 1595 2958 Gallias
1616 2920 1678 2958 cum
1692 2904 1752 2957 dire

962 2968 1075 3023 denario
1089 2984 1200 3025 numero
1215 2971 1318 3039 primus
1331 2971 1493 3038 predicator
1507 2973 1640 3038 directos,
1655 2983 1682 3027 et
1696 2978 1751 3043 post

126 3040 306 3096 rricdiaritibus
322 3057 375 3095 nou
390 3042 534 3096 debeamus
555 3043 695 3095 arlrocare.
721 3038 835 3092 llaxime
848 3052 912 3092 vero
965 3039 1075 3108 aliquod
1099 3048 1204 3109 tempus
1226 3054 1279 3093 uua
1302 3055 1364 3095 cum
1386 3042 1467 3097 sociis
1487 3042 1546 3097 suis
1570 3044 1624 3099 linc
1642 3043 1751 3112 illucque

128 3111 153 3163 iu
169 3126 201 3163 eu
219 3111 289 3177 quod
305 3110 424 3179 ejusdcm
440 3111 597 3165 niiseriirriue
612 3110 743 3164 dissensio
760 3124 792 3163 ea
808 3108 843 3161 sit
857 3122 913 3160 ma·
965 3109 1163 3178 praedicationis
1176 3111 1261 3181 gratia
1275 3110 1402 3178 peridem
1418 3127 1530 3181 reguum
1544 3113 1676 3183 dispersis
1688 3127 1753 3166 mar·

128 3179 205 3242 teria,
220 3179 277 3231 sine
290 3195 353 3247 qua,
366 3181 435 3234 sicut
447 3182 540 3234 multis
550 3181 665 3239 rirleiur,
679 3179 752 3232 salia
765 3192 814 3245 per
824 3178 912 3240 iidem,
966 3179 1037 3248 tyrio
1051 3188 1197 3234 coronatus
1209 3188 1261 3234 est.
1285 3179 1319 3233 Et
1330 3193 1484 3250 quanquam
1500 3181 1595 3250 plures
1608 3184 1749 3245 exsistant,

126 3263 217 3315 spem,
234 3255 261 3301 et
274 3250 434 3304 cliaritateui
452 3250 639 3303 incunctanter
654 3257 681 3301 et
696 3248 721 3300 iu
738 3248 789 3301 boe
805 3246 913 3312 saeculo,
966 3249 1074 3318 quidam
1086 3259 1228 3330 martyres,
1239 3249 1348 3318 quidam
1357 3250 1439 3304 eiiam
1448 3252 1631 3317 corilessores,
1643 3267 1751 3323 quonirr

126 3325 154 3373 ct
172 3319 197 3371 iu
213 3316 303 3373 loturo
318 3319 415 3373 saliari
429 3328 518 3388 potest
532 3318 662 3372 Ecclesia.
685 3317 804 3382 Quorum
819 3331 916 3371 seusus
967 3319 1077 3382 merita,
1092 3318 1181 3388 qualia
1196 3320 1266 3388 apud
1280 3319 1362 3373 ileum
1377 3320 1537 3386 babeantur,
1553 3325 1680 3393 quamvis
1692 3336 1752 3376 ιιι·

126 3397 155 3442 et
173 3387 304 3442 sententia
321 3389 382 3443 talis
399 3400 451 3442 cst.
469 3408 477 3439 ι
495 3389 563 3455 Quid
578 3387 649 3448 lrdei,
666 3387 732 3457 spei,
747 3394 775 3440 et
788 3385 915 3440 charitati
967 3389 1076 3444 tirlianis
1089 3389 1227 3444 miraculis
1237 3398 1388 3454 coruscent,
1399 3391 1462 3458 quia
1474 3401 1566 3446 tamen
1582 3342 1752 3463 propterio}

127 3458 223 3511 obesse
240 3459 383 3525 potuisset,
400 3461 422 3514 si
437 3460 525 3529 imago
540 3459 612 3512 milla
629 3464 684 3511 toto
698 3457 764 3510 orbe
781 3464 916 3510 terrarum
966 3460 1114 3528 gitudinein
1139 3466 1273 3512 terrarum
1299 3459 1374 3514 robis
1399 3459 1490 3516 minus
1515 3464 1619 3585 requiri
1645 3463 1752 3518 leuasse

128 3527 198 3595 picta
221 3527 262 3580 rel
287 3527 348 3583 licta
373 3528 513 3584 lriissctli
540 3529 574 3583 Et
597 3541 751 3597 quanquam
773 3526 844 3581 idem
867 3525 916 3580 tllii
966 3529 1100 3583 exsistunt
1114 3529 1283 3591 intermissis,
1298 3537 1419 3583 sincium
1434 3537 1525 3586 tamen
1540 3532 1550 3585 l
1567 3533 1675 3587 ilarium
1689 3533 1752 3586 anti·

128 3597 229 3661 ruistri,
252 3599 296 3665 qui
312 3598 369 3653 baec
383 3599 491 3663 rlieunt,
514 3597 708 3652 rationabiliter
726 3612 755 3650 se
774 3594 917 3650 ostendere
966 3614 1048 3666 quum
1063 3599 1275 3654 ecclesiasticum
1289 3598 1443 3662 doctorem,
1465 3616 1516 3656 uec
1535 3617 1592 3655 non
1608 3612 1637 3657 et
1651 3604 1751 3658 lienium

128 3681 206 3734 posse
226 3667 378 3722 nullatenus
396 3669 501 3723 dubitat
520 3665 716 3741 [alubitaliaiit],
740 3665 836 3720 melius
852 3664 917 3720 illod
968 3668 1111 3723 llartirioui
1131 3678 1187 3723 toto
1205 3669 1271 3723 orbe
1288 3669 1486 3735 rcrieranduiu,
1506 3672 1584 3726 robis
1601 3674 1751 3728 notissimas

129 3737 379 3805 uuuquauiluisse,
399 3736 765 3859 sinecujuscriltuqcr·lccta
785 3735 915 3804 lldespe,
966 3754 1026 3792 esse
1052 3739 1162 3793 mininie
1186 3739 1355 3803 dubitantes,
1385 3738 1419 3792 ad
1443 3742 1605 3796 memmium
1630 3743 1751 3797 reducere

128 3816 155 3860 et
169 3807 578 3863 charitateuiiiiersalissancta
592 3808 637 3862 llei
664 3805 854 3860 'cclesiasalra
870 3818 918 3874 po-
967 3808 1150 3863 nccessarium
1172 3809 1353 3872 aestimamus,
1376 3822 1491 3876 quorum
1515 3811 1579 3866 rite
1602 3811 1750 3882 magisterio

130 3877 225 3930 tiiisset
238 3877 401 3940 consistere,
418 3894 497 3946 quam
516 3880 565 3933 sub
579 3878 629 3931 liae
644 3877 786 3931 occasione
800 3890 852 3929 nou
868 3874 918 3928 du·
967 3878 1065 3941 edocti,
1082 3879 1139 3934 bac
1154 3878 1191 3932 ita
1206 3877 1320 3932 tenenda
1334 3887 1414 3946 atque
1428 3881 1563 3935 minnela
1578 3882 1748 3954 suscepimus.

130 3945 213 4010 bium,
227 3946 273 4001 ecel
286 3949 467 4002 certissimum
480 3948 543 4002 illud
557 3946 655 4001 malum
669 3945 809 4000 discordia
821 3945 919 3999 delicie
969 3947 1022 4001 Sed
1036 3951 1099 4017 quia
1116 3948 1186 4018 apud
1198 3963 1247 4002 nos
1260 3946 1303 4001 rel
1316 3946 1431 4015 maiores
1445 3959 1569 4015 nostros,
1589 3968 1622 4006 ex
1637 3949 1749 4030 querella

129 4015 280 4080 incurrere,
305 4020 376 4086 quod
399 4019 450 4073 nisi
470 4026 621 4073 correctum
644 4016 741 4077 luerit,
767 4013 919 4068 nullatcnus
968 4032 1087 4087 presens
1108 4027 1175 4073 atas
1194 4017 1332 4073 reeordari
1349 4025 1451 4086 potest,
1473 4036 1614 4090 nunquam
1628 4018 1748 4089 eiusmodi

130 4101 190 4138 cum
211 4087 262 4139 liae
283 4087 451 4142 dissensione
474 4089 509 4143 ad
533 4086 685 4147 llomiiuiui,
714 4083 760 4153 qui
783 4092 824 4138 cst
847 4099 917 4153 pair,
969 4088 1081 4156 rqiirestio
1094 4096 1166 4142 mota
1177 4088 1218 4143 rel
1230 4087 1356 4140 ventilata
1369 4086 1429 4151 tuit,
1444 4089 1505 4145 ide0
1519 4105 1627 4160 semper
1638 4091 1748 4144 taliser·

128 4155 250 4210 mmiium
270 4158 321 4211 sibi
340 4159 465 4226 placitam
482 4172 575 4227 pacem
591 4155 762 4219 liabeutimii,
784 4169 920 4221 uunquam
969 4159 1031 4212 iiule
1047 4173 1104 4213 mos
1116 4174 1147 4213 ex
1162 4157 1298 4226 praedictis
1311 4157 1428 4225 antiquis
1442 4158 1612 4227 temporibus
1626 4167 1747 4217 remotus.

131 4225 157 4277 iri
174 4236 301 4293 perpetuo
315 4243 394 4296 posse.
408 4229 569 4297 pertingere.
586 4227 619 4279 Et
632 4225 755 4294 quauiris
769 4223 875 4277 deuotio
890 4223 921 4277 il·
971 4230 998 4283 in
1012 4226 1138 4281 uniuersa
1153 4227 1230 4281 istius
1244 4227 1318 4306 regui
1336 4226 1454 4282 Ecclesia
1470 4229 1592 4295 exstitit,
1615 4240 1645 4285 ut
1659 4229 1747 4289 nullus,

130 4294 218 4349 lorum
239 4296 289 4352 boc
306 4308 460 4352 constanter
474 4296 605 4367 postulet,
627 4303 658 4349 ut
676 4295 716 4347 eis
736 4294 920 4348 ratiocinando
971 4315 1001 4352 ac
1014 4297 1037 4351 si
1050 4310 1084 4350 ex
1096 4297 1257 4351 airctoritate
1269 4295 1386 4362 ciusdem
1401 4306 1502 4352 sanetae
1514 4299 1564 4353 Dei
1578 4299 1703 4354 Ecclesiae
1711 4297 1748 4364 ire

130 4366 246 4433 qualiter
258 4368 291 4421 de
306 4368 371 4436 ipsis
384 4369 545 4436 imaginibus
558 4367 673 4419 discrete
686 4370 714 4417 ct
727 4365 920 4420 rationabiliter
935 4403 957 4458 ο
972 4369 1065 4427 beret,
1091 4366 1180 4420 nullus
1199 4366 1349 4433 cuicunque
1374 4365 1518 4437 imaginem
1532 4368 1635 4423 uolenti
1650 4370 1748 4438 pingere

132 4435 262 4498 seutiam,
279 4447 372 4505 postea
385 4438 518 4492 disserere
539 4438 628 4490 liceat.
653 4433 729 4499 Quod
748 4434 770 4486 si
783 4441 847 4497 esi,
871 4433 917 4502 qtd
971 4445 1017 4491 aut
1028 4436 1126 4505 lingere
1136 4436 1299 4505 prohiberet.
1313 4434 1387 4490 Unde
1398 4452 1482 4505 iisque
1492 4437 1574 4492 bodie
1585 4440 1677 4494 ιιιιιιιιι
1687 4435 1748 4505 apnd

132 4505 268 4572 suscipere
283 4504 356 4572 justo
371 4508 553 4562 moderamine
567 4504 631 4559 relit
653 4502 760 4558 salubre
774 4503 847 4556 omui
871 4503 919 4556 bo-
971 4522 1019 4560 nos
1033 4507 1197 4561 cousuetudo
1211 4513 1326 4566 tenetur,
1338 4512 1368 4557 ut
1380 4506 1442 4573 quia
1457 4507 1509 4560 lioe
1522 4508 1673 4563 auctoritas
1685 4505 1748 4560 nuda

133 4574 199 4626 mirri
217 4589 276 4627 esse
292 4592 344 4628 uon
359 4576 498 4638 dubitant,
525 4576 559 4629 ail
582 4574 810 4642 comparationem
828 4582 918 4626 tamen
967 4574 1058 4645 jubet,
1082 4589 1161 4629 uerno
1179 4574 1286 4642 jubeat,
1306 4574 1429 4628 similiter
1441 4575 1504 4655 quia
1519 4578 1670 4632 auctoritas
1683 4574 1748 4629 milla

134 4643 200 4696 tanti
212 4643 274 4696 mali
287 4645 406 4699 cauidcm
419 4646 564 4714 imaginum
574 4658 682 4698 causam
694 4657 743 4710 pro
754 4643 837 4696 iiibilo
847 4658 920 4695 com·
970 4645 1107 4714 probibet,
1130 4660 1208 4698 nemo
1227 4644 1378 4712 probibeat.
1403 4644 1471 4710 Quia
1485 4660 1551 4700 iero
1568 4655 1678 4716 prepter
1691 4658 1749 4715 pre

133 4719 244 4781 putarit,
264 4713 287 4768 si
302 4729 353 4782 par
368 4714 429 4777 illu,
445 4730 504 4783 qua
519 4716 552 4768 ad
564 4722 692 4768 aitcriiarii
706 4713 803 4776 ritarii,
817 4713 864 4782 qui
878 4721 920 4766 est
935 4742 938 4749 ·

135 4783 186 4842 iia.
203 4783 311 4848 ueritas,
327 4793 353 4838 ct
365 4785 430 4845 rita,
445 4785 528 4844 ducit,
544 4782 578 4836 ad
591 4782 712 4836 eariidem
726 4783 796 4836 riam
822 4782 920 4836 verita·

135 4863 241 4922 temque
255 4854 382 4923 perducta
395 4870 449 4907 riou
462 4854 552 4909 luerit.

171 4925 204 4977 Et
219 4926 318 4979 idcirco
332 4934 444 4980 caoctus
459 4927 558 4981 eliorus
570 4921 739 4977 sacerdotum
758 4936 807 4976 iicc
824 4935 877 4975 noir
892 4928 920 4977 et

133 4996 222 5050 onmis
237 5004 344 5050 senatus
360 4997 440 5050 totius
455 4994 542 5064 geritis
556 5009 602 5049 seu
622 4992 727 5061 imperii
741 4991 919 5055 Francorum,

133 5076 162 5119 ct
178 5067 301 5121 diuersa
320 5066 436 5120 lieelcsia
451 5080 499 5134 per
512 5072 594 5120 totam
609 5062 722 5117 Galliam
739 5077 798 5115 curu
816 5060 921 5116 ueteris

134 5137 280 5207 proriiiciis
293 5137 379 5189 eidem
401 5151 416 5188 a
438 5137 492 5189 llco
514 5132 697 5190 coriscr·i·aiulo
720 5131 832 5200 imperio
857 5131 921 5184 sub·

136 5208 209 5270 ditis,
224 5207 313 5260 audita
326 5205 397 5259 sama
412 5205 530 5259 delendae
543 5203 718 5258 dissensionis
731 5200 845 5254 fratrum
857 5215 922 5254 suo-

137 5291 216 5340 ruiir,
242 5275 454 5330 irrevocabiliter
468 5274 621 5343 postularit,
643 5279 672 5326 ut
687 5272 762 5343 prius
778 5285 825 5339 per
842 5270 921 5324 istius

135 5352 236 5398 structae
250 5346 322 5401 sedis
336 5362 351 5399 a
366 5346 420 5399 ileo
434 5352 619 5399 conservatam
635 5345 661 5397 iu
675 5342 820 5410 l'utiiroqrie
837 5354 921 5409 usque

136 5415 164 5467 lii
177 5411 255 5468 linem
270 5416 371 5480 saeculi,
382 5415 452 5470 sicut
463 5414 512 5485 ipsi
526 5413 715 5475 indubitanter,
729 5419 756 5464 ct
769 5426 818 5464 nos
828 5424 921 5464 omues

136 5499 184 5553 per
198 5485 293 5539 merita
313 5486 495 5554 apostolorum
514 5482 689 5545 confidimus,
709 5480 922 5536 conservandam

136 5555 338 5616 auctoritatem,
354 5556 416 5609 illud
432 5568 602 5622 summopere
616 5566 735 5621 quaerere
754 5549 919 5613 lestirieruos,

136 5634 168 5678 ut
188 5624 249 5694 «piria
273 5636 380 5679 uictore
403 5626 471 5684 lico.
495 5626 552 5679 baie
570 5624 622 5676 diui
639 5637 720 5692 regua
739 5621 765 5674 iii
784 5629 840 5673 toto
856 5620 922 5674 orbe

138 5706 273 5752 terrarum
284 5695 440 5766 principalia
451 5705 542 5751 mutua
554 5694 604 5750 sibi
615 5693 670 5748 lico
680 5692 778 5762 placita
789 5689 921 5747 charitate

971 4716 1079 4769 irrissani
1095 4714 1227 4767 rationem
1245 4713 1323 4767 aliter
1336 4728 1396 4768 esse
1410 4730 1462 4769 non
1478 4724 1590 4782 potest,
1615 4717 1666 4770 uisi
1689 4715 1748 4767 ratio

970 4782 1031 4838 iude
1053 4784 1192 4846 babeator,
1214 4780 1328 4837 tortasse
1342 4784 1436 4838 eadem
1456 4783 1524 4838 ratio
1541 4786 1598 4840 tale
1618 4784 1748 4840 exoulium

971 4869 1024 4907 riou
1043 4853 1261 4908 inconvenienter
1278 4853 1376 4906 babere
1388 4853 1497 4922 poterit.
1524 4854 1555 4908 Si
1576 4856 1584 4909 i
1604 4856 1658 4910 itur
1671 4855 1749 4922 imago

971 4923 998 4977 iii
1019 4931 1075 4977 toto
1090 4924 1155 4977 orbe
1175 4931 1306 4975 terrarum
1326 4921 1398 4975 nulla
1420 4924 1491 4991 picta
1514 4923 1555 4976 rel
1582 4872 1645 4979 Eeta
1667 4930 1749 4978 esset.

971 4992 1090 5060 nunquid
1105 4991 1205 5060 aliquid
1220 4990 1295 5055 fidei,
1310 4992 1380 5060 spei,
1397 4991 1439 5045 rel
1453 4993 1582 5047 charitati
1596 5003 1696 5049 sauctae
1709 4989 1750 5045 bei

971 5061 1098 5116 Ecclesiae
1115 5060 1241 5116 obesset?
1265 5061 1367 5115 llursiis
1384 5063 1406 5116 si
1424 5062 1477 5123 ita,
1503 5072 1533 5116 ut
1556 5063 1584 5117 iu
1597 5064 1750 5145 quibusdam

971 5132 1037 5186 locis
1050 5131 1166 5185 mauirire
1180 5129 1308 5184 Ecclesiis
1329 5145 1377 5185 seii
1394 5131 1504 5214 palatiis
1523 5133 1697 5203 principum,
1720 5129 1751 5184 oli

971 5201 1073 5255 nullum
1088 5202 1168 5255 alium
1183 5199 1322 5254 catholicae
1341 5200 1401 5255 srder
1422 5216 1469 5255 seri
1490 5201 1632 5272 religionis
1645 5202 1750 5263 cultum,

971 5271 1018 5327 sed
1032 5271 1217 5325 tantummodo
1231 5270 1377 5333 scientibus
1398 5285 1448 5340 pro
1461 5272 1563 5326 auroris
1577 5273 1614 5341 pii
1630 5269 1751 5326 memoria

972 5357 1019 5395 scu
1043 5349 1202 5395 ornamento
1226 5339 1380 5394 eorumdem
1407 5341 1546 5405 locorum;
1576 5341 1753 5396 nescientibus

971 5425 1035 5464 iero
1056 5426 1105 5480 pro
1122 5408 1240 5477 ejusdcm
1262 5410 1369 5478 pietatis
1389 5409 1511 5465 doctrina
1530 5411 1612 5492 picae
1630 5411 1672 5465 ιιι
1691 5410 1754 5464 licta

972 5487 1051 5541 suut,
1076 5481 1114 5534 ita
1136 5493 1184 5549 per
1203 5479 1304 5548 reliqua
1319 5476 1438 5546 ejusdem
1456 5478 1622 5550 imaginibus
1643 5492 1753 5550 congrua

972 5549 1106 5604 domicilia
1129 5547 1162 5601 ad
1184 5549 1306 5603 eumdem
1322 5563 1427 5602 sensum
1442 5550 1611 5618 pertinentes
1626 5552 1704 5620 picta
1718 5547 1754 5600 rel

973 5620 1042 5673 lictae
1062 5626 1171 5683 esseut,
1195 5618 1259 5686 quid
1278 5617 1398 5687 prelatis
1411 5618 1558 5674 virtutibus
1573 5636 1691 5703 unquam
1713 5625 1753 5671 aot

974 5704 1085 5761 osquam
1098 5690 1192 5744 obesse
1204 5688 1351 5756 potuisset?
1366 5688 1400 5744 Et
1412 5688 1471 5745 ideo
1483 5689 1548 5754 quia
1561 5706 1607 5748 res
1620 5701 1657 5747 ita
1669 5704 1700 5746 se
1712 5689 1751 5745 lu·
