3780 6120
191 273 244 328 out
631 270 660 328 Β.
679 272 805 330 caltotl
824 271 930 328 smoth
949 269 1024 327 0Fl‘.
1044 270 1134 327 raus
1152 272 1172 326 Ι.
1193 268 1313 328 secuto
1332 267 1374 341 tlt
1770 275 1822 332 lllld

191 387 339 456 nudqueet
350 384 510 454 patrimonia
524 400 574 455 pro
589 384 707 442 martello
727 383 816 438 anime
831 393 931 447 nostre,
950 391 978 438 et
993 385 1014 441 Α
1029 381 1229 463 suecessoribus
1256 381 1356 462 nostris
1383 395 1431 450 per
1454 381 1593 451 quodlibet
1619 392 1824 457 argumentum,

193 457 239 510 otti
251 455 346 519 nostri,
358 456 414 508 sive
424 464 564 524 parentum
576 463 739 516 nostrorum,
750 469 781 508 ae
792 466 978 508 successorum
1029 466 1085 505 sive
1100 450 1336 514 machinationem,
1348 467 1375 504 ur
1389 465 1558 520 quacumque
1572 462 1649 521 parte
1667 462 1759 509 vestra
1773 471 1825 526 pn-

192 534 356 584 nostrorum.
370 535 397 579 et
413 539 463 592 pro
479 535 577 580 cuncto
597 541 614 579 a
634 524 689 579 lieo
709 533 877 588 marserrato,
899 533 979 592 atque
1029 529 1113 575 testas
1125 510 1311 581 imminuatur,
1326 528 1372 574 aut
1385 536 1400 574 a
1412 519 1421 592 [
1429 529 1476 574 aut
1487 518 1539 604 da]
1552 522 1629 577 vohis
1643 524 1706 578 in‘ie
1720 525 1826 594 aliquid

192 595 375 650 mnserranuo
388 593 550 650 Francorum
564 594 660 666 populo
672 607 697 658 ¹,
707 592 763 662 jam
781 592 853 648 dicte
866 592 979 648 ecclesie
1029 590 1217 652 subtrahatur,
1243 591 1275 644 dc
1297 591 1487 659 suprascriptis
1513 590 1637 646 videlieet
1659 595 1825 714 provinciis,

194 680 238 719 tue
247 665 326 719 beate
335 663 414 718 Petre
428 664 547 732 apostole
561 675 587 720 et
604 679 652 734 per
668 673 695 719 te
710 663 810 718 vicario
826 672 882 724 tuo,
900 663 980 744 spiris
1029 660 1151 722 urbibus,
1167 660 1330 721 civitatibus,
1346 660 1462 728 oppidis,
1473 661 1579 725 castris,
1596 663 1657 716 vicu
1670 664 1703 728 is,
1716 666 1825 731 insulis,

193 733 259 789 tuali
270 733 342 802 patri
353 742 445 788 nostro
460 732 549 788 donno
563 733 660 789 loanni
678 748 784 788 stimmo
803 733 933 801 pontifici,
951 739 983 786 et
1029 729 1188 793 territoriis,
1205 736 1285 799 atque
1306 729 1490 799 patrimoniis;
1518 745 1623 785 necnon
1645 741 1672 787 et
1688 733 1827 802 pensioni·

192 803 336 858 universali
346 817 380 871 pa
400 819 424 868 e,
436 803 547 872 ejusque
557 804 850 870 successoribususque
862 803 888 855 in
899 801 980 856 linem
1029 800 1089 861 bus,
1107 807 1188 868 atque
1204 798 1344 882 oen‘sibus3
1363 799 1400 852 ita
1419 808 1448 853 ut
1470 808 1557 868 neque
1569 806 1619 855 nos
1631 815 1663 855 ea
1674 802 1773 858 facturi
1788 804 1827 859 si·

192 873 275 928 sectdi
287 888 319 926 eo
331 819 408 927 mulfo
419 874 619 937 eortdrmamus,
631 874 696 927 utin
706 888 755 927 suo
765 869 979 939 detineantjure,
1031 885 1131 930 mns,u
1168 885 1201 923 ue
1231 869 1422 923 utbuslihetea
1444 868 1533 924 lacere
1545 872 1697 927 volentibus
1710 887 1839 928 consen.

193 943 353 1011 principatu,
374 951 459 1012 atqcue·
472 943 572 997 ditione
591 944 613 997 b.
810 977 813 981 .
1031 883 1203 992 tiamusffet
1212 883 1308 1010 YSedl
1323 939 1411 1006 potins
1423 939 1513 992 omnia
1527 954 1580 1008 quc
1594 943 1717 1009 superius
1732 942 1829 1016 legun-

229 1010 315 1066 Simili
335 1011 414 1067 modo
433 1027 481 1081 per
504 1013 555 1067 boc
572 1023 663 1067 nostre
682 1010 856 1080 delegationis
872 1019 981 1092 paetum
1031 1017 1084 1068 tur,
1107 1008 1133 1062 id
1154 1016 1198 1062 est
1216 1007 1362 1075 provincie,
1387 1008 1521 1070 civitates,
1545 1011 1636 1074 orites,
1656 1011 1763 1094 oppida,
1781 1028 1829 1068 ca·

193 1080 384 1135 confirmamus
395 1081 553 1137 donationes
566 1098 634 1151 quas
646 1082 690 1149 pie
703 1080 898 1135 recordationis
915 1081 982 1134 dou·
1031 1077 1125 1139 stella,
1151 1077 1303 1141 territoria,
1330 1086 1357 1132 et
1385 1079 1561 1147 patrimonia,
1590 1088 1671 1149 atque
1693 1083 1798 1137 russulas
1815 1082 1825 1121 ¹

192 1165 243 1204 arus
256 1151 366 1218 Pipinus
378 1149 528 1233 [Pippinus]
545 1167 601 1214 rex,
613 1160 641 1206 et
652 1158 743 1219 postea
760 1150 864 1204 donum
886 1150 982 1203 Karios
1032 1145 1145 1217 [insulae
1152 1145 1171 1228 1,
1196 1161 1361 1216 censusque,
1377 1155 1404 1202 et
1415 1148 1558 1216 pensiones
1571 1149 1604 1202 ad
1619 1159 1725 1218 partem
1739 1153 1828 1206 eccle-

191 1219 411 1275 cxcellentissimi
424 1229 599 1290 imperatores
608 1219 984 1292 [excellentissiurusimpera-
1032 1217 1071 1269 sie
1094 1217 1165 1270 beau
1182 1215 1255 1270 Petri
1267 1217 1392 1284 apostoli,
1413 1224 1494 1286 atque
1504 1218 1661 1286 pontideum
1686 1220 1714 1274 in
1735 1235 1829 1276 sacra·

195 1287 247 1360 tor]
264 1303 274 1328 ι
289 1291 368 1344 beato
386 1289 417 1344 Ρ.
433 1287 537 1361 [Petro]
551 1291 672 1360 apostolo
685 1298 832 1357 spontanea
845 1289 983 1345 voluntate
1032 1286 1136 1346 tissima
1155 1286 1218 1341 sede
1233 1284 1303 1340 illius
1351 1286 1405 1357 θῇ
1424 1287 1600 1341 residentium
1621 1303 1681 1353 uos,
1698 1290 1726 1343 in
1740 1303 1829 1414 auan-

193 1358 500 1414 contuleruut:necnon
518 1369 545 1413 et
566 1374 686 1423 censura,
702 1358 743 1412 rel
754 1358 921 1425 pensionem,
934 1372 982 1412 scu
1032 1364 1090 1410 tum
1116 1369 1268 1437 possumus,
1339 1370 1450 1411 cusores
1466 1371 1527 1411 esse
1551 1364 1684 1412 testamur
1700 1374 1738 1412 :a
1775 1361 1829 1416 bae

193 1438 299 1483 ceterae
313 1429 445 1492 dationes,
471 1444 524 1497 que
547 1429 684 1483 anirnatim
706 1429 733 1480 in
758 1427 886 1494 palatium
911 1429 983 1509 regis
1033 1434 1104 1479 utea
1117 1439 1145 1478 ro
1162 1425 1233 1479 iliius
1247 1425 1348 1480 ditione
1368 1426 1401 1480 ad
1413 1427 1558 1492 utendum,
1575 1434 1602 1482 et
1615 1426 1769 1495 fruendum,
1786 1438 1828 1484 at.

194 1497 432 1567 longobardorum
459 1497 551 1553 inlern'
572 1498 710 1563 solebant,
736 1497 794 1550 sive
818 1496 851 1551 de
874 1496 981 1560 Tuscia,
1032 1510 1085 1563 que
1097 1494 1291 1563 disponendum
1302 1495 1417 1549 llnniter
1428 1496 1536 1550 valeant
1547 1497 1673 1566 optineri.

193 1568 251 1622 sive
264 1568 406 1623 deducam
419 1565 568 1635 Spolitano,
580 1569 649 1623 sicut
662 1568 688 1620 in
702 1565 891 1635 suprascriptis
901 1567 984 1622 ‹lona-
1070 1563 1149 1617 Salva
1168 1565 1194 1617 in
1209 1565 1333 1620 omnihus
1346 1572 1480 1634 potestate
1494 1575 1597 1632 nostra,
1618 1576 1647 1621 ct
1665 1568 1722 1633 otti,
1735 1577 1841 1641 poste

194 1636 313 1692 tionibus
326 1637 489 1700 continetur,
503 1647 532 1693 et
546 1638 616 1691 inter
629 1645 722 1692 sancte
741 1637 870 1691 memorie
889 1635 985 1689 Adria·
1034 1648 1180 1702 rerumque
1194 1641 1357 1700 nostrorum,
1377 1635 1552 1689 ‘secumdum
1567 1636 1638 1705 quod
1654 1638 1786 1707 inpacto,
1801 1651 1830 1696 et

195 1721 258 1761 rrum
265 1721 370 1788 papam,
379 1706 529 1761 etdonnum
539 1707 646 1762 Carlum
655 1702 984 1779 [llarlumiimperatorem
1003 1703 1230 1783 perrnstitutiune
1249 1718 1282 1758 ac
1293 1704 1482 1775 promissionis
1497 1704 1624 1760 tirmitate
1638 1707 1832 1833 ErigeniiJaar,

193 1784 328 1840 convenit,
339 1776 447 1845 quaudo
458 1777 528 1831 idem
536 1774 655 1846 pontilet
662 1777 748 1831 eidem
757 1774 789 1828 de
796 1775 986 1845 suprascriptis
1038 1773 1128 1837 trilcis,
1142 1787 1381 1843 autecessorumque
1393 1774 1465 1830 illius
1472 1776 1627 1831 continetur
1636 1790 1644 1830 ι
1653 1778 1722 1833 idest
1721 1776 1758 1903 οἳ
1773 1779 1830 1852 em}

193 1846 345 1909 ducatibus,
361 1845 443 1900 idest
457 1847 591 1910 Tuscana,
614 1856 641 1901 et
662 1847 811 1928 Spolitano,
835 1847 912 1917 161
938 1860 986 1901 sue
1036 1852 1066 1897 ut
1077 1842 1165 1898 omnis
1184 1842 1280 1906 clerus,
1296 1853 1324 1899 et
1337 1844 1454 1898 universi
1467 1845 1557 1914 populi
1572 1845 1687 1901 Romani
1703 1862 1720 1901 u
1758 1847 1833 1905 ilitas

193 1916 361 1970 auctoritatis
371 1926 525 1984 preceptum
535 1919 704 1972 coutirmarrt
716 1935 723 1970 :
734 1931 767 1971 eo
781 1917 884 1971 scilieet
895 1916 984 1980 modo,
1035 1920 1146 1981 propter
1158 1913 1279 1968 diversas
1291 1915 1476 1979 necessitates,
1496 1923 1523 1969 et
1536 1914 1694 1984 pontitlcnm
1715 1918 1832 1975 inratio-

194 1994 224 2039 ιιι
237 1986 314 2040 annis
328 1984 439 2054 singuiis
452 1987 695 2053 predictuseeusus
708 1986 741 2040 ad
754 1995 858 2058 partem
871 1985 986 2041 ecclesie
1036 1982 1140 2038 nabiles
1155 1997 1219 2052 erga
1238 1983 1366 2052 papulam
1378 1985 1429 2038 sibi
1442 1985 1590 2054 subjectum
1607 1986 1770 2055 asperitates
1790 2003 1832 2044 te·

194 2053 265 2110 beati
285 2056 356 2111 Petri
374 2056 487 2124 apostoli
505 2057 673 2125 persolvatur
688 2056 713 2110 d.
732 2056 810 2112 Salva
829 2071 910 2124 super
926 2069 987 2110 eos-
1037 2053 1196 2117 tundendas,
1225 2062 1396 2117 sacramento
1414 2055 1564 2124 seohliget‚
1587 2056 1714 2124 quatinus
1740 2057 1834 2114 lutura

192 2124 255 2180 dem
278 2126 393 2180 ducatus
418 2135 509 2180 uostm
537 2126 563 2179 in
591 2126 717 2182 omnibus
740 2125 936 2188 dominatione,
959 2134 987 2180 et
1035 2122 1193 2191 pontideum
1212 2122 1467 2193 electio,.quantum
1493 2124 1704 2195 uniuscuiusque
1727 2127 1833 2185 intelle-

194 2194 301 2250 illorum
317 2195 351 2250 ad
368 2202 487 2250 nostram
505 2204 608 2265 partem
627 2210 676 2265 par
700 2197 751 2253 boe
775 2205 867 2252 nostre
888 2196 986 2250 condr-
1036 2201 1097 2248 etus
1113 2192 1203 2256 luerit,
1218 2194 1348 2247 canonice
1359 2201 1386 2248 et
1395 2193 1468 2261 juste
1483 2192 1531 2248 liat
1550 2194 1575 2247 b.
1588 2195 1622 2249 Et
1638 2203 1667 2248 ut
1681 2195 1725 2251 ille
1739 2197 1786 2267 qui
1799 2198 1833 2254 ad

194 2265 321 2320 trationis
335 2274 363 2318 et
380 2265 427 2319 lilii
446 2267 530 2321 nostri
547 2264 714 2333 subjectione
733 2278 744 2307 ⁰
1036 2262 1088 2318 boc
1111 2270 1234 2318 sanetum
1257 2273 1338 2333 atque
1363 2263 1540 2333 apostolieum
1569 2265 1691 2333 regirmn
1709 2266 1832 2338 eligitur,

229 2335 365 2397 Ceterum,
378 2335 447 2389 sient
461 2335 588 2399 diximus,
599 2336 688 2390 omnia
710 2338 834 2407 superius
849 2336 986 2392 rrorrrinata
1037 2333 1144 2387 tremine
1154 2333 1340 2387 consentiente
1353 2332 1585 2391 corrsecratusdat
1598 2334 1730 2404 pontifex,
1742 2338 1833 2406 prius

194 2405 231 2459 ita
245 2405 278 2458 ad
289 2413 407 2458 uestram
423 2413 527 2473 partem
541 2421 589 2475 per
602 2407 653 2461 boe
665 2415 758 2461 nostre
772 2405 987 2462 confirmationis
1036 2417 1117 2525 quam
1135 2402 1217 2484 talem
1235 2402 1262 2456 iu
1278 2405 1413 2473 presentia
1433 2404 1578 2459 missorum
1596 2412 1767 2472 uostromru,
1790 2406 1834 2461 rel

194 2485 302 2542 pactum
327 2474 495 2536 roboramus,
517 2484 547 2529 ut
568 2475 595 2528 in
611 2483 700 2531 restro
719 2483 895 2545 permaneant
914 2474 985 2544 jure,
1046 2473 1084 2527 rlii
1096 2481 1192 2536 nostra,
1208 2487 1255 2527 seu
1267 2473 1392 2529 universe
1408 2473 1600 2545 generalitatis,
1623 2473 1706 2529 iaciat
1718 2478 1835 2545 promia·

193 2543 355 2615 principatu,
370 2549 450 2614 atique
462 2544 579 2611 ditioue;
592 2554 620 2600 et
630 2561 718 2616 neque
735 2547 850 2612 anobis,
872 2560 986 2614 nequea
1037 2542 1141 2598 siouem
1160 2557 1210 2612 pro
1222 2543 1344 2598 omnium
1363 2543 1548 2598 satisfactione
1560 2552 1642 2615 atque
1656 2543 1749 2599 lutura
1769 2562 1835 2602 con-

230 2683 243 2713 ·
269 2669 350 2727 Notat
368 2670 517 2744 liu—Cang.
544 2674 569 2728 in
588 2674 677 2730 Gloss.
699 2675 866 2731 Francorum
888 2691 986 2732 nomen
1037 2677 1143 2738 instmr‚
1169 2691 1217 2749 qut
1244 2682 1290 2730 aut
1308 2685 1446 2746 ignorant,
1474 2684 1520 2730 aut
1543 2675 1669 2745 ignorare
1690 2677 1834 2744 simulant,

195 2739 248 2795 late
258 2744 387 2810 patuisse,
397 2742 433 2796 ita
443 2745 514 2798 utad
525 2742 674 2801 Germanos
684 2747 765 2801 ctiam
777 2747 985 2803 extenderetur:
1037 2748 1109 2817 quod
1132 2752 1238 2801 caetere
1261 2761 1355 2801 omrres
1374 2746 1489 2801 ditiones
1514 2754 1593 2800 erant
1620 2750 1741 2815 supremi
1765 2746 1837 2816 juria

193 2826 254 2880 quae
264 2827 307 2866 res
319 2810 383 2866 nulli
393 2812 560 2868 eruditomm
572 2815 672 2884 ignota,
685 2816 864 2872 eumCarolns
875 2815 987 2888 llagnus
1036 2817 1205 2888 pontificum,
1231 2816 1352 2885 talesque
1374 2816 1408 2870 ah
1436 2815 1565 2884 Augustis
1581 2815 1835 2874 eonttrmahantar:

194 2880 307 2950 ejusque
326 2896 497 2937 successores
516 2883 682 2939 Francorum
703 2887 889 2941 monarchiam
909 2902 987 2957 rege-
1039 2889 1119 2942 techa
1136 2886 1298 2956 illaperbec
1313 2896 1409 2939 uestrae
1424 2885 1543 2953 confirm.
1565 2885 1731 2941 hauddubie
1744 2901 1779 2942 ea
1793 2902 1837 2944 se·

194 2951 270 3004 hant.
290 2949 353 3005 Otto
373 2952 379 3003 i
400 2967 429 3005 sc
443 2961 584 3022 susceptus
596 2965 655 3010 erat
668 2955 702 3009 ab
713 2956 829 3011 ilenrico
839 2956 931 3011 Germ.
944 2972 987 3012 re-
1038 2958 1183 3025 queutibus
1203 2956 1385 3024 imprudenter
1405 2955 1544 3024 desumpta
1563 2963 1640 3021 sunt,
1659 2971 1723 3012 nam
1738 2958 1837 3014 desum

193 3033 226 3089 ge
237 3035 269 3073 et
285 2967 409 3075 blathilffe
423 3036 507 3077 uxore
520 3036 567 3076 sua
586 3022 713 3080 Ladoviei
727 3025 802 3080 Balbi
818 3025 871 3079 salia
887 3035 916 3080 ut
931 3033 986 3081 tra·
1041 3028 1068 3081 in
1081 3027 1258 3095 autographo.

194 3089 233 3144 dit
246 3089 320 3144 Will.
336 3087 455 3160 Nangius
468 3091 494 3145 in
513 3092 608 3147 clrrotr.
628 3108 712 3162 quare
730 3110 763 3158 es
787 3093 876 3150 Caroli
900 3095 987 3166 llagui
1003 3078 1026 3140 C
1080 3096 1089 3134 f
1103 3095 1143 3150 Ne
1158 3095 1211 3149 ulla
1223 3094 1380 3150 suboriatur
1389 3095 1516 3163 suspicio,
1531 3096 1595 3166 quin
1608 3095 1642 3151 de
1656 3095 1761 3163 Sicilia,
1773 3099 1837 3155 Sar·

194 3159 278 3228 stirpe
294 3159 357 3214 lieet
383 3157 509 3220 leminea,
537 3169 596 3216 erat
616 3165 783 3234 progenitus.
808 3164 1002 3221 Nihilominus·
1040 3167 1122 3227 (linia,
1133 3164 1243 3221 Corsica
1257 3165 1301 3219 bic
1318 3173 1422 3235 agatur,
1441 3164 1624 3234 inspiciendus
1636 3175 1679 3221 est
1693 3169 1772 3234 ordo,
1783 3184 1835 3240 quo

193 3227 291 3283 Franci
303 3244 318 3283 a
329 3227 471 3285 Germanis
482 3231 714 3301 distinguebantur
726 3235 751 3288 id
764 3235 902 3301 temporis.
917 3236 988 3302 Qua·
1040 3236 1122 3290 seurcl
1137 3236 1276 3290 etiterum
1298 3243 1352 3289 tam
1370 3235 1398 3288 in
1415 3234 1612 3299 Ludoaieiauo,
1628 3251 1712 3306 quam
1732 3239 1776 3295 hic
1792 3252 1837 3294 re-

195 3313 225 3354 re
243 3298 338 3353 melius
357 3299 384 3352 in
405 3299 566 3356 llenriciano
591 3302 686 3370 legitur
711 3301 929 3359 Christianorum.
953 3305 989 3360 ht
1039 3314 1194 3360 censentur.
1210 3305 1240 3359 Α·
1266 3320 1298 3359 ue
1317 3305 1344 3358 in
1360 3303 1505 3359 Ottouiano
1523 3305 1632 3374 quidem
1645 3319 1744 3376 parunt
1758 3311 1834 3364 scite.

195 3367 288 3425 Romae
298 3368 403 3424 Ottonis
415 3379 467 3423 teur
489 3386 536 3426 ore
550 3380 607 3426 tum
618 3372 743 3427 Caroliua
759 3382 826 3428 aetas
844 3374 988 3431 instaurari
1039 3374 1105 3429 ttan
1120 3321 1319 3430 Corsicelaeta
1331 3385 1390 3429 erat
1409 3374 1551 3429 melchoin
1566 3376 1713 3431 donatione
1730 3393 1780 3448 per
1791 3379 1836 3433 de·

194 3438 365 3503 credebatur,
382 3446 438 3492 tum
462 3385 673 3496 gudoricianum
695 3443 813 3513 diploma
833 3444 988 3516 eltartaeque
1038 3446 1159 3516 sigiratos
1183 3444 1261 3509 lines,
1284 3453 1312 3499 et
1334 3445 1444 3507 Siciliae,
1466 3445 1528 3499 dum
1551 3447 1764 3514 promittebatur
1779 3447 1836 3517 eins

194 3508 254 3563 alim
263 3508 301 3562 nil
314 3509 365 3563 nisi
380 3507 545 3565 Francorum
557 3512 745 3567 liberalitatem
759 3512 985 3583 praeseierehaut:
1039 3515 1174 3569 restitutio
1187 3526 1288 3569 sauctae
1303 3515 1370 3578 sedi,
1387 3515 1410 3568 si
1423 3528 1439 3567 e
1453 3512 1651 3569 Saracenorum
1667 3518 1794 3573 manilius
1804 3518 1836 3572 il·

194 3591 279 3648 quare
291 3579 413 3648 precatio
423 3578 478 3641 illa,
491 3595 552 3704 «Fra
563 3583 664 3651 passim
677 3583 772 3653 legitur
785 3583 811 3638 in
823 3582 930 3639 Codicis
940 3585 989 3641 Ga·
1038 3585 1092 3639 laur
1109 3586 1216 3654 eripere
1227 3585 1386 3655 contigisset
1399 3583 1451 3638 ade
1462 3583 1586 3638 Sardinia
1600 3599 1666 3639 uero
1679 3600 1716 3641 ne
1725 3590 1836 3643 veritum

194 3647 274 3704 culini
296 3649 417 3719 epistolis
436 3664 487 3720 pro
520 3666 663 3707 raucorum
686 3653 793 3724 populo,
815 3653 859 3709 hic
882 3654 988 3710 ridetur
1038 3656 1146 3724 quidem
1162 3655 1191 3707 ht
1210 3655 1236 3707 iu
1251 3655 1406 3724 diplomate.
1422 3653 1460 3708 Ea
1475 3662 1585 3723 propter
1602 3670 1664 3724 quae
1680 3655 1836 3713 Ludorieoa

192 3717 323 3773 adhibita.
1038 3727 1072 3779 de
1087 3725 1173 3781 tribus
1186 3723 1322 3794 praedece
1338 3725 1432 3780 insulis
1448 3725 1596 3788 asserebat,
1615 3739 1648 3779 ea
1664 3726 1760 3781 minus
1771 3742 1835 3783 con-

230 3789 243 3828 b
261 3787 383 3844 Notanda
397 3790 527 3856 clausula,
543 3792 576 3847 de
590 3807 643 3863 qua
657 3793 712 3849 dixi
726 3793 754 3848 in
769 3795 876 3850 dissert.
891 3809 989 3865 praece
1039 3796 1140 3850 drrerrnt
1154 3794 1256 3859 Ottoui,
1269 3795 1315 3864 qui
1333 3794 1485 3848 Sardiniam
1496 3792 1565 3855 silet,
1582 3802 1609 3848 et
1621 3793 1744 3850 Siciliam
1757 3797 1796 3852 ita
1807 3812 1837 3852 se

194 3858 278 3914 denti.
1039 3865 1237 3920 vindicaturum
1264 3865 1397 3934 promittit
1420 3873 1520 3919 canetae
1545 3865 1612 3928 sedi,
1641 3865 1664 3919 si
1691 3864 1836 3922 Saracenis

229 3939 240 3968 ι
262 3929 318 3984 lloe
341 3930 400 3986 loeo
420 3930 548 4002 Fippiuus
561 3932 632 3988 iuter
645 3933 779 4004 Augustos
792 3951 846 3990 non
866 3948 989 3989 recense·
1037 3935 1178 4004 eripuerit.
1198 3935 1232 3989 llt
1247 3935 1395 3990 necessitas
1409 3933 1532 3989 assuendi
1551 3933 1735 3991 Ludorieiano
1752 3937 1837 4007 diplo-

193 4007 238 4055 tur
253 3999 279 4053 iu
294 4002 471 4071 autographo,
493 4003 539 4057 sed
564 4017 629 4058 suus
650 4004 758 4074 utrique
782 4005 877 4059 titulus
897 4012 988 4061 ocrtus
1038 4006 1104 4060 mati
1116 4020 1176 4074 quae
1186 4006 1370 4075 congruebant
1387 4004 1510 4073 tempori,
1528 4014 1555 4060 et
1567 4004 1642 4058 rurlis
1655 4005 1701 4060 iila
1716 4014 1784 4062 aetas
1796 4016 1837 4062 ta·

192 4070 331 4135 tribuitur,
349 4070 476 4125 Ludotiei
492 4072 591 4136 serbis,
614 4073 685 4142 quod
705 4090 785 4145 supra
809 4075 909 4129 iactum
934 4090 988 4131 oon
1038 4076 1073 4130 lia
1085 4076 1184 4144 ubique
1206 4075 1288 4130 inseri
1303 4082 1459 4146 coegerunt,
1480 4089 1541 4143 quae
1557 4082 1604 4129 aut
1624 4076 1717 4131 minus
1739 4092 1837 4132 conre-

193 4141 282 4195 lucrat
297 4139 433 4212 (callidii,
451 4149 507 4194 not.
523 4140 560 4211 a).
1038 4148 1117 4201 niunt
1130 4145 1279 4214 praemissis
1290 4155 1336 4200 aut
1347 4161 1438 4200 secum
1456 4152 1584 4214 pugnant.
1599 4143 1627 4199 ld
1639 4146 1839 4203 rcroetlnrdo-

228 4208 331 4275 <lotrad
346 4225 418 4279 saepe
437 4219 479 4265 est
497 4208 600 4266 dietum
623 4226 714 4281 supra,
743 4214 780 4268 nii
802 4214 897 4269 melius
915 4229 988 4270 eom-
1038 4216 1148 4281 riciaui,
1170 4224 1198 4271 et
1215 4214 1351 4270 Ottouiani
1368 4215 1478 4285 diplour.
1503 4215 1669 4270 sinceritatis
1690 4225 1741 4272 cst
1757 4233 1838 4289 argu-

192 4281 299 4351 probat,
323 4295 404 4349 quam
424 4287 586 4348 spontaneas
607 4282 678 4336 iuter
702 4284 860 4339 donationes
886 4284 986 4350 Caroli,
1038 4297 1161 4342 mentum
1175 4286 1424 4355 locupletissimum.

193 4351 339 4405 ducatuum
352 4348 467 4404 Tuscani
483 4359 510 4404 et
523 4350 662 4421 Spoletaui
686 4354 847 4408 tributorum
861 4370 908 4410 seu
923 4369 988 4423 peu-
1006 4349 1012 4363 ‘
1077 4355 1248 4425 ‘perperam
1269 4355 1420 4411 asceteriis
1438 4357 1508 4424 apud
1524 4355 1688 4411 dietericum
1705 4356 1839 4414 llermae-

193 4421 299 4474 siouum
313 4420 445 4474 recensio.
462 4419 495 4473 Et
511 4436 576 4475 sane
591 4421 738 4491 caliginoso
751 4424 796 4478 illo
808 4422 915 4480 0ttonis
930 4440 987 4480 acuo
1000 4444 1025 4504 ῃ
1039 4444 1103 4484 ιιιιιιι
1121 4424 1245 4509 (intrari.
1268 4427 1303 4480 ud
1317 4425 1344 4481 J.
1367 4427 1429 4496 pub.
1446 4426 1492 4481 bb.
1517 4443 1542 4489 r,
1556 4441 1615 4496 cap.
1633 4425 1677 4490 l5,
1701 4444 1728 4481 n.
1744 4427 1779 4497 8)
1797 4444 1839 4483 sc-

194 4499 249 4543 tum
262 4496 387 4567 accurate
404 4491 509 4544 narrari
526 4501 651 4559 poteraut
671 4494 780 4549 deiratio
800 4495 897 4564 integri
915 4496 987 4550 illius
1039 4509 1148 4568 quentia
1162 4496 1315 4552 referuntur
1335 4494 1370 4550 ad
1391 4496 1481 4550 omnia
1499 4497 1669 4565 supradicta,
1694 4512 1760 4551 nam
1777 4514 1839 4567 qua

193 4560 316 4630 (lucillus,
338 4572 449 4628 uosque
465 4562 604 4616 concessio
622 4563 656 4617 al)
675 4564 795 4620 Adriano
817 4564 888 4620 laeta
905 4565 989 4619 Fran·
1040 4570 1166 4636 deinceps
1179 4575 1324 4622 narrantur
1335 4569 1439 4622 barem
1450 4567 1477 4619 in
1490 4567 1604 4631 salebra,
1617 4566 1669 4621 nisi
1682 4566 1718 4623 ab
1730 4582 1763 4621 ca
1774 4583 1839 4624 con·

193 4643 286 4685 corum
310 4628 366 4698 regi
391 4644 452 4683 eum
471 4644 560 4685 artnua
579 4635 717 4701 pcusiooe,
743 4635 794 4688 uisi
811 4637 925 4704 apostol.
944 4650 987 4689 ar·
1039 4640 1151 4702 ditione,
1167 4637 1239 4691 aulea
1256 4645 1495 4705 erumperetur,
1512 4636 1838 4694 sustineantur.l'n'cter·

194 4700 301 4756 chivum
331 4697 489 4754 documenta
515 4703 604 4756 omnia
632 4704 847 4774 suppeditasset?
875 4704 989 4760 Ludovi·
1040 4725 1121 4780 quam
1135 4708 1206 4778 quod
1220 4723 1273 4762 non
1287 4714 1423 4777 potestate,
1448 4707 1496 4761 sed
1518 4707 1699 4761 deminutione
1718 4709 1838 4777 positum

193 4768 264 4824 ciani
275 4767 428 4838 diplomatis
438 4771 519 4824 verba
533 4771 589 4841 ipsa
601 4782 691 4829 esseut
708 4774 838 4840 adbibita,
854 4776 905 4830 nisi
918 4776 987 4831 idem
1039 4787 1120 4843 esset,
1137 4787 1167 4832 ut
1178 4778 1212 4833 dc
1225 4777 1368 4834 ducatibus
1383 4776 1506 4833 Tuscana
1521 4785 1548 4832 et
1564 4775 1710 4847 Spoletaoo
1734 4776 1837 4833 lactura

193 4839 318 4909 scriptori
337 4837 476 4895 Ottoniani
491 4839 585 4898 luisset
597 4844 632 4897 ob
647 4845 756 4900 oculos?
774 4845 869 4901 Pensio
879 4847 987 4917 quidem
1040 4851 1167 4906 uidimus.
1183 4848 1218 4903 ht
1230 4848 1263 4903 de
1273 4847 1316 4901 his
1326 4847 1478 4902 dictumest
1487 4848 1514 4902 in
1526 4847 1662 4902 dissertat.
1677 4846 1765 4916 (num.
1779 4847 1836 4917 23).

194 4911 267 4968 iuxta
283 4909 419 4974 Carolina,
442 4926 489 4965 seu
505 4911 685 4969 Ludotieiaua
706 4924 760 4970 tem
781 4932 828 4970 ora
842 4917 989 4972 Ottouiano
1076 4921 1088 4960 h
1109 4919 1148 4974 En
1168 4933 1222 4987 quo
1240 4916 1434 4973 extendebatur
1458 4917 1630 4988 imperatoria
1654 4925 1788 4986 potestas,
1803 4917 1838 4971 ad

192 4997 251 5039 cro
269 4996 365 5050 parum
384 4982 518 5051 congruit.
544 4982 611 5038 Nam
633 4995 735 5055 septem
754 4931 807 5042 ifle
831 4988 990 5044 civitatese
1040 4992 1091 5046 tria
1106 4989 1207 5045 seilicet
1232 4990 1282 5042 ista
1298 4987 1397 5057 capita.
1420 4986 1541 5041 Pn'mum
1554 4987 1706 5041 inhaerebat
1720 4987 1838 5056 promis·

193 5056 293 5109 ducatu
317 5050 461 5120 Spoletano
481 5052 590 5116 auulsas,
608 5064 637 5109 ct
653 5064 753 5111 sanctae
767 5059 824 5113 sedi
836 5060 942 5114 donatae
954 5059 989 5112 ab
1039 5063 1114 5118 siorrc
1129 5059 1240 5127 Eugenii
1265 5058 1286 5112 ll
1299 5064 1326 5112 et
1346 5072 1549 5120 suceessorum:
1565 5055 1680 5112 alterum
1696 5058 1837 5128 pontilicis

194 5123 289 5180 eodem
312 5120 425 5185 0ttone,
451 5123 556 5194 integro
577 5126 679 5180 tributo
704 5125 805 5196 aliquid
833 5129 988 5183 debuissent
1039 5131 1231 5188 constitutione
1244 5137 1273 5182 ut
1285 5128 1373 5183 clerus
1385 5135 1412 5182 et
1426 5127 1540 5198 populus
1556 5127 1705 5191 Romanus,
1719 5128 1755 5182 ad
1769 5140 1839 5198 quos

195 5194 338 5251 detrahere
355 5200 403 5247 :at
416 5208 502 5262 neque
518 5193 544 5248 id
556 5197 685 5264 temporis
703 5197 800 5253 melius
814 5201 855 5270 agi
870 5206 986 5267 poterat,
1039 5203 1118 5258 urtice
1133 5200 1285 5270 pertinebat
1297 5198 1402 5259 electio,
1418 5205 1628 5252 saer-amentose
1638 5197 1796 5265 obligarent
1804 5198 1838 5252 ad

194 5277 281 5335 aeque
302 5278 351 5318 uos
366 5264 419 5318 seri
434 5265 536 5332 posteri
552 5266 674 5321 divinare
695 5283 848 5337 possumus,
874 5285 926 5338 qua
944 5284 988 5323 ra·
1040 5273 1197 5330 canonicam
1210 5278 1238 5324 et
1246 5268 1347 5339 justam
1366 5268 1544 5323 electionem:
1562 5266 1633 5335 quod
1648 5266 1783 5330 retieret,
1798 5267 1840 5322 tl-

195 5338 277 5400 tione,
303 5348 391 5402 quote
417 5344 528 5388 auctore
551 5334 578 5389 td
602 5337 720 5406 diploma
739 5339 874 5409 digestum
894 5338 985 5393 luerit·
1041 5359 1100 5399 sirm
1126 5352 1168 5397 est
1192 5339 1312 5407 Eugenio
1332 5337 1512 5408 imperatoriae
1538 5337 1711 5392 auctoritatis
1732 5346 1839 5393 meten

193 5406 251 5461 lloe
273 5404 440 5460 solummodo
458 5413 497 5460 est
512 5414 586 5461 ocrto
602 5407 713 5472 certius,
729 5409 844 5479 diploma
865 5406 987 5465 Ottouia·
1040 5427 1200 5485 pruponerc.
1224 5412 1428 5465 Sacramentum
1443 5406 1573 5476 ejusmodi
1586 5422 1640 5461 non
1652 5415 1713 5463 erat
1724 5422 1837 5472 namma,

193 5490 259 5530 rrum
276 5489 309 5530 ex
322 5475 504 5531 Ludoriciauo
518 5475 666 5546 pmlectum
678 5493 748 5534 esse.
1042 5501 1110 5540 prora
1124 5490 1184 5538 erat
1195 5487 1315 5551 potestas
1328 5479 1507 5548 imperatoris,
1529 5491 1611 5546 quam
1633 5479 1782 5548 ceteroqui
1792 5477 1841 5534 ob·

232 5543 389 5599 ⁸1amdiai
410 5547 443 5601 ad
465 5546 530 5617 dipl.
546 5546 649 5603 Ludos.
667 5549 705 5630 (ia
724 5551 793 5621 not.)
815 5552 865 5605 hac
884 5557 987 5605 tattlunt
1042 5556 1145 5610 tinebat
1166 5551 1326 5608 auctoritate
1347 5548 1502 5618 apostolica.
1525 5546 1676 5628 llancrcm
1698 5549 1839 5618 aliquan&

195 5616 338 5670 occasione
367 5616 532 5672 dominatum
563 5628 591 5673 et
619 5620 811 5688 suluectioneru
845 5620 986 5676 reservari.
1043 5626 1128 5680 husius
1143 5625 1169 5679 iu
1183 5638 1240 5692 seq.
1256 5620 1445 5676 dissertatione
1458 5620 1740 5675 tractatuum-enies.

196 5683 273 5742 Nunc
287 5685 393 5754 adjicio,
416 5687 543 5756 singulari
570 5691 619 5745 hae
631 5691 754 5747 cautione
770 5692 835 5747 satis
856 5704 989 5762 serpetque
