3780 6120
188 264 244 330 ‘lii
629 273 659 328 tt,
679 275 804 332 cludit
823 276 929 333 bidui
948 271 1022 334 O'PP.
1045 271 1133 335 irtus
1151 275 1171 336 l.
1194 281 1314 339 simitu
1333 283 1375 340 itt.
1768 290 1822 351 758

188 397 306 442 cturaut.
323 383 351 465 ln
370 382 413 438 bis
425 381 518 465 procul
536 382 617 438 dubio
631 385 778 466 scrutantis
789 386 886 442 defecit
901 403 976 443 scru-
991 393 1013 450 Α
1028 390 1105 447 dolor
1122 393 1274 450 meminisse
1285 397 1414 463 dolorem,
1431 401 1464 454 de
1479 402 1637 468 repetitione
1654 407 1825 467 subtractio·

190 457 296 517 cirrium,
320 455 495 534 discussionis
517 453 650 507 sentemta
675 453 740 508 utlttl
765 457 888 511 inuenit:
910 468 977 527 quo·
1028 461 1071 514 uls
1097 462 1181 530 ipsius
1204 481 1256 518 uon
1277 468 1368 535 putati
1394 480 1511 524 restrum
1523 473 1731 532 exulcerandum
1758 485 1823 536 ani-

192 524 271 580 modo
281 525 353 577 enirn
371 535 492 576 invertire
507 529 611 592 poterat
645 524 696 577 aod
710 541 762 578 non
778 528 857 580 erat?
875 527 942 580 Natta
955 529 978 583 si
1028 546 1101 584 mum
1118 534 1140 596 ⁸,
1155 535 1202 588 sed
1214 535 1248 587 de
1260 538 1398 592 substituti
1414 540 1557 595 sanctitate
1570 541 1715 611 aciustitia
1726 548 1826 607 dulci»

189 595 225 646 ad
251 607 282 646 ea
307 605 367 661 qim
389 590 520 646 Lausanoe
548 599 607 646 acta
626 537 732 647 arctant
757 596 872 664 querelae
894 597 979 666 ipsius
1029 602 1177 655 raudutui.
1193 601 1278 660 datae.

193 661 324 716 reici-atur
349 660 472 723 intentio,
494 661 521 714 id
541 676 708 732 nequisquam
722 665 810 719 exacti
827 665 933 721 labores
950 667 977 722 in
1239 695 1319 768 363
1338 695 1507 754 Eplsq-Ohg
1527 702 1562 756 ῃ
1575 704 1595 759 fl

191 730 364 801 expediendis
387 730 484 785 vestris
507 731 621 800 negotiis
636 733 775 801 patiuntur
787 748 811 798 a,
826 735 876 789 nisi
889 736 978 790 forsan
1172 788 1178 799 ,
1529 744 1537 756 ‘
1564 744 1572 757 ⁶

191 816 224 855 ex
243 817 275 855 eo
293 800 394 870 quaeris
411 800 531 880 insurgat
550 802 752 870 conquestionis
770 806 887 866 occasio,
907 806 979 875 qaod
1046 786 1088 839 Ad·
1105 786 1262 852 ⁶⁰idm0¹i³r
1277 801 1333 871 9⁰5¹
1348 793 1591 877 mortchGreporii
1608 791 1643 862 Χ.
1664 810 1692 853 ut
1707 799 1811 858 iverim

192 871 225 924 ad
243 880 360 924 uestram
376 878 546 940 praesentiam
566 870 593 924 iu
613 880 708 926 vestrm
726 878 789 927 tane
807 874 979 929 ltaltitationis
1288 860 1384 928 elilim
1399 864 1558 931 milicem·

192 939 308 1006 bospitio
319 940 561 1010 personaliternon
575 941 678 995 accessi
690 941 713 1005 b,
728 941 798 1010 quoti
813 944 885 997 novit
898 944 980 999 ditis-
1158 948 1219 1017 (dn.
1238 947 1314 1002 Doro.
1341 951 1418 1016 1276,
1437 955 1496 1007 cod.
1514 951 1584 1011 trau
1603 959 1684 1031 ιιιι)

192 1009 281 1092 §finili
303 1011 458 1065 0⁰¹¹¹¹¹¹i¹⁰¹¹¹
482 1010 652 1090 J¹⁰ll⁰¹i⁰ffl¹¹¹
675 1013 832 1092 ⁰0⁰¹¹Pi²502
854 1029 914 1082 ‘1¹⁸⁰
937 1030 980 1112 ¹2⁰
1030 1036 1275 1092 inconcinna-
1291 1044 1447 1114 lltululpltus
1463 1058 1574 1118 accepto
1593 1052 1710 1108 infausto
1726 1061 1831 1113 nuntio·

192 1080 290 1133 tbtdem
311 1087 391 1149 pmut
409 1090 488 1134 restra
506 1088 637 1134 noverunt
653 1088 714 1150 post
728 1082 876 1136 discessum
897 1100 980 1138 curto
1064 1107 1127 1160 dum
1146 1110 1365 1177 pronomem
1386 1117 1567 1185 mimimo
1587 1120 1711 1179 diadema
1734 1131 1825 1183 Μ·

191 1159 337 1274 ngltgtrslqffifi
344 1149 538 1290 dgtgtiutbantqp
548 1149 908 1276 μιιὲἶιξιιὲήεξὲνῖἑὲῐῧὲιθῖ
920 1165 981 1278 (1ῑῇ
1065 1178 1201 1259 pieridum,
1223 1181 1356 1247 substitit,
1371 1186 1533 1308 scripsitque
1551 1204 1629 1246 sacro
1643 1195 1827 1264 cardinalium

191 1304 251 1358 qtae
265 1291 434 1358 postmodum
448 1303 496 1359 per
511 1298 679 1344 mercatores
687 1290 720 1345 de
731 1291 841 1371 speciali
853 1264 981 1348 mandato
1065 1246 1192 1381 {affigi}
1203 1250 1508 1387 ιιιῐιιιμιιιὲῧῐιξιξιινιθῖιῇιιὶἓξὲξΙ
1518 1266 1824 1404 ἳνῗὶιωιιιιέιεῗιῗέἓῗῖἓῑῃ

190 1358 982 1480 ⁸⁸⁹⁰
1148 1389 1275 1459 ana
1305 1396 1519 1463 amana
1624 1417 1639 1454 ι
1663 1414 1717 1472 aa

191 1506 299 1568 gantur,
316 1497 372 1567 ipsa
394 1496 458 1552 iacti
475 1497 516 1551 sui
536 1498 663 1568 qualitas,
687 1513 747 1567 quae
769 1501 859 1554 rneriti
874 1515 978 1569 praeeo-

192 1567 367 1637 uiumpotius
378 1568 559 1636 exspectabat,
573 1581 653 1636 quam
665 1568 852 1624 mutabilitatis
864 1569 981 1640 aliquant

192 1639 376 1707 ituposturatn,
401 1637 581 1692 ituroceutiam
606 1646 722 1692 tueatur.
742 1638 886 1705 Ceterum,
909 1642 982 1711 prin-

191 1705 979 1845 &beaw:fibliiiaimisgs‘tlitig[ssgciiflfflggfflbffieffgssffiisa
999 1725 1020 1784 B
1068 1735 1181 1791 eautsilio
1199 1738 1311 1794 solemni
1332 1741 1375 1796 die
1395 1743 1543 1812 imperialia
1563 1749 1676 1819 iusignia
1698 1752 1751 1808 sibi
1769 1753 1824 1808 lar-

191 1847 273 1902 ctiam
291 1846 373 1902 coniti
390 1846 509 1919 [conjici]
527 1854 616 1916 potest
627 1848 806 1904 accusationis
824 1851 976 1917 instinctus,
1065 1805 1574 1945 fflf'wsffpffi¹ffgissgffifffl“¹¹¹¹
1593 1820 1651 1875 εἰπε
1665 1831 1760 1878 ‘mmm
1776 1834 1825 1879 ³¹¹²

191 1928 272 1986 qttem
293 1915 385 1972 forsan
395 1917 555 1971 detractoris
568 1916 681 1986 alicujus
696 1933 794 1973 nocere
815 1919 978 1975 intendentis
1512 1926 1521 1939 '

190 1997 218 2042 et
231 1987 318 2052 robis,
337 1993 365 2041 et
386 1986 452 2040 mibi
468 1986 546 2041 tertia
565 1986 656 2057 lingua
678 1986 813 2042 iormarit.
834 1988 912 2044 Circa
927 1990 979 2046 boe
1066 1985 1104 2039 Ei
1125 1987 1204 2042 berto
1221 1989 1363 2046 miiiiissiis
1377 1992 1506 2050 ficticii&
1528 1996 1672 2062 it0rit¹¹³tt⁰
1691 2003 1824 2072 miani

190 2074 255 2128 ergo
271 2057 369 2128 regalis
387 2055 581 2112 celsitudinis·
599 2056 751 2111 sollicitudo
765 2059 896 2128 quiescat,
916 2060 979 2130 quia
1031 2057 1160 2111 translato
1192 2059 1225 2113 ad
1249 2060 1357 2116 caelicas
1383 2064 1555 2129 ntansioncs,
1587 2067 1673 2125 setteis
1696 2072 1827 2129 videlieet

191 2144 260 2191 ritca,
281 2135 310 2181 ut
323 2126 382 2181 siae
398 2123 536 2194 iactantia
555 2126 665 2182 uotasit
683 2141 782 2193 serino,
801 2129 907 2199 perlici
921 2146 981 2201 gra·
1031 2127 1225 2182 recordationis
1249 2130 1359 2186 domitto
1383 2131 1513 2203 Gregorio
1548 2147 1654 2193 summo
1682 2137 1828 2208 pontifice,

191 2200 256 2253 tiam
275 2205 343 2251 nota·
357 2196 517 2259 constantia,
531 2202 559 2251 et
575 2196 747 2252 devarietate
759 2199 879 2266 qualibet
893 2214 979 2268 usque
1030 2195 1111 2264 cujus·
1121 2199 1263 2264 prasentia
1283 2202 1397 2256 mmtdus
1417 2205 1511 2273 utique
1526 2206 1669 2263 virlebatur
1682 2209 1825 2282 indignus,

191 2270 280 2324 adhuc
301 2281 399 2337 espen
418 2264 544 2331 infamiae,
565 2267 696 2323 hacteuus
720 2267 830 2323 immota
850 2270 978 2339 perstitit,
1031 2265 1064 2318 ad
1083 2266 1208 2335 requiem
1216 2279 1327 2325 evocato
1345 2273 1366 2335 i,
1385 2271 1448 2335 lieet
1463 2275 1489 2329 iu
1505 2277 1620 2333 crcetsts
1636 2280 1757 2337 exsultet
1764 2281 1823 2350 jani

190 2348 218 2393 et
227 2339 294 2394 dum
307 2337 397 2392 uitalis
407 2336 519 2419 spiritus
531 2345 608 2391 artus
619 2337 725 2402 alaerit,
737 2336 794 2392 lieo
805 2340 914 2409 auspice
930 2340 980 2393 im·
1031 2335 1149 2405 angelici
1167 2339 1244 2392 turba
1258 2340 1398 2405 uoelorum,
1415 2341 1477 2398 licet
1490 2341 1535 2397 iila
1551 2346 1629 2400 beata
1641 2362 1827 2420 supemorutn

192 2416 308 2472 mutata,
325 2406 410 2462 solida
424 2403 579 2475 illibataque
591 2406 728 2476 persistet.
740 2406 811 2463 Sitne
827 2425 908 2478 super
920 2409 981 2464 aliis
1031 2404 1132 2460 eitiunt
1156 2408 1262 2477 agritia
1283 2421 1333 2478 pm
1356 2419 1411 2465 tarn
1432 2412 1542 2483 gloriosi
1566 2417 1686 2474 concivis
1707 2432 1820 2476 accesso

192 2494 240 2534 vos
254 2476 473 2548 contingentibus
489 2491 550 2532 eunt
564 2474 595 2529 ti.
608 2475 698 2532 habita
715 2484 757 2532 est
770 2478 847 2548 pleae
862 2480 979 2542 collatio,
1031 2474 1216 2543 placitas-beo
1229 2479 1373 2533 concinant
1385 2483 1528 2539 conciones
1540 2483 1563 2548 i,
1575 2487 1679 2557 plangit
1693 2496 1783 2545 tanuen
1796 2494 1828 2546 iu·

192 2558 220 2603 et
239 2549 297 2631 ipse
319 2547 389 2603 sictut
408 2545 491 2601 sbnnl
512 2546 690 2612 condiximus,
712 2555 741 2600 ut
754 2548 858 2603 aestimo
877 2549 982 2620 plenius
1033 2545 1113 2600 tertis
1145 2546 1263 2602 bdelium
1294 2551 1371 2604 turba
1394 2539 1562 2609 terrestrium
1591 2566 1641 2625 pro
1668 2559 1823 2615 decessui.

192 2620 269 2675 vobis
288 2616 382 2674 scribit
397 2615 419 2670 i.
444 2616 482 2672 lle
500 2617 718 2687 voeatioaerero
733 2620 874 2674 memorati
897 2619 982 2690 patris
1033 2613 1134 2687 Lugeat
1155 2617 1246 2687 ltaque
1264 2617 1368 2674 Graecia
1385 2635 1434 2675 suo
1454 2638 1615 2679 conversore
1637 2629 1757 2697 propitio·
1779 2630 1825 2684 de

192 2703 312 2760 presens
331 2686 449 2743 litterula
471 2687 593 2743 consulto
614 2687 753 2752 subticuit,
777 2690 840 2758 quia
864 2706 926 2745 cum
948 2691 983 2746 sit
1033 2686 1135 2753 solata,
1158 2703 1220 2742 nam
1241 2688 1370 2745 drachma
1395 2706 1455 2761 quae
1480 2692 1559 2765 longo
1585 2698 1711 2767 tempore·
1735 2700 1824 2756 iamai

1065 1470 1160 1511 ntttnes
1185 1473 1261 1527 reges
1279 1462 1414 1518 exaltatus
1431 1473 1458 1519 et
1472 1474 1586 1535 paterno
1599 1486 1692 1527 amere
1706 1468 1830 1532 dilectus·

1068 1524 1164 1580 lueratt.
1183 1526 1300 1596 Speraus
1312 1547 1495 1590 successorem
1509 1537 1624 1593 electum
1641 1541 1685 1606 iri,
1700 1544 1747 1612 qui
1765 1560 1827 1601 ece-⁴

1067 1603 1141 1662 ιιιιιιιι
1166 1609 1234 1665 epus
1256 1600 1386 1683 perltciat,
1407 1620 1454 1659 eos
1482 1617 1607 1674 precatur
1636 1614 1666 1664 ut
1689 1614 1824 1683 optiutuur

1068 1680 1252 1721 successorem
1270 1685 1395 1726 ocissime
1417 1673 1525 1745 eligant,
1548 1679 1592 1747 qui
1612 1684 1713 1736 statuta
1727 1698 1824 1740 eorum

228 2856 241 2884 ι
261 2843 429 2912 Praecipuum
442 2857 475 2896 ex
488 2842 601 2912 negotiis
615 2842 651 2897 ibi
675 2846 852 2913 pertractatis<
875 2840 984 2901 luerunt
1033 2839 1461 2907 iuewmviobaic⁰ss501ii⁰tias
1479 2841 1584 2910 ,litteris
1598 2831 1725 2914 pontiflci
1736 2865 1825 2921 egre-

193 2913 354 2968 sexeunales
377 2912 487 2968 decimae
514 2920 568 2967 tota
589 2913 734 2968 Germania
757 2913 913 2986 colligendae
933 2931 983 2985 pro
1035 2909 1112 2972 tanti,
1138 2924 1198 2978 liuto
1220 2910 1401 2980 appinguntur
1427 2912 1581 2984 liudolpho,
1609 2912 1826 2987 suppositionem

192 2992 323 3053 apparatu
342 2996 427 3036 sacrae
446 2983 633 3051 expeditionis.
652 2983 701 3038 Cui
720 2985 759 3038 rei
772 2984 919 3055 Gregorius
938 3002 982 3040 ar·
1034 2978 1118 3043 ⁰¹0¹&
1139 2989 1168 3033 iii
1188 2978 1294 3034 aiebam
1313 2992 1393 3049 supra
1411 2980 1465 3053 (ei)-
1482 2986 1538 3053 39).

192 3053 282 3124 cbiep.
307 3050 526 3106 libreduuensem
550 3051 680 3121 praefecit.
706 3052 861 3124 llaynaldus
888 3054 979 3125 (itii,
994 3072 1039 3134 c¹
1072 3059 1084 3087 ⁰
1103 3049 1152 3102 llic
1167 3060 1248 3130 vetas
1265 3048 1373 3114 titulus,
1401 3061 1482 3122 :ruitae
1504 3053 1582 3124 liujus
1600 3056 1702 3114 similos
1719 3058 1745 3111 io
1761 3059 1824 3112 cori..

193 3140 223 3181 n.
234 3120 280 3194 ta)
296 3129 495 3178 sacramentum
510 3122 619 3177 exhibet
631 3124 811 3190 praestandum
823 3125 857 3179 ab
871 3136 980 3181 exacto-
1033 3127 1085 3172 asto
1096 3126 1123 3172 et
1137 3119 1163 3171 iu
1177 3119 1302 3174 otumbus
1323 3124 1505 3179 ministrantis
1528 3134 1684 3180 mtatanter
1704 3126 1824 3181 inuenie-

192 3195 279 3259 ribus,
291 3201 321 3248 ut
334 3206 439 3249 summa
455 3206 516 3248 cum
532 3191 583 3245 lide
598 3193 640 3246 exi
659 3201 751 3247 eretur
766 3193 864 3262 ubique
877 3195 980 3249 decima
1033 3195 1086 3250 tur,
1111 3183 1181 3257 quod
1203 3198 1311 3258 seraper
1330 3206 1423 3261 argeti,
1448 3202 1478 3247 ut
1500 3194 1621 3261 licentia,
1643 3208 1697 3251 seu
1715 3191 1823 3252 inscitia

193 3282 213 3321 u
227 3262 287 3319 rede
300 3260 443 3335 apostolice
454 3276 500 3331 pro
513 3261 630 3316 subsidio
639 3209 726 3316 fferre
740 3272 838 3317 sanctu
848 3277 979 3319 contrua.
1032 3258 1184 3314 collectoris
1201 3256 1305 3313 firmius
1322 3268 1455 3316 teneatur.

193 3334 273 3391 attat
293 3348 346 3390 non
367 3331 434 3386 levis
453 3332 581 3387 momenti
604 3342 664 3386 erat
683 3332 836 3397 coronatio,
854 3334 914 3388 sine
965 3350 981 3390 a
1072 3327 1125 3381 ‘ln
1147 3342 1217 3397 §teile
1239 3328 1354 3384 laudatis
1373 3331 1470 3388 litteris
1493 3334 1670 3390 cardinalium
1694 3337 1759 3393 godo
1778 3353 1824 3391 va.

194 3406 342 3474 imperator
362 3416 422 3458 esse
444 3416 495 3456 nou
518 3409 640 3470 poterat,
666 3402 726 3466 sed,
752 3403 838 3457 instar
858 3402 982 3459 Castelm
1032 3406 1120 3464 cante,
1147 3414 1190 3467 ap.
1214 3396 1381 3469 liaynaldum
1409 3399 1506 3473 (itii,
1524 3419 1551 3457 ιι.
1566 3402 1618 3476 iia)
1642 3401 1681 3460 ita
1708 3406 1826 3477 leglt'ur:

192 3477 273 3545 rogis,
297 3472 417 3542 auspicio
443 3480 547 3526 tautum
570 3471 675 3540 imperii
697 3473 874 3542 gloriabatur.
905 3475 982 3540 Quod
1036 3467 1102 3523 «Ut
1120 3467 1218 3522 vestris
1231 3468 1368 3538 gressibus
1384 3471 1411 3525 in
1425 3475 1468 3526 ria
1488 3473 1598 3542 pacifica
1614 3476 1711 3543 positis
1725 3485 1829 3532 restra·

193 3545 286 3615 ιιιιιιιιιί
298 3551 379 3607 esset,
394 3543 506 3611 ipsemet
518 3539 618 3595 ditetur
628 3543 654 3596 in
667 3541 871 3598 eonllrntatione
880 3542 982 3611 iuriam
1032 3537 1209 3613 iii⁰¹i¹0150¹¹is
1225 3540 1360 3608 ¹¹²i⁰iii¹¹¹¹
1379 3541 1497 3610 quietius
1513 3544 1684 3611 immisti,
1700 3554 1727 3600 θῑ
1744 3563 1822 3601 Sicu·

194 3623 294 3668 eunetc
317 3613 415 3668 sedis:
440 3611 498 3665 «Si
517 3620 628 3681 propter
651 3613 788 3681 negotium
810 3629 909 3676 meum,
938 3615 981 3669 in.
1034 3608 1261 3672 riusduceretur;
1281 3609 1313 3663 ad
1332 3611 1413 3679 quod,
1430 3612 1499 3667 sicut
1530 3613 1625 3676 nostis,
1644 3616 1736 3671 uarios
1753 3611 1827 3670 idem

194 3685 304 3754 quiens,
327 3683 475 3737 Romanam
498 3680 646 3737 Ecclesiam
671 3684 821 3752 oportuerit
844 3682 982 3739 incurrere
1033 3676 1151 3745 itouiiitt
1176 3677 1273 3799 φνεῖ).
1295 3677 1336 3751 Χ)
1363 3682 1492 3749 perutiles
1513 3691 1644 3739 tractatus
1666 3686 1827 3755 assumpsit,

194 3768 331 3836 guterrem,
340 3752 497 3807 subveniam
507 3752 541 3815 ei,
554 3752 625 3807 sicut
638 3752 979 3822 necessitaspostulaverit,
1033 3762 1101 3817 quos
1127 3747 1243 3802 dnatter
1278 3753 1478 3815 consummari,
1507 3752 1580 3821 ejtts.
1611 3765 1691 3822 itrottt
1710 3756 1825 3810 [lentitia

195 3842 221 3879 iu
233 3823 384 3894 expensis.»
395 3822 459 3889 Quae
469 3820 522 3876 alia
536 3829 576 3876 tot
587 3822 716 3877 bernardi
729 3824 836 3879 labores
851 3823 981 3892 requisie·
1033 3817 1144 3885 placuit,
1159 3817 1191 3871 de
1204 3819 1256 3872 boe
1270 3820 1374 3874 miratio*
1386 3823 1491 3876 circatio
1506 3840 1558 3877 raon
1572 3824 1705 3891 purttusit.
1722 3845 1737 3876 ι·
1759 3824 1828 3890 Qttar

193 3895 267 3958 rint,
291 3892 447 3962 liudolphus
468 3890 573 3947 duobus
600 3900 704 3946 motum
730 3893 820 3948 verbis
843 3893 982 3963 amplexus
1033 3888 1066 3940 tid
1082 3888 1215 3956 irascibili
1234 3887 1278 3943 iili
1290 3890 1342 3944 (¹1¹0
1355 3893 1471 3960 mimia.
1491 3901 1518 3945 et
1534 3893 1596 3956 aiii,
1613 3908 1676 3963 littte'
1737 3903 1827 3949 ἠοῖ-τ’

192 3972 253 4020 erat
268 3961 388 4017 rutilitas
400 3972 424 4016 et
434 3961 718 4031 prouecamsutttttate
729 3964 801 4017 enirn
815 3970 843 4018 et
853 3963 980 4027 decimas,
1033 3956 1172 4038 iudicabo,
1202 3956 1341 4039 mittentia
1366 3967 1439 4014 suiti-
1469 3963 1507 4016 lit
1530 3908 1770 4019 mineribussffliis
1794 3980 1825 4018 se

193 4042 221 4089 et
234 4032 362 4104 quidquid
375 4031 486 4087 subsidii
500 4031 665 4098 obtinuerat,
682 4032 901 4101 comprehendit,
920 4048 983 4102 pro-
1033 4026 1185 4081 cooduusse
1199 4037 1237 4082 att
1252 4044 1314 4082 eum
1326 4029 1399 4101 regio
1410 4040 1517 4086 oratore
1526 4046 1570 4102 ap.
1583 4044 1707 4087 sanctam
1719 4035 1822 4089 sedena

193 4113 273 4160 rectu
301 4110 394 4157 autem
424 4101 600 4157 cottstitutum
619 4099 676 4169 jam
698 4102 768 4156 diem
798 4101 981 4167 Pentecostes,
1033 4096 1098 4162 Qum
1115 4111 1179 4152 uero
1198 4097 1243 4150 illa
1261 4097 1361 4153 luerint
1375 4099 1548 4155 diuinamlum
1562 4100 1771 4172 aliisrelinquu.

194 4174 300 4246 quoad
318 4171 423 4254 imperii
445 4171 582 4241 fastigium
605 4171 794 4240 provehendus
816 4181 875 4227 erat
891 4173 982 4228 boma
1071 4166 1234 4237 ⁸liaitttiili
1261 4170 1369 4223 brevem
1394 4170 1427 4224 de
1453 4169 1583 4241 Gregorio
1610 4172 1636 4227 x
1659 4173 1694 4228 ad
1712 4185 1828 4242 superos

193 4242 326 4356 imperiali
340 4243 640 4297 diademateasummo
653 4240 781 4310 pontifice
794 4241 947 4296 redicimus.-
1033 4236 1155 4291 evolante
1186 4239 1368 4294 narrationem
1397 4238 1488 4309 (lilii,
1507 4241 1577 4312 nel)
1604 4242 1752 4311 preterire
1768 4256 1821 4295 non

262 4314 320 4368 Duo
338 4310 466 4380 praedicta
483 4310 604 4379 negotia,
618 4320 646 4365 et
663 4310 767 4366 tainora
786 4311 837 4365 alia
852 4311 982 4367 omicidia
1034 4307 1136 4361 debeo:
1159 4325 1168 4358 t
1188 4308 1301 4378 lugenti,
1323 4308 1370 4371 ait,
1392 4311 1434 4364 sui
1455 4310 1549 4365 relicto
1567 4310 1707 4367 desiderio
1722 4327 1738 4367 e
1756 4311 1827 4366 viris

193 4383 269 4440 brevi
295 4382 399 4449 aliquot
418 4381 522 4435 dierum
552 4394 627 4436 mora
644 4395 724 4449 quam
737 4381 894 4449 liudolphus
917 4380 982 4437 lecit
999 4377 1179 4471 „discessui
1205 4378 1374 4447 irreparabili
1400 4378 1491 4435 Tertii·
1523 4389 1625 4436 saneim
1646 4382 1764 4446 damae,
1790 4381 1826 4435 Μ

195 4454 340 4515 buusantc,
360 4449 534 4518 esperlienda,
550 4447 633 4505 luisse
657 4464 766 4506 causatu
785 4467 834 4506 cur
848 4449 936 4506 oilleio
955 4451 985 4506 itt
1035 4460 1114 4515 qaam
1132 4447 1355 4502 eSamcenorum
1378 4450 1501 4505 mantum
1516 4451 1682 4520 eripiendam
1698 4467 1760 4507 cum
1778 4450 1826 4503 im·

195 4532 302 4579 tautam
329 4521 475 4601 principem
499 4519 611 4582 deesset,
638 4521 708 4575 baud
734 4520 837 4575 creditu
865 4521 989 4590 praetii-e·
1034 4525 1159 4584 peratore
1181 4519 1322 4582 sacrando,
1343 4533 1375 4573 ae
1393 4518 1567 4580 truncorum,
1579 4519 1694 4589 togtta,
1713 4520 1822 4582 Siciliae,

195 4602 248 4650 est.
270 4591 345 4646 llaud
363 4589 442 4644 dubie
457 4588 609 4644 Bernartius
627 4605 716 4645 meum
736 4591 847 4645 sortitas
863 4601 922 4645 erat
943 4592 984 4646 in-
1033 4587 1188 4656 Aragonum
1212 4588 1329 4657 regibus,
1353 4588 1466 4658 aliisque
1484 4589 1655 4660 principibus
1674 4589 1825 4645 intrumeris

195 4663 304 4735 genitam
316 4679 322 4715 :
335 4659 420 4716 otium
434 4659 537 4715 scilieet
557 4659 706 4715 litterarum
724 4660 864 4730 quibusvis
888 4659 984 4716 olilciis
1033 4667 1092 4710 erat
1116 4657 1294 4727 proiectums.
1314 4678 1323 4708 i
1347 4656 1425 4726 Apud
1450 4660 1575 4713 eurudem
1592 4658 1755 4714 annalistam
1778 4673 1825 4713 er-

196 4731 365 4804 praeierebat.
832 4792 836 4799 ,
1035 4735 1108 4781 stant
1134 4727 1232 4782 littere
1255 4726 1398 4795 pontilicis,
1425 4742 1485 4797 quae
1508 4729 1657 4784 narrationi
1680 4728 1764 4784 iidem
1785 4728 1825 4782 la-

232 4815 244 4843 0
263 4803 382 4858 mouere
391 4799 499 4855 ridetur
518 4799 749 4869 archiepiscopum
765 4801 984 4859 libreduoensem
1035 4797 1121 4850 ciunt.

194 4873 330 4931 exactioni
353 4870 518 4927 decintarum
533 4869 692 4938 praelectum
702 4879 845 4941 postquam
860 4873 983 4928 Lausana
1071 4866 1166 4920 liniri
1179 4866 1276 4921 decem
1285 4880 1332 4922 ⁶0⁸
1343 4866 1411 4932 diii,
1423 4866 1685 4936 (iiliinierGreitiiii
1710 4873 1828 4922 moriem

195 4944 337 5001 deabus
383 4948 509 4994 merserat
519 4939 668 4994 Sedunum.
989 4994 992 4998 ,
1035 4937 1221 4993 etlnttoceutii
1238 4937 1258 4991 ii
1273 4937 1431 4992 electionem
1449 4936 1670 5002 intercesserunt,
1685 4937 1736 4992 ltas
1754 4937 1828 4991 litte

230 5014 244 5054 i
267 5014 326 5069 blla
349 5011 431 5081 igitur
459 5009 579 5065 subsidia
601 5011 708 5066 decreta
730 5020 808 5066 erant
831 5011 983 5083 liudolpho.
1035 5022 1079 5062 ras
1090 5008 1167 5062 datas
1179 5021 1238 5062 esse
1252 5006 1316 5062 binc
1332 5007 1425 5077 liquet.

195 5085 263 5142 cirin
282 5083 358 5140 enim
374 5091 436 5136 ante
451 5081 553 5150 aliquot
574 5094 680 5135 meuses
696 5081 817 5148 pontiflci
833 5083 922 5138 minim
938 5098 985 5153 op
1074 5080 1081 5118 i
1103 5077 1205 5132 llozlieo
1224 5076 1269 5131 illo
1284 5076 1408 5132 andracim
1427 5075 1531 5131 diemrn
1549 5072 1703 5141 intervallo,
1715 5089 1828 5144 quese-

197 5164 339 5226 portunum
351 5153 440 5207 risum
453 5159 525 5206 esset
536 5149 637 5222 regiam
650 5151 839 5207 necessitatem
850 5151 985 5221 dlpbouso
1036 5150 1083 5204 des
1097 5147 1211 5209 vaeavit,
1225 5147 1293 5201 datae
1306 5145 1415 5200 iueruut
1426 5146 1467 5200 lue
1483 5146 1581 5200 littera
1596 5145 1753 5200 adsacrum
1767 5158 1829 5198 car-

196 5223 348 5296 patelacere
370 5222 424 5295 (cp.
447 5220 493 5292 ἢ)
519 5235 551 5275 ac
571 5227 701 5289 praeterea
719 5228 883 5277 mercatores
908 5222 986 5278 abes-
1037 5218 1166 5272 (linaium
1181 5216 1333 5285 collegium,
1349 5223 1380 5269 at
1396 5231 1427 5271 es
1448 5214 1542 5270 iisdem
1552 5223 1638 5284 patet.

196 5304 266 5358 seut,
280 5307 434 5349 marearum
447 5306 552 5347 summa
566 5304 648 5360 quam
662 5297 755 5345 mutuo
771 5305 800 5347 se
813 5300 986 5360 accepturum
1074 5286 1080 5338 i
1101 5285 1197 5355 Opinio
1217 5286 1329 5356 piissimi
1350 5284 1480 5355 principis
1500 5282 1742 5366 lallaxtuon'luit,
1764 5297 1828 5335 nam

199 5364 384 5433 pollicebatur,
396 5362 425 5417 in
436 5359 567 5429 maiorem
582 5361 907 5429 opportunitatemdilaia
926 5361 985 5416 lue·
1037 5358 1146 5412 beatum
1165 5355 1320 5424 pontiltcetn
1342 5362 1484 5409 renea-atur
1498 5353 1627 5413 Ecclesia,
1650 5367 1764 5422 eiusque
1781 5366 1830 5405 no·

199 5444 241 5489 rat
260 5446 371 5504 :neque
386 5431 476 5487 omnia
495 5445 555 5500 qam
572 5429 655 5484 simul
676 5430 801 5486 collocati
822 5440 900 5485 eram
919 5432 988 5486 Lau·
1038 5443 1099 5480 ittett
1120 5425 1219 5481 Beued
1232 5425 1289 5480 titi
1315 5424 1392 5493 jussu
1413 5423 1440 5477 in
1453 5423 1676 5495 martyrologium
1698 5432 1741 5477 est
1760 5420 1848 5494 reia--

197 5517 279 5563 atinae,
289 5502 414 5557 mandata
428 5501 525 5556 litteris
540 5501 722 5555 inveniuntur.
738 5500 776 5556 De
791 5516 820 5554 rc
835 5510 925 5554 autem
941 5517 987 5571 po-
1037 5505 1106 5551 ttun.
1760 5559 1767 5571 .

199 5573 318 5625 ettoiaria
335 5573 380 5627 laic
399 5585 455 5626 rem
472 5586 532 5627 esse
550 5585 630 5626 nemo
645 5587 698 5626 oon
718 5570 800 5626 videt.
814 5570 893 5625 AEtas
907 5572 987 5625 etiam
1075 5568 1087 5607 t
1111 5565 1204 5619 llerito
1231 5564 1323 5618 ildeles
1346 5577 1440 5617 omnes
1462 5563 1627 5626 moerebant,
1654 5576 1718 5615 uam
1742 5573 1832 5641 aarum

199 5638 348 5695 litterarum
375 5643 492 5695 notanda
513 5650 564 5705 est,
579 5655 674 5711 nempe
716 5648 758 5696 ost
779 5641 849 5697 diem
866 5639 987 5695 ianuarii
1038 5646 1160 5692 sanetum
1180 5635 1342 5696 amiserant,
1358 5633 1403 5700 qui
1420 5631 1549 5686 eontintm
1565 5632 1669 5687 clarete
1682 5637 1766 5700 empti
1782 5644 1833 5682 mr

200 5709 332 5764 decianam
347 5709 469 5780 Gregorii
481 5710 666 5767 emortualem.
689 5655 767 5777 &aad
786 5710 873 5780 magis
890 5709 989 5781 magis-
1041 5700 1625 5774 racalis.idoctoresapdiaynal.(1276,
1644 5699 1710 5755 ni
1730 5700 1833 5769 seqq).
