3780 6120
111 358 113 362 Ι
144 290 196 347 eta
586 292 615 347 B.
637 293 762 348 cluunt
783 292 889 349 lhlGh'i
907 293 982 351 Ol‘l‘.
1005 295 1095 355 esus
1114 301 1132 356 l.
1154 298 1274 357 stulto
1293 297 1336 354 ill.
1723 296 1778 358 ets

143 422 206 460 rero
217 419 250 461 et
264 403 413 461 Annalibus
428 404 580 462 l‘etavianis
602 415 731 476 pentorn:
762 427 771 458 r
788 408 844 464 lloe
861 425 933 465 nntto
948 414 970 470 Α
985 410 1057 467 illins
1069 414 1201 470 divideret
1220 433 1226 468 :
1243 416 1349 469 tametsi
1369 412 1522 481 husjusmodi
1546 413 1655 479 lallcndi
1673 415 1780 475 artibus

140 477 238 530 rlonma
252 475 331 530 llerta
346 473 397 530 init
411 476 437 530 in
454 475 528 530 ltalia
539 485 649 546 propter
659 477 741 533 tiliam
753 479 883 534 Desiderii
892 493 934 533 re·
984 482 1150 549 nonCarolo,
1163 485 1267 540 serisibi
1279 482 1513 547 danrnumiutolit,
1526 483 1776 555 ithnemaximnm3

139 546 191 669 ‘iis'
204 555 232 600 et
246 545 356 601 redditae
367 554 430 601 sont
444 545 568 601 civitates
583 546 705 616 plurimae
720 550 805 604 salicti
820 549 903 604 Petri.
920 568 929 601 r
983 567 1046 606 nam
1057 569 1169 623 regnum
1185 563 1212 609 et
1223 555 1374 609 libertatem
1386 554 1487 618 amisit,
1506 555 1697 619 utostendam,
1713 571 1778 613 emn

140 636 149 671 e
164 627 184 678 t,
201 617 270 671 bona
291 631 353 672 curn
365 615 441 687 Pagii
463 617 551 680 sertia,
571 619 724 674 testimonia
739 626 793 673 tam
813 621 932 675 serotina
983 636 1083 677 venero
1094 627 1127 680 ad
1138 623 1250 679 Adriani
1264 626 1402 693 epistolas.
1426 623 1467 679 tte
1478 623 1644 692 pontiticiam
1658 639 1724 680 nevo
1737 627 1779 683 tli-

139 686 248 741 dnbinm
264 697 402 743 urerentur
412 689 509 743 tidem:
526 704 614 758 iretque
627 690 700 744 enim
712 691 835 759 plnrinne
855 697 933 746 erant
983 691 1083 747 tionem
1097 695 1168 764 quod
1185 696 1290 758 attinet,
1308 704 1363 749 tom
1377 696 1403 749 in
1421 694 1505 749 reteri
1527 693 1658 757 dominio,
1675 703 1732 750 ttrm
1749 697 1778 752 in

139 756 262 812 civitates
277 757 466 822 restituendoe3
484 774 572 828 neque
586 758 639 814 ulla
652 775 684 814 ex
700 761 731 814 iis
741 761 844 831 parneis,
865 776 932 885 guas
983 778 1052 818 noro
1062 779 1109 832 per
1121 765 1285 819 Francorum
1297 780 1388 836 regem
1395 765 1536 833 Pippinum
1548 779 1677 818 concesso
1687 781 1780 822 serere

139 828 764 896 restitnioportebat,abesirlerioredditaluit.
790 830 860 898 Quin
888 840 931 886 te·
982 832 1140 898 discordias,
1158 836 1354 904 easquealere,
1415 835 1471 890 rid
1486 834 1623 888 sitentium
1640 850 1779 904 onrrquam

138 898 227 965 phano
242 898 296 952 rita
310 897 401 954 lurreto
410 898 545 955 Adrianus
555 900 580 953 ei
594 899 722 956 sulicctus
730 901 860 956 resinent
868 902 932 956 mis-
982 902 1094 958 ‹lestitit
1136 904 1277 961 Continuis
1301 906 1433 975 siquitem
1451 904 1637 959 molitionibus
1658 906 1778 974 palatina

137 967 241 1048 sisejns
251 969 399 1025 amicitiam
412 971 605 1039 quaerentibus,
618 971 745 1040 plenariae
753 972 931 1027 restitutionis
981 971 1078 1040 cilicia,
1093 989 1175 1045 penes
1187 991 1247 1045 qnae
1264 976 1416 1044 reipublicae
1432 974 1631 1034 administratio
1644 985 1714 1039 erat,
1730 982 1779 1030 ant

137 1038 339 1106 pollicrmtinne,
368 1040 560 1110 improperavit
581 1056 641 1110 qnae
667 1056 716 1096 suo
740 1042 930 1112 praedecessori
981 1045 1279 1115 avertereapontinre,
1294 1045 1460 1102 autemedio
1474 1044 1569 1099 tollere
1578 1044 1777 1100 meditabatur:

137 1108 274 1178 Stephano
298 1119 463 1180 reposuerat,
490 1113 553 1165 dnm
568 1126 617 1180 per
628 1126 726 1166 nnssos
739 1127 803 1165 srvos
816 1111 932 1167 Anasta·
980 1128 1092 1180 queres
1104 1116 1197 1169 trrlvem
1209 1115 1484 1184 ipsarnsinmltatibns
1495 1123 1522 1169 et
1532 1115 1618 1182 penis
1633 1113 1776 1184 implebat.

135 1179 205 1234 sium
219 1179 403 1248 primicerium
415 1181 587 1236 defensorum
602 1190 629 1236 et
639 1179 808 1236 Gennnulurn
822 1183 932 1238 subdia·
981 1182 1077 1251 Pejora
1096 1185 1123 1238 io
1139 1185 1293 1240 Euarchatn
1310 1193 1337 1240 et
1353 1184 1493 1253 Penmpoli
1515 1183 1645 1239 Desiderii
1671 1185 1779 1241 artibus

134 1251 360 1319 conrnnpetebat,
388 1250 445 1306 rllt
459 1267 520 1321 qne
537 1253 745 1320 presentialiter
757 1253 836 1306 beato
849 1252 931 1308 Petro
980 1262 1137 1309 evenerunt.
1164 1253 1231 1309 Nam
1243 1255 1337 1326 Sergio
1352 1253 1487 1309 Ravennae
1501 1253 1671 1323 archiepisco
1721 1255 1778 1310 vita

131 1321 270 1390 pollicitos
296 1328 356 1386 est,
381 1321 582 1390 adimplerent»
610 1322 710 1375 etenim
738 1324 927 1390 responderat:
981 1321 1128 1379 lonctoan.
1146 1323 1490 1387 lltl,etbeoneeaoonice
1506 1323 1778 1386 electe‚llicraelius

137 1389 418 1459 ‹Sothcitapostolien
434 1389 582 1460 Stephano,
604 1391 666 1460 quia
689 1391 736 1445 toli
756 1392 931 1462 christophe·
980 1390 1149 1463 Langobardi
1168 1394 1294 1464 prnsidio
1310 1395 1393 1449 lnltos
1404 1408 1465 1448 earn
1483 1395 1575 1449 sedem
1588 1393 1688 1448 invasit
1707 1411 1717 1445 r
1727 1408 1777 1463 per

138 1478 197 1515 rrrm
210 1469 237 1516 et
254 1462 379 1544 Sergium
403 1462 437 1518 de
458 1462 557 1524 nvedio,
583 1463 630 1531 qni
651 1462 688 1515 illi
709 1461 928 1527 dominabantur,
980 1463 1059 1518 nnius
1071 1465 1134 1518 anni
1147 1465 1312 1520 circulantet
1323 1463 1510 1533 eoampliu's,›
1529 1471 1558 1518 ut
1571 1472 1613 1519 est
1626 1465 1776 1533 npudhna-

133 1539 161 1586 et
174 1549 229 1586 nrm
247 1531 284 1585 illi
298 1540 333 1585 stt
350 1547 460 1586 neeesse
469 1530 591 1598 justitias
606 1533 783 1599 requirendas
798 1552 807 1584 ι
824 1530 927 1604 (Aaou.
979 1534 1093 1587 stasium
1106 1533 1388 1604 ioVitaSteplmuilll.
1403 1532 1776 1602 llemnarrarejovathdria·

141 1599 198 1656 l'ite
211 1603 289 1665 dele..
305 1610 372 1657 sect.
387 1603 462 1672 295).
480 1603 545 1669 Quae
557 1602 789 1672 magisrnagisqoe
802 1617 928 1671 eumpro—
979 1602 1005 1656 ni
1021 1605 1111 1659 verbis
1126 1605 1179 1674 (cp.
1196 1605 1241 1669 95,
1265 1607 1300 1658 al.
1316 1604 1360 1671 lt)
1375 1619 1435 1674 qnae
1446 1612 1509 1658 sunt
1520 1602 1597 1657 valde
1608 1605 1775 1685 perspicua:

131 1669 198 1726 hant
222 1673 363 1742 epistolant
377 1673 459 1734 illam,
479 1673 512 1727 de
530 1687 583 1742 qna
608 1688 702 1726 suenus
716 1673 809 1736 locuti,
833 1681 880 1727 aut
894 1686 928 1727 ex
982 1672 1115 1739 ‹Quaodo
1127 1676 1273 1744 praedictos
1283 1675 1393 1744 Sergius
1404 1674 1622 1743 archiepiscopus
1633 1674 1712 1738 ebrit,
1726 1687 1777 1744 per

132 1750 195 1797 voto
211 1742 340 1798 llesitlerii
355 1758 415 1797 esse
426 1744 566 1812 scriptam,
581 1741 745 1797 anthliarte
759 1742 862 1797 aliusve
876 1742 929 1796 lar·
946 1758 1056 1834 Bsoam
1078 1745 1260 1814 arrogantiam
1274 1744 1430 1799 hliehaelius
1448 1753 1625 1812 praesumptor
1647 1743 1776 1798 invadere

131 1813 305 1881 gitionilntsa
322 1814 460 1868 Desiderio
474 1814 594 1882 corrupti
620 1813 647 1867 iu
668 1828 731 1866 enm
752 1828 861 1868 sensum
883 1828 929 1868 ac·
979 1828 1061 1867 ausus
1084 1812 1135 1868 luit
1151 1815 1293 1870 ecclesiam
1311 1815 1504 1878 Ravennatem,
1534 1822 1562 1867 et
1577 1829 1626 1882 per
1641 1813 1775 1868 auxilium

131 1885 321 1946 commodatae,
342 1885 388 1953 qni
419 1884 537 1938 ntasiote
564 1882 666 1936 faveret
689 1882 860 1950 Langobardi
886 1897 929 1937 ar·
980 1883 1112 1939 Desiderii
1126 1885 1267 1939 saevissimi
1288 1886 1358 1954 regis
1373 1885 1459 1953 ipsam
1482 1884 1630 1939 enormiter
1644 1883 1775 1938 invadens

131 1954 204 2010 tibus
215 1954 400 2010 dissensiones
411 1955 557 2023 quaerentis
571 1954 598 2008 in
614 1952 727 2008 ancia
738 1961 766 2007 et
778 1952 929 2009 simultates
978 1953 1120 2008 ecclesiam
1134 1955 1179 2009 diu
1191 1955 1337 2018 detinebat,
1352 1962 1380 2009 et
1395 1969 1409 2008 a
1421 1968 1471 2008 suo
1472 1954 1593 2077 1proprio
1604 1963 1711 2008 rectore
1729 1954 1776 2008 de-

133 2022 238 2079 llonne.
979 2025 1072 2077 stituta
1091 2032 1171 2093 atque
1186 2025 1293 2079 vitlnata
1308 2026 1443 2079 ritanenat.
1496 2041 1548 2079 truc
1559 2024 1593 2077 ad
1603 2023 1775 2077 decessorem

166 2094 232 2150 Vlll.
253 2095 443 2150 hrbitvalratnr
456 2094 560 2149 scilieet
582 2093 681 2162 Pagius
701 2093 837 2148 Bertama
854 2093 929 2147 besi-
978 2105 1102 2148 nostrum
1121 2103 1221 2149 sanctae
1240 2095 1437 2150 reeordationis
1459 2094 1587 2149 dorrmom
1607 2092 1774 2162 Stephanum

128 2165 206 2220 derio
223 2166 250 2221 id
264 2167 385 2236 petiisse,
406 2176 436 2220 ut
448 2165 531 2237 264
548 2163 928 2233 Stepltannmamatrimonio
978 2177 1074 2233 papam
1089 2164 1428 2233 praedictusllucbaldosa
1447 2163 1705 2220 vestradireetusr
1740 2162 1775 2217 ali

129 2250 191 2291 eum
203 2235 276 2291 illius
289 2236 344 2291 tilia
355 2236 472 2291 alienum
491 2236 687 2290 demereretur.
710 2233 746 2288 At
758 2231 879 2303 pontifex
891 2235 926 2289 ab
978 2234 1137 2289 excellentia
1181 2250 1211 2290 ro
1237 2236 1343 2290 caeteris
1362 2235 1471 2299 causis,
1493 2234 1527 2288 ab
1551 2232 1645 2287 eodem
1662 2248 1718 2303 pur
1731 2240 1776 2287 ato

116 2317 118 2320 ’
130 2307 274 2362 asserenda
288 2307 397 2362 dirinal
433 2322 448 2360 e
461 2305 593 2360 removeri
615 2312 723 2359 terreno
737 2303 833 2373 quovis
843 2304 927 2360 bene·
978 2304 1076 2357 domno
1096 2249 1234 2375 Stephano
1248 2320 1280 2375 pa
1302 2320 1374 2374 aper
1387 2314 1505 2359 restrum
1521 2304 1603 2358 abeo
1616 2305 1775 2358 roboratum

130 2375 386 2446 liciouonpoterat.
436 2376 497 2431 alde
509 2375 649 2444 perspicua
672 2382 736 2428 sunt
757 2389 817 2443 qnae
828 2374 855 2427 in
871 2373 927 2442 epi·
978 2375 1271 2443 regalendminiculnm
1312 2390 1443 2429 averniam
1456 2376 1554 2429 missus
1568 2381 1628 2436 est,
1648 2372 1775 2428 eurrtdem

129 2446 199 2500 stola
221 2446 254 2501 ad
280 2463 358 2529 reges
381 2446 480 2500 iratres
493 2446 548 2517 (ep.
562 2445 616 2507 lb,
631 2443 665 2497 al.
681 2443 725 2515 te')
746 2443 853 2513 nuptias
866 2443 927 2498 illas
977 2444 1118 2512 prelatum
1131 2445 1301 2500 llichaelinm
1317 2446 1468 2500 invasorem
1483 2461 1515 2499 et
1541 2446 1598 2513 ipsa
1616 2442 1776 2498 liavrrutate

129 2530 259 2571 aversans
270 2518 352 2572 dimt:
384 2514 535 2586 ‹Corrjugio
548 2515 667 2584 legitimo
691 2529 726 2569 ex
746 2513 927 2582 preceptione
977 2515 1090 2568 ecelesia
1105 2515 1303 2583 expellendum,
1331 2515 1414 2570 ethic
1428 2514 1513 2568 lloma
1530 2522 1661 2582 tanquam
1684 2522 1775 2568 trans·

129 2587 261 2654 genitoris
279 2587 363 2642 vestri
378 2585 496 2655 copulati
508 2585 606 2640 estis.»
631 2584 665 2638 Et
675 2584 761 2638 inira:
793 2583 925 2652 vlmpium
976 2600 1128 2652 gressorem
1143 2600 1283 2641 sacrorum
1295 2601 1429 2641 canonum
1438 2584 1625 2639 deferendum.
1643 2602 1651 2634 ι

129 2655 202 2708 eninr
217 2664 269 2719 est,
299 2665 329 2712 nt
341 2655 382 2710 rel
407 2656 514 2725 penitus
537 2656 635 2710 restris
653 2654 781 2708 ascendat
799 2654 927 2709 cordibus
947 2685 954 2697 ι
1012 2653 1046 2707 x.
1062 2656 1153 2723 ltaque
1168 2656 1333 2719 Desinemus,
1348 2657 1393 2724 qm
1408 2656 1510 2708 nnllam
1524 2654 1621 2723 iegitur
1636 2653 1775 2707 civitatem

128 2723 196 2777 alias
209 2726 333 2795 accipere
345 2740 453 2789 uxores,
470 2741 552 2796 super
574 2739 622 2780 eas
643 2739 710 2793 quas
728 2724 856 2793 primitus
878 2739 926 2779 vos
977 2723 1108 2779 invasisse
1129 2741 1190 2794 quae
1205 2726 1314 2780 ‹litionis
1329 2735 1399 2780 esset
1413 2736 1514 2779 sanctae
1533 2725 1621 2787 sedis,
1638 2723 1693 2777 dno
1708 2739 1775 2791 prae·

128 2802 233 2847 cernon
257 2805 300 2851 est
314 2797 461 2865 accepisse.
478 2815 488 2846 r
522 2794 598 2862 Quae
610 2795 643 2849 de
661 2794 859 2849 Carolomanuo
872 2795 925 2848 mi·
976 2795 1053 2863 eipne
1065 2797 1191 2863 praestitit
1210 2796 1347 2864 Stephano
1359 2795 1391 2849 iil
1406 2795 1550 2863 pontitiee:
1571 2793 1638 2847 nihil
1655 2807 1774 2860 uuquam

129 2879 195 2916 tune
209 2873 273 2920 natu
289 2867 344 2922 lilio
366 2875 441 2921 certo
457 2866 618 2928 certiosest,
641 2880 703 2918 nam
723 2864 792 2917 idem
803 2862 925 2933 pontifex
976 2864 1093 2919 restitnit
1106 2880 1211 2929 eornm,
1226 2863 1366 2934 qurejuris
1380 2874 1458 2918 erant
1476 2863 1596 2932 ejusdem
1616 2862 1773 2932 aposto¹ieae

128 2930 223 3000 (leid,
236 2932 282 3004 es)
297 2950 401 2990 esaero
416 2934 489 2990 ionte
501 2935 638 3004 suscipere
656 2933 715 3001 ejus
737 2933 822 2988 tilium
837 2941 922 3003 optat,
975 2932 1057 2998 sedis,
1073 2945 1100 2989 et
1112 2935 1285 2990 dissidiorum
1300 2944 1393 2989 auctor
1406 2949 1512 3003 semper
1531 2932 1590 2986 loit.
1605 2933 1670 2986 lude
1688 2933 1774 2986 maxi-

63 3069 67 3076 ·
128 3000 285 3072 clauditque
301 3005 455 3074 epistolam,
482 3021 564 3059 rento
579 3004 736 3059 dulcissima
756 3012 846 3058 restra
860 3019 924 3059 con·
975 3018 1048 3057 mttrn
1061 3005 1428 3074 supervenitincommodum
1444 3003 1564 3073 pontilici
1579 3004 1647 3056 inea
1661 3002 1775 3058 ditionis

128 3070 200 3142 inge,
224 3084 251 3129 et
267 3075 460 3130 amantissimis
479 3076 583 3130 natis.»
609 3074 694 3129 Sceus
711 3081 753 3128 est
771 3073 804 3128 de
825 3074 924 3131 Carelo
976 3088 1031 3127 stne
1042 3086 1119 3142 parte
1129 3090 1209 3145 qoam
1221 3074 1350 3144 Pippions
1362 3076 1518 3129 donaverat.
1539 3074 1626 3142 Caput
1639 3069 1774 3140 siqnidem

128 3140 231 3209 rrraqere
246 3154 325 3201 nato:
353 3145 523 3214 Eginlmrdos
546 3143 605 3213 ejus
628 3159 726 3198 osores
752 3152 893 3200 enumerat
907 3160 923 3199 a
938 3136 960 3199 C
975 3142 1145 3200 Exarebatus
1159 3144 1296 3209 liarenna,
1314 3155 1458 3214 utcumque
1470 3144 1595 3199 hostilem
1607 3143 1774 3197 invasionem

128 3209 288 3269 Desiderato
302 3214 433 3270 Desiderii
447 3215 518 3279 reads
536 3215 600 3277 lilia,
622 3229 703 3282 rqrram
721 3232 730 3264 r
739 3222 800 3282 post
811 3229 922 3280 annum,

111 3280 227 3351 ¹inquit,
240 3286 401 3354 repudiarit,
425 3293 452 3339 et
466 3284 650 3352 llildegardrm
664 3283 697 3337 de
714 3294 794 3354 gente
822 3283 926 3341 Suevo-

127 3367 188 3406 rum
203 3357 346 3425 precipue
365 3355 516 3410 trevirilitatis
541 3355 668 3410 severinam
681 3354 708 3407 in
720 3354 923 3409 matrimonium

127 3424 229 3492 aceepit
241 3439 248 3478 :
261 3445 269 3470 ι
285 3427 357 3495 quod
370 3434 397 3481 et
408 3424 511 3480 iaciunt
521 3425 617 3480 Franci
632 3423 841 3493 aliiseriptores,
854 3423 925 3480 trrvde

126 3491 206 3562 longa
218 3495 347 3565 vahleqne
358 3496 549 3565 implexaapnd
559 3494 811 3563 eruditosqoestio.
822 3494 925 3550 Nihilo-

126 3563 216 3619 minus
233 3566 354 3635 pontifex
369 3567 552 3636 Epinhardnm
563 3564 671 3621 aeteus
683 3565 863 3634 antiquiorem
877 3581 925 3621 an-

126 3633 252 3703 tiquitate
264 3647 384 3707 praestat.
403 3636 535 3691 l‘rreterca
547 3652 610 3698 non,
625 3635 829 3704 utEgiohardus
841 3645 923 3692 easte-

125 3705 213 3774 riqne,
234 3707 315 3778 regiae
329 3707 508 3763 successionis
528 3722 576 3761 seu
590 3706 742 3760 stemmatis
756 3705 923 3761 Francorum

126 3791 221 3844 regom
246 3779 409 3833 errrrratent
436 3778 516 3832 dabat
528 3792 655 3847 arternum
676 3777 724 3831 sed
740 3792 850 3832 causam
869 3793 922 3831 rron

128 3846 257 3904 ducende
276 3850 367 3904 ttrttnis
388 3848 528 3910 afferebat,
545 3863 626 3918 qnam
644 3847 770 3903 Carolntn
793 3845 923 3916 majorem

127 3927 193 3975 tntu
213 3916 270 3986 jam
285 3921 403 3985 tlrrxisse,
420 3927 447 3973 et
459 3930 670 3974 consentaneum
692 3918 802 3973 veritati
824 3926 876 3983 est,
896 3927 923 3974 et

124 3987 212 4044 lilium
226 3992 388 4060 suscepisse,
405 4006 436 4044 es
451 3989 611 4044 llimiltrnde
625 3989 695 4042 inter
710 3998 836 4044 auctores
859 4005 923 4045 eun·

124 4068 188 4127 etat,
207 4061 315 4116 moretsi
330 4062 363 4116 de
386 4059 522 4116 eornrohio
547 4060 627 4114 iidem
642 4066 757 4112 certent.
787 4056 923 4127 Quidquid

123 4139 214 4186 autem
230 4131 352 4200 pontifex
365 4138 391 4186 ct
407 4144 518 4186 eausam
532 4129 602 4183 lrarrc
620 4128 803 4196 aequissimam
816 4137 844 4183 et
856 4130 923 4184 alias

124 4201 382 4265 mnltasaddnserit,
395 4216 457 4269 quae
470 4200 529 4253 rodi
545 4199 581 4252 illi
592 4200 666 4253 aetati
677 4206 704 4252 et
714 4198 842 4267 probitati
856 4215 920 4268 pon·

124 4271 208 4326 tibris
222 4273 372 4327 tribuendae
383 4271 474 4339 pertus
490 4284 571 4338 quarn
599 4284 661 4322 curn
684 4268 808 4324 sectariis
830 4271 923 4324 trado·

125 4342 227 4405 cende,
254 4343 304 4397 soh
326 4342 407 4395 linem
423 4339 486 4393 anni
512 4339 563 4392 ild
575 4339 688 4394 Carolus
714 4353 826 4393 errorem
845 4340 922 4395 elusit

124 4412 257 4466 Desiderii
278 4411 371 4464 liliam.
396 4410 458 4464 inde
472 4425 535 4465 vcro
545 4424 698 4495 quanquam
710 4409 862 4477 Stephanos
877 4427 921 4466 su-

977 3228 1031 3267 nan
1047 3224 1119 3270 esset
1131 3230 1220 3297 passa,
1234 3215 1402 3269 eulnlitornm
1415 3214 1519 3283 injuriis
1529 3229 1561 3268 ac
1571 3212 1774 3282 depopulationi

976 3282 1027 3337 luit
1040 3286 1168 3341 obnoxia.
1183 3286 1248 3340 Nam
1266 3284 1433 3349 lliehaelius,
1447 3285 1492 3339 ubi
1506 3299 1535 3339 se
1548 3283 1615 3337 vidit
1633 3283 1774 3350 sacrilege

976 3355 1155 3411 ordinationis
1177 3356 1251 3410 nrnrri
1273 3369 1320 3424 spe
1340 3355 1474 3423 dejectum
1487 3368 1547 3408 esse
1565 3353 1600 3407 ab
1623 3351 1771 3422 Stephano,

979 3441 988 3473 r
1004 3426 1119 3493 plurima
1131 3441 1242 3481 rrruorra
1254 3425 1393 3480 Desiderio
1409 3422 1649 3492 Longobardorum
1664 3423 1732 3492 regi,
1746 3429 1774 3477 et

976 3494 1092 3559 cimelia,
1108 3505 1136 3551 et
1150 3506 1263 3551 ornatos
1276 3495 1361 3566 ipsius
1374 3495 1497 3551 eeclesiae
1519 3509 1581 3548 cum
1594 3493 1656 3547 aliis
1670 3493 1774 3561 speeie·

975 3564 1026 3619 hos
1040 3567 1150 3621 brachio
1163 3565 1226 3621 lorti
1246 3584 1255 3617 ι
1276 3565 1444 3620 invasionem
1467 3579 1556 3619 annua
1576 3561 1707 3637 oraiorern
1728 3569 1773 3615 tu·

976 3642 1048 3688 tatus
1062 3644 1111 3698 est,
1129 3647 1159 3692 nt
1178 3636 1260 3691 tradit
1273 3644 1367 3689 notetur
1383 3637 1453 3704 apud
1471 3634 1659 3688 Anastasiom.
1680 3631 1774 3698 heqne

975 3703 1144 3762 Exareltatus
1158 3714 1261 3761 tantoor
1274 3705 1399 3775 princeps
1412 3706 1508 3761 civitas
1527 3701 1682 3772 lininsmodi
1699 3700 1774 3756 dele·

974 3775 1072 3831 ctionis
1083 3777 1200 3845 speciem
1213 3776 1309 3838 induit,
1319 3777 1365 3830 sed
1375 3776 1458 3829 etiam
1471 3774 1624 3844 Pentapolis
1635 3772 1773 3841 praecipua

975 3849 1039 3903 orbs
1049 3847 1201 3901 Ariminum
1213 3848 1307 3902 eadem
1320 3861 1353 3900 ex
1361 3846 1531 3917 266causa
1544 3860 1606 3898 cnm
1618 3843 1773 3912 Langobar·

973 3918 1016 3972 dis
1027 3918 1185 3971 socieettem
1200 3917 1260 3971 iniit
1271 3924 1366 3970 eontra
1380 3917 1544 3984 qrorrtitleem,
1559 3923 1589 3968 ut
1603 3915 1683 3967 docet
1700 3913 1771 3965 idern

973 4002 1082 4043 auctor:
1095 4006 1104 4038 r
1115 3987 1367 4057 congregamtnde,
1376 3987 1474 4055 inquit,
1482 3983 1693 4039 nelarnlissirnns
1701 3981 1772 4035 ttae

973 4059 1052 4112 ritius
1066 4058 1216 4112 exercitum
1230 4073 1286 4111 una
1300 4073 1361 4111 eum
1375 4057 1490 4111 consilio
1509 4054 1642 4110 Desiderii
1662 4053 1772 4122 Longo·

972 4128 1117 4184 bardorum
1130 4128 1201 4198 regis
1219 4127 1384 4197 properavit,
1402 4133 1429 4180 et
1447 4128 1584 4194 ingressus
1598 4131 1641 4178 est
1662 4122 1771 4176 Roseu-

973 4215 1045 4262 nam,
1063 4207 1090 4254 et
1104 4198 1214 4253 brachio
1227 4197 1290 4253 lorti
1305 4197 1386 4267 elegit
1406 4198 1493 4267 ipsum
1508 4194 1675 4256 llicltaelem,
1696 4200 1725 4246 et
1744 4191 1772 4246 ln

972 4270 1137 4337 episcopium
1146 4268 1308 4323 Ravennatis
1316 4266 1642 4326 Ecclesiaeintrntlnxit,et
1651 4263 1771 4317 Leonem

972 4339 1205 4402 atelridiaennrnn,
1219 4339 1266 4407 qrd
1282 4341 1384 4393 electus
1397 4346 1457 4392 erat
1473 4338 1500 4392 iu
1519 4335 1770 4403 archiepiscopatus

972 4411 1105 4473 ordinem,
1122 4409 1275 4463 Ariminum
1290 4409 1463 4477 deportantes
1482 4405 1581 4463 ibidem
1594 4414 1668 4459 arcta
1684 4413 1773 4459 euste-

124 4491 230 4552 perstes
245 4481 326 4536 luerit
340 4495 426 4551 nsque
437 4480 780 4535 adllalendaslebrnarias
793 4481 856 4535 anni
869 4480 920 4536 772
937 4480 1015 4540 Delia
1040 4480 1223 4548 nrartripatnnt
1246 4479 1317 4534 idern
1340 4477 1483 4533 Martritius
1509 4475 1624 4533 detineri
1655 4472 1730 4529 ierit.
1758 4493 1769 4527 ι

124 4569 187 4608 eum
201 4553 269 4607 obiit
279 4566 433 4621 supremum
441 4551 521 4614 client,
536 4550 756 4605 aCarolomanno
770 4559 923 4620 preventus

124 4623 247 4678 bimestri
264 4624 347 4677 lernre
365 4622 461 4693 spatio,
483 4622 548 4675 nolli
565 4622 639 4676 missi
654 4620 786 4691 nulleque
799 4622 921 4690 epistolae

124 4694 209 4748 llonra
225 4694 252 4748 in
273 4693 415 4748 Franciatn
432 4694 522 4748 misse
545 4692 728 4748 inveniuntur.
756 4692 842 4747 Taena
862 4692 921 4762 ejus

124 4765 293 4820 matrimonii
304 4765 448 4820 detestatio
460 4771 519 4818 erat
542 4763 650 4818 honre!
840 4818 844 4822 Α

159 4834 207 4890 lli.
235 4835 301 4903 Qum
319 4850 410 4889 aarum
427 4834 473 4889 ilio
498 4834 605 4889 silentio
629 4832 780 4897 evenerint,
801 4832 921 4892 indicare

121 4921 211 4976 operae
225 4908 340 4977 pretinm
352 4905 452 4969 erte—nt
465 4905 576 4960 ltistorin
589 4903 737 4975 pontificia,
751 4920 832 4974 quarn
846 4907 922 4962 testi-

122 4980 217 5034 monie
225 4977 345 5033 Carolioi
356 4977 463 5032 Codicis
480 4976 656 5037 illustramus,
670 4975 811 5030 consistat.
836 4975 921 5032 bissi·

122 5049 229 5104 diorrnn
242 5049 330 5104 illeae
347 5047 513 5103 simultatum
530 5055 624 5102 auctor
634 5045 777 5115 laetorque
787 5047 921 5104 inanimus

124 5121 279 5176 Desiderins
289 5129 343 5173 tarn
360 5119 385 5173 in
398 5117 562 5173 Francorum
577 5133 669 5187 regno.
684 5134 766 5186 ‹qtrrtor
778 5117 803 5171 in
818 5119 921 5176 ditione

120 5207 175 5262 pon
189 5192 270 5258 isicia,
284 5200 346 5260 prist
360 5190 385 5244 id
398 5188 563 5258 cnrrjrtqirnn,
575 5190 609 5243 ad
622 5189 641 5242 F
646 5189 764 5243 rancianr
774 5189 846 5258 quod
857 5190 920 5245 atti-

122 5273 179 5330 ttet,
193 5265 230 5319 nil
242 5265 422 5320 rrrolitusesse
434 5260 535 5316 dicitur
552 5276 599 5330 per
620 5268 705 5315 totum
721 5259 785 5315 illud
802 5270 917 5330 ternpus,

123 5349 177 5402 quo
196 5334 255 5402 ejus
274 5335 329 5389 stlta
345 5331 510 5387 monarchiae
525 5330 690 5385 Fmocorum
705 5345 766 5400 quae
779 5330 858 5385 tritius
868 5331 919 5387 Ca-

123 5404 173 5458 roli
186 5403 426 5486 parebatimperiis
439 5402 530 5471 regina
541 5400 602 5456 luit.
625 5402 690 5468 ane
701 5409 791 5456 autem
804 5409 867 5470 post
880 5403 920 5458 di-

123 5483 251 5539 vortrmo‚
274 5478 345 5545 qnod
356 5487 526 5543 concoquere
543 5488 681 5541 nunquam
705 5473 802 5543 potnit,
820 5488 918 5530 everte-

123 5551 198 5608 runt,
209 5544 318 5601 Adriani
330 5546 516 5616 pontilieatum
530 5551 661 5613 spectant.
690 5544 748 5600 lloe
764 5545 836 5598 emm
846 5546 920 5614 ipon-

124 5613 207 5678 tillce,
227 5615 416 5671 carolomanni
437 5617 506 5670 tilios
519 5614 565 5684 qui
581 5616 652 5685 apud
678 5630 740 5671 enm
755 5631 815 5671 enm
833 5623 920 5670 matre

123 5683 250 5755 Gilberqa
262 5695 340 5740 eram
351 5688 503 5741 consecrari
514 5687 634 5742 Francius
647 5702 724 5758 repes
744 5686 917 5741 rnarntnaoa-

124 5767 182 5826 tur,
207 5763 237 5813 ιιι
258 5755 356 5815 merlo
369 5757 506 5830 negotium
530 5756 611 5833 265
626 5757 771 5820 lacesseret
794 5757 920 5828 uiresque

973 4549 1042 4616 Quid
1056 4551 1139 4621 igitur
1155 4550 1256 4605 laceret
1268 4549 1387 4619 pontiiev
1402 4556 1477 4603 tanta
1488 4548 1514 4602 in
1530 4560 1620 4600 rerum
1631 4545 1771 4614 perturba·

974 4622 1047 4675 tiorte
1063 4621 1203 4689 utriusque
1217 4620 1382 4689 provinciae?
1393 4620 1421 4674 ln
1435 4619 1578 4673 Francinnt
1592 4631 1621 4671 se
1636 4615 1772 4670 verteret?

971 4692 1007 4746 At
1019 4691 1117 4747 rolous
1129 4691 1190 4745 inde
1200 4691 1283 4755 ,altius
1300 4690 1455 4760 apostolicae
1470 4687 1625 4742 auctoritati
1637 4685 1773 4740 inllirtunt

971 4770 1045 4816 erat:
1067 4778 1129 4817 nam
1148 4761 1260 4816 Carolus
1282 4761 1364 4816 liliam
1386 4759 1518 4816 Desiderii
1538 4758 1623 4812 invito
1641 4756 1772 4826 pontitiee

971 4848 1084 4887 osorem
1099 4834 1220 4894 duxerat,
1239 4833 1401 4901 nuptiasque
1419 4840 1506 4885 nvater
1522 4828 1727 4884 conciliaverat.
1748 4825 1771 4879 :l

971 4899 1773 4976 Petroitaqnenpnstolorumprincipeanxiliuntexspectan-

972 4977 1035 5029 dnm
1060 4983 1127 5037 erat,
1152 4973 1198 5042 qui
1222 4974 1377 5044 provincias
1392 4973 1442 5027 sihi
1462 4971 1582 5035 oblatas,
1600 4970 1713 5024 numine
1731 4981 1772 5021 stc

972 5046 1088 5109 seviente,
1104 5044 1263 5100 vindicaret.
1276 5044 1352 5111 Quod
1363 5044 1441 5114 plane
1454 5041 1568 5112 contigit
1577 5048 1639 5110 post
1650 5052 1772 5092 animant

972 5117 1149 5179 invasionem,
1164 5131 1195 5170 ac
1210 5115 1323 5184 proinde
1340 5118 1390 5171 sub
1403 5114 1484 5170 linem
1498 5113 1561 5167 attrei
1577 5112 1640 5165 iil.

1009 5188 1052 5242 xl.
1068 5188 1135 5242 Natu
1152 5186 1265 5241 Carolus
1277 5185 1440 5241 rtratritnonii
1453 5184 1504 5239 rati
1515 5183 1679 5238 solutionem
1694 5194 1771 5248 qum·

971 5273 1034 5312 rens
1057 5259 1090 5312 ab
1111 5257 1259 5326 apostolica
1273 5257 1345 5320 sede,
1360 5271 1413 5326 qua
1430 5255 1464 5310 tle
1479 5269 1509 5309 re
1522 5251 1629 5308 videndi
1644 5259 1771 5305 auctores

971 5329 1041 5397 apud
1057 5328 1169 5396 Papium
1184 5328 1240 5398 (arn.
1256 5328 1317 5390 ill,
1330 5344 1357 5381 n.
1372 5327 1390 5380 2
1413 5326 1511 5382 missos
1524 5340 1588 5380 suos
1601 5322 1771 5378 lluchertunt

971 5407 998 5453 rt
1009 5398 1130 5468 Cttllegas
1143 5398 1257 5454 llomant
1268 5398 1377 5455 divexit.
1405 5406 1430 5452 ta
1443 5397 1547 5452 scilieet
1559 5394 1646 5463 arcipi
1662 5396 1771 5463 oportet

971 5470 1035 5524 illud
1047 5469 1159 5524 Adriani
1177 5487 1255 5539 supra
1275 5470 1387 5525 allatum
1399 5487 1405 5522 :
1427 5485 1474 5538 pro
1487 5467 1587 5521 rotome
1598 5466 1705 5529 σαπείη
1717 5476 1770 5516 nen

972 5541 1104 5605 enimait,
1120 5555 1170 5610 pvo
1185 5540 1300 5610 justitiis
1315 5540 1464 5604 laeiernlis,
1483 5538 1569 5594 aliove
1589 5552 1656 5590 usus
1674 5545 1717 5590 est
1731 5532 1772 5613 lo·

971 5612 1070 5682 troerrdi
1090 5627 1197 5681 grutere,
1212 5612 1283 5681 qnod
1301 5628 1392 5668 rerum
1406 5618 1507 5666 sanetae
1525 5607 1598 5664 sedis
1618 5621 1713 5662 cttnrm
1731 5618 1771 5657 nt·

972 5690 1045 5737 serrat.
1061 5681 1268 5739 Faustissinrum
1284 5682 1310 5739 id
1326 5682 1487 5753 prinripinm
1501 5679 1652 5734 inimicitias
1667 5677 1771 5744 lanugo·

971 5755 1117 5825 bardorum
1134 5754 1217 5826 regis,
1231 5756 1264 5812 de
1279 5753 1355 5824 cnjus
1376 5753 1430 5811 lilia
1447 5750 1614 5822 repudianda
1627 5749 1769 5822 agebatur,
