3780 6120
96 286 166 342 etl-'o'
530 296 534 301 '
696 282 819 340 SFC‘FIO
836 284 879 339 tu.
900 315 936 328 -·
953 282 1108 340 posttea.
1650 279 1720 341 tlte

65 419 69 428 ·
94 396 257 467 Conprgibus
272 393 366 448 mortis
380 390 507 447 mortales
521 398 630 460 pectore
645 407 733 458 voees,

93 467 145 533 Qui
157 465 278 536 geminos
295 478 366 517 sare
381 461 491 515 laniarit
503 459 614 516 rulrrere
627 460 736 525 fratres,

95 537 127 591 Et
137 536 183 604 qui
202 549 344 604 germanas
358 531 501 586 macularit
518 531 770 602 sanguinepalmas,

94 605 254 660 Fraternum
266 601 353 658 foedus
366 600 495 656 mortales
507 602 589 654 vertit
600 600 628 654 in
641 601 704 670 iras,

93 675 198 743 Quique
211 675 326 744 pietates
339 672 443 727 nescire
453 670 537 724 suasit
556 684 686 725 amorem.

59 772 63 780 «
94 747 161 800 lline
176 753 255 797 natus
267 739 391 808 dejerans
402 739 517 808 patrium
530 739 624 793 derisit
635 740 773 803 bonorem,

94 815 142 882 Qui
155 812 269 884 populos
278 810 378 866 dudum
391 810 481 863 docuit
491 809 673 864 conscendere
686 812 794 877 turrim,

94 886 126 940 Et
145 883 284 938 dominum
303 879 481 948 serrisjussit
496 878 601 933 nescire
618 886 766 936 tonantem.

93 954 142 1008 llic
156 953 230 1009 solus
241 949 338 1006 scindit
357 949 482 1019 perfecta
495 945 596 1002 foedera
610 949 694 1018 pacis,

94 1024 126 1077 Et
138 1022 250 1094 populos
261 1021 340 1078 sacris
351 1020 450 1091 gaudet
463 1018 634 1073 committere
646 1019 733 1087 bellis,

95 1093 129 1149 Ut
145 1089 352 1147 nullustristo
368 1087 448 1160 digne
462 1085 606 1142 famuletur
620 1088 648 1142 in
665 1091 742 1157 orbe,

94 1161 239 1219 Mortiferis
253 1159 348 1216 suadet
359 1158 449 1214 verbis
460 1171 623 1227 consurgere
634 1158 704 1223 lites,

94 1232 215 1288 Seminat
227 1240 255 1287 et
274 1230 347 1285 rixas
361 1229 406 1283 ubi
417 1228 491 1297 pacis
508 1226 563 1281 sola
580 1228 709 1297 iubentur

51 1344 57 1356 .
93 1300 217 1368 Fmdera,
232 1299 354 1370 perpetui
370 1299 448 1368 queis
457 1297 555 1351 dantur
565 1299 675 1366 praemia
688 1300 773 1370 regni,

94 1372 202 1427 luridus
215 1372 259 1427 bie
270 1383 382 1439 serpens
391 1367 502 1422 tentant
519 1366 643 1437 frangere
657 1385 759 1439 pacem,

94 1441 152 1509 Qua
162 1456 208 1495 rex
222 1439 346 1511 egregius
358 1436 470 1494 Carolus
482 1435 591 1505 duxque
604 1437 720 1510 inclytus
732 1456 785 1494 11111

93 1511 184 1566 Dasilo
201 1516 332 1593 perpetue
343 1506 569 1576 tenebanturjure
581 1507 669 1562 beato.

93 1580 256 1653 Aggredrtur
268 1580 349 1644 fama,
361 1586 487 1633 cunctum
501 1577 667 1632 contaminat
680 1579 773 1634 orbem

96 1651 214 1706 Vocibus
226 1651 269 1706 bis
279 1664 346 1722 pure
358 1661 371 1689 s
385 1646 627 1718 pulsaritperfldus
638 1665 728 1704 aures.

94 1720 183 1776 Basilo
200 1718 332 1790 peccarit,
347 1717 444 1787 linquit
458 1716 521 1784 quia
538 1717 610 1786 regia
622 1718 707 1789 jussa,

95 1791 128 1846 Et
141 1789 191 1846 sibi
204 1789 307 1846 seruitii
322 1804 375 1843 non
388 1787 468 1842 solvit
479 1785 579 1841 foedera
598 1789 680 1857 pacti.

97 1860 159 1916 llaec
172 1858 373 1930 dietaegregias
389 1855 477 1913 Caroli
492 1856 636 1911 solvuntur
651 1859 685 1913 ad
700 1872 790 1922 aures,

95 1931 129 1985 Et
142 1946 235 1986 rumor
246 1928 328 2009 eoepit
337 1928 421 1983 tatum
436 1924 548 1982 volitare
560 1941 610 1996 per
623 1930 727 1990 orbem,

96 1999 274 2069 Pulsaturque
287 1998 351 2070 ipsis
370 1997 441 2065 regis
452 1998 596 2067 praesentia
606 1999 706 2054 verbis.

96 2070 281 2140 imprimisque
295 2068 352 2137 pias
363 2067 406 2123 bis
419 2066 499 2122 dictis
513 2066 615 2121 addidit
631 2084 719 2134 aures,

96 2140 194 2194 Aiebat
205 2137 324 2195 erraretis:
337 2138 387 2192 llic
398 2136 440 2190 vir
454 2136 520 2191 mibi
535 2136 611 2191 ratde
622 2137 708 2193 fidelis

95 2209 154 2272 Est,
169 2220 197 2265 et
212 2208 377 2263 Francorum
391 2206 512 2276 deposcit
524 2222 654 2278 prospera
666 2208 767 2278 regnis.

96 2279 145 2335 Ast
159 2294 250 2334 rumor
262 2277 388 2345 frequens
398 2277 454 2346 regi
471 2275 606 2340 firmabat,
624 2287 652 2332 et
665 2279 753 2332 orrruis

96 2349 253 2404 Conclamat
266 2346 345 2402 tellus
365 2346 444 2401 :Non
462 2353 504 2400 est
518 2346 570 2401 dur
587 2347 631 2402 ille
641 2348 737 2412 fidelis,

96 2419 213 2475 Vocibus
228 2419 271 2474 bis
283 2418 391 2472 tandem
406 2416 670 2485 motusjnstissimns
683 2418 773 2483 beros,

96 2489 209 2558 Agmina
227 2486 374 2556 conjungit,
387 2485 553 2556 classemque
566 2488 591 2540 in
606 2488 727 2569 margine
740 2487 815 2558 pouit

96 2558 194 2621 libeni,
206 2559 251 2628 qui
264 2556 347 2613 Callis
358 2557 441 2624 cingit
458 2554 602 2612 Germania
616 2566 705 2616 terris.

96 2627 179 2684 Felici
195 2628 385 2684 cursurictum
404 2626 541 2680 transnavi
561 2635 589 2680 at
602 2642 719 2683 ananern.

97 2698 252 2820 inclytaque
264 2697 411 2752 innumeris
426 2696 534 2750 tremuit
544 2642 689 2752 ilermmria
702 2700 807 2754 turmis.

96 2769 132 2822 llt
147 2783 194 2823 rer
227 2781 370 2822 rancorem
383 2768 498 2836 stipatus
510 2766 626 2820 millibus
637 2768 708 2831 altis,

97 2837 230 2892 blaximus
244 2838 271 2892 in
288 2835 384 2907 patriis
396 2835 513 2890 exsultat
527 2837 614 2891 rictor
626 2837 653 2891 in
666 2838 760 2899 armis,

97 2907 247 2976 Alloquitur
257 2922 384 2978 proceres
397 2905 472 2968 fidos,
488 2921 521 2960 ac
531 2906 630 2961 talibus
643 2907 743 2977 iuquit:

98 2977 120 3033 0
136 2992 202 3047 gens
215 2976 312 3048 regalis
322 2974 441 3047 profecta
455 2991 470 3030 a
483 2977 617 3031 menibns
634 2976 696 3032 altis

98 3046 194 3114 Troia,
212 3060 274 3100 nam
284 3053 376 3117 patres
391 3054 497 3100 nostros
512 3045 555 3100 bis
569 3047 671 3117 appulit
681 3046 747 3110 oris,

99 3116 221 3171 Tradidit
233 3124 313 3186 atque
328 3115 380 3171 illis
392 3117 441 3171 bos
455 3131 535 3186 agros
549 3116 651 3170 arbiter
660 3115 744 3180 orbis,

100 3186 224 3241 Subdidit
234 3193 261 3241 et
276 3201 310 3256 po
338 3185 388 3241 rlos
405 3184 571 3241 Francorum
582 3185 685 3256 legibus
696 3185 781 3255 asquia

102 3255 283 3326 Perpetuoque
298 3255 350 3311 ilis
364 3257 454 3311 sanxit
468 3255 599 3310 formator
612 3257 647 3309 ab
660 3256 743 3311 astris

102 3326 154 3381 flos
168 3325 242 3387 flrres,
260 3325 362 3396 amplas
375 3325 519 3396 capiendas
531 3324 651 3379 funditus
664 3326 755 3389 urbes,

102 3396 227 3461 Ancillas,
240 3411 342 3459 servos,
358 3395 501 3450 famulatus
513 3394 627 3448 credidit
639 3409 743 3448 omnes.

102 3466 136 3522 bt
147 3481 232 3536 nuper
245 3467 345 3521 nestris
356 3466 441 3521 bostis
452 3464 568 3519 surrexit
580 3464 607 3517 in
627 3464 701 3517 arvis

102 3536 208 3592 luridus
223 3537 285 3591 binc
299 3551 410 3607 serpens
420 3535 543 3589 fortassis
559 3532 669 3587 uulnere
679 3533 778 3587 soerob

103 3604 227 3661 brabillas
239 3605 334 3678 grandi
345 3620 512 3676 gemmarum
527 3604 645 3675 pondere
658 3611 685 3657 et
696 3603 756 3657 auri

103 3675 227 3738 flllertur,
242 3676 350 3747 sonipes
363 3675 422 3729 auri
440 3675 491 3730 sub
506 3673 623 3745 tegmine
637 3670 749 3756 fulgens.

103 3746 149 3801 llis
163 3761 231 3815 puer
243 3744 367 3801 eudonis
381 3745 481 3799 domiui
495 3745 596 3800 ditatur
608 3742 715 3813 oplmrs.

103 3815 142 3870 uu
154 3830 237 3884 quem
248 3817 306 3871 bec
317 3831 363 3871 rex
376 3814 489 3885 placidis
499 3813 664 3895 deprompsit
677 3813 748 3867 dieta
761 3810 891 3882 loquelis:

104 3884 216 3954 Suscipe
225 3886 346 3957 perpetui
359 3886 475 3941 servitus
489 3899 601 3954 pignora
613 3883 708 3937 nostri.

105 3954 199 4010 [iscula
219 3963 276 4009 tum
293 3953 381 4010 libans
395 3954 508 4026 genibus
521 3951 666 4024 praedulcia
682 3951 754 4023 regis

105 4024 171 4087 burt,
183 4034 265 4108 atque
279 4025 328 4081 bas
338 4025 440 4080 celeres
452 4023 579 4093 produxit
591 4032 701 4093 pectore
712 4036 790 4078 voees
805 4040 812 4075 ε

105 4094 171 4158 ilex,
187 4095 236 4149 tila
249 4096 364 4150 donetur
376 4109 473 4148 mrrnus
485 4108 532 4163 per
543 4100 641 4148 cuncta
653 4091 757 4147 salutis.

105 4163 153 4218 Ast
162 4179 212 4233 ego
223 4165 363 4220 servitium
374 4164 450 4219 relus
467 4179 514 4233 per
528 4161 625 4217 saecula
638 4162 723 4218 solvo.

105 4231 150 4288 Sic
163 4232 235 4289 fatus
249 4233 319 4306 regis
331 4250 391 4290 curn
405 4234 475 4289 dono
489 4234 522 4287 ad
534 4240 624 4287 castra
639 4231 761 4287 recessit.

303 4345 400 4403 Versat
413 4346 501 4402 Caroli
525 4346 701 4415 imperatoria.

106 4435 169 4491 liare
180 4445 223 4491 est
235 4452 293 4491 vera
309 4437 375 4492 frdes
385 4437 445 4493 coeli
460 4452 520 4507 quae
536 4436 611 4491 ducit
623 4435 656 4489 ad
669 4434 758 4490 aulam
773 4452 779 4488 :

141 4505 217 4560 lianc
232 4515 332 4572 teneat,
348 4508 469 4578 requiem
482 4506 604 4577 quisquis
615 4506 716 4561 babere
730 4505 814 4575 cupit.

143 4616 263 4686 ‘Forte
276 4619 329 4676 Her
362 4623 419 4676 ricc.

142 4689 250 4744 lrilrdtu
262 4691 306 4746 bic
334 4701 421 4746 esunt.

642 4812 723 4824 —-

910 4422 934 4481 D
949 4432 1018 4489 Sum
1029 4453 1097 4507 qaros
1111 4436 1199 4494 forma
1210 4439 1380 4495 derensalios
1393 4445 1501 4494 ventosa

894 395 917 453 Α
933 390 981 444 Est
997 391 1094 444 etenim
1110 389 1195 444 rirtus
1208 393 1313 447 cunctis
1331 394 1504 452 credentibus
1514 395 1614 469 ampla,

968 460 1040 513 llere
1051 461 1102 513 fade
1113 459 1183 513 trino
1196 462 1280 530 pbyse
1294 474 1304 499 r
1319 463 1426 532 placere
1440 466 1494 520 Deo

932 528 1058 584 Sunrmus
1070 544 1137 597 apex
1149 527 1262 584 Carolus
1275 530 1366 586 Caesar
1378 549 1429 602 pax
1440 534 1515 589 orbis
1532 535 1631 605 opima,

967 598 1035 652 lluic
1049 607 1151 653 turmas
1162 599 1300 654 bominum
1315 602 1429 657 subdere
1439 603 1507 659 colia
1520 605 1609 660 docet.

931 666 1019 721 Altior
1029 676 1059 720 ut
1074 668 1164 721 orneti
1182 671 1257 792 requi
1274 683 1321 724 rex
1333 686 1453 726 summus
1470 673 1572 729 bonore

968 737 1040 793 blare
1052 737 1103 791 fide
1116 736 1201 791 forma
1236 749 1340 793 :esarut
1350 750 1413 795 octo
1426 742 1510 811 prior.

931 803 1047 872 Qni'sibi
1061 807 1202 875 praesentis
1217 809 1290 876 regni
1305 820 1476 865 concesserat
1489 826 1589 878 arcem,

880 882 887 888 ·
966 875 1036 931 Arce
1048 875 1102 946 poli
1114 892 1247 930 summurn
1259 879 1305 933 det
1318 880 1367 933 sibi
1398 895 1462 935 osco
1472 880 1571 946 loeum,

932 943 1051 1016 Exiguus
1062 946 1116 1016 regi
1130 961 1242 1015 parrum
1255 963 1326 1002 nunc
1340 965 1370 1004 re
1389 950 1423 1004 do
1433 949 1550 1004 libellum

967 1015 1114 1069 Colleetum
1125 1028 1157 1068 eu
1173 1017 1256 1070 variis
1268 1016 1334 1071 flore
1340 1029 1465 1074 comante
1483 1023 1563 1090 rosis.

1134 1124 1227 1181 l'ersaa
1247 1125 1336 1183 Caroli
1355 1130 1530 1201 imperatoria.

933 1237 1043 1302 Cbarta,
1059 1235 1168 1293 Christo
1185 1240 1284 1296 comite
1293 1255 1343 1310 per
1354 1241 1456 1297 telluris
1468 1242 1584 1313 spatium

932 1308 974 1362 Ad
987 1308 1102 1363 Caesaris
1115 1324 1128 1363 s
1148 1309 1263 1363 atiosum
1282 1327 1354 1364 nunc
1367 1328 1449 1394 perge
1457 1312 1599 1382 palatium,

933 1376 986 1431 Fer
999 1377 1100 1432 salutes
1138 1380 1216 1433 cesari
1232 1394 1265 1435 ac
1279 1395 1336 1435 surs
1348 1383 1513 1449 agminibus,

933 1446 1063 1502 Gloriosis
1079 1446 1178 1516 pueris,
1194 1450 1332 1519 sacrisque
1342 1451 1501 1520 uirginibus,

934 1516 983 1571 Fia
997 1531 1111 1588 pergens
1122 1531 1251 1588 prospera
1261 1534 1310 1591 per
1325 1518 1425 1575 Christi
1438 1520 1578 1592 sutfragia,

933 1585 1020 1641 Prona
1034 1602 1126 1641 eoram
1144 1587 1251 1644 Caesare
1265 1591 1346 1644 rerba
1365 1590 1440 1645 dicas
1452 1590 1525 1645 talia.

935 1656 983 1711 Dic
997 1664 1026 1709 ut
1042 1656 1255 1713 Caesareanum
1269 1674 1317 1729 per
1326 1658 1398 1714 Petri
1412 1661 1544 1730 prteconia

900 1736 923 1796 g
937 1724 978 1779 Sit
992 1741 1083 1790 sanus,
1097 1725 1232 1796 longaevus
1243 1728 1288 1793 sit,
1303 1736 1329 1782 et
1341 1728 1404 1783 felix
1424 1730 1546 1796 uictoriae

937 1796 985 1850 bie
999 1804 1126 1864 regnator
1138 1796 1260 1851 onmium
1273 1796 1318 1852 det
1330 1798 1382 1852 sibi
1391 1799 1553 1862 subsidium,

935 1864 1084 1929 Conlortet,
1097 1866 1243 1932 custodiat,
1254 1866 1349 1922 dilatet
1360 1867 1512 1939 imperium.

936 1935 984 1991 llic
996 1944 1025 1990 ut
1041 1934 1130 1990 111111
1149 1935 1236 1991 fuerat
1244 1936 1326 2007 justis
1350 1937 1401 1992 rite
1414 1939 1531 2009 regilius,

936 2004 997 2060 Fiat
1010 2005 1133 2060 Christus
1143 2004 1240 2062 Carolo
1252 2023 1285 2061 ac
1295 2007 1346 2061 sibi
1358 2005 1489 2062 adortus.

936 2073 985 2130 Dic
999 2073 1102 2146 regales
1110 2077 1189 2155 pueri
1204 2092 1253 2146 per
1269 2075 1373 2146 prolixa
1382 2077 1469 2147 spatia

936 2143 997 2199 Sint
1007 2145 1076 2209 sani,
1094 2145 1271 2216 srntlongaeri
1288 2145 1436 2201 salvatoris
1451 2147 1549 2228 gratia,

937 2214 999 2269 Sint
1010 2231 1117 2271 coronat
1131 2216 1212 2286 regiae
1223 2215 1296 2286 digni
1312 2216 1355 2271 dic
1367 2217 1526 2282 horroribus,

936 2282 1039 2339 Felices
1051 2300 1083 2339 nc
1101 2285 1216 2340 uictores
1227 2284 1355 2357 genitoris
1369 2285 1497 2341 moribus.

937 2353 1081 2424 Regalibus
1093 2353 1187 2424 puellis
1200 2355 1243 2409 dic
1258 2354 1305 2409 frat
1319 2356 1479 2410 sul-limitas.

937 2423 979 2477 sn
990 2432 1095 2488 111111,
1107 2425 1144 2479 sit
1155 2425 1256 2489 sobria,
1270 2425 1306 2479 sit
1323 2440 1384 2479 rera
1394 2425 1543 2496 uirginitas,

936 2492 1061 2550 Cbristus
1078 2503 1152 2549 amat
1166 2495 1284 2565 virgines
1301 2495 1620 2565 proptercastimoniam,

937 2563 987 2618 Det
997 2572 1027 2618 ut
1039 2564 1091 2619 illis
1105 2564 1267 2634 promiserat
1281 2564 1307 2618 in
1323 2565 1411 2619 futuro
1429 2566 1552 2635 gloriam.

939 2633 987 2687 Die
1001 2643 1078 2705 prote
1097 2640 1125 2687 at
1139 2634 1267 2688 Dominus
1279 2634 1318 2689 sic
1330 2633 1450 2690 Francos
1464 2636 1623 2704 armigeros,

938 2703 1049 2773 Regem,
1069 2720 1084 2759 c
1112 2719 1181 2764 rum,
1201 2704 1325 2769 cornites,
1342 2704 1440 2759 auilites
1450 2705 1604 2775 belligeros.

938 2772 1002 2828 Post
1015 2775 1084 2839 baec,
1096 2774 1201 2835 charta,
1215 2774 1349 2829 Caesarem
1362 2783 1456 2845 rogato
1471 2774 1599 2830 coruinum

938 2843 1031 2899 fleme
1045 2843 1153 2899 Christo
1172 2844 1273 2899 famulo
1283 2845 1318 2899 sit
1331 2859 1434 2899 memor
1451 2846 1559 2916 esigrnr.

1141 2953 1235 3010 l'crsua
1253 2955 1342 3011 Caroli
1359 2957 1535 3027 imperatoria.

900 3073 924 3135 C
940 3043 1076 3098 Laudibus
1090 3044 1199 3100 eximiis
1216 3045 1386 3100 celebrantur
1397 3054 1518 3115 tempora
1537 3045 1639 3116 prisca,

976 3113 1115 3183 Omneque
1125 3117 1291 3184 preteritum
1303 3116 1458 3188 gratificare
1470 3115 1548 3170 solet.

941 3181 1008 3237 Curu
1020 3192 1127 3238 moreat
1144 3200 1263 3253 praesens
1276 3182 1387 3240 larrrosis
1401 3201 1447 3239 ora
1465 3184 1586 3267 loquelis,

975 3252 1111 3322 aggravat
1127 3260 1154 3315 et
1166 3254 1251 3324 plebis
1261 3255 1344 3310 eorda
1357 3255 1469 3309 molesta
1487 3257 1555 3318 drcs,

943 3322 1059 3376 Credere
1080 3339 1141 3391 quae
1153 3339 1213 3378 sese
1226 3325 1336 3380 incertis
1352 3325 1522 3379 successibus
1540 3324 1623 3388 ultro,

977 3391 1030 3444 lint
1048 3393 1130 3445 etiam
1144 3394 1226 3447 uirnia
1242 3409 1343 3463 speque
1355 3394 1444 3447 futura
1455 3393 1538 3460 capit.

944 3459 1000 3513 lloc
1010 3460 1133 3514 bonrincs
1146 3461 1216 3517 inter
1226 3465 1327 3532 passim
1341 3463 1472 3533 contingit
1484 3461 1587 3526 treberi,

980 3527 1090 3583 lbrnrori
1104 3540 1225 3584 reterurn
1238 3532 1335 3586 cedere
1353 3531 1423 3584 fama
1437 3547 1515 3585 nora.

944 3596 1053 3653 Nobise
1069 3611 1163 3653 contra
1177 3600 1244 3654 ordo
1254 3610 1296 3655 est
1306 3608 1488 3655 commutatus
1500 3608 1529 3654 et
1542 3615 1618 3663 usus,

979 3665 1080 3722 Priscis
1095 3669 1194 3738 quique
1211 3680 1318 3725 exstant
1335 3680 1454 3739 tenpore
1470 3669 1648 3740 praeferimus.

943 3736 972 3789 ln
988 3739 1064 3807 queis
1076 3738 1235 3793 Romuleum
1248 3756 1352 3795 summa
1363 3742 1463 3794 rirtmc
1472 3741 1606 3809 gubernat

979 3805 1122 3878 lampetium
1137 3808 1261 3863 dominus
1277 3809 1537 3880 pacificusCarolus,

944 3876 993 3932 Cui
1008 3879 1106 3932 cedunt
1116 3891 1253 3949 proceres,
1267 3889 1293 3934 ct
1311 3880 1395 3951 gioria
1408 3878 1480 3933 celsa
1494 3878 1623 3950 priorum,

981 3946 1052 4003 Solis
1063 3949 1259 4004 obumbrantur
1269 3951 1357 4004 sidera
1371 3964 1420 4005 eeu
1438 3948 1529 4012 radiis,

946 4015 1068 4073 Flrrmina
1079 4033 1129 4073 eeu
1142 4019 1212 4084 Nile,
1224 4021 1305 4075 collrs
1318 4021 1459 4077 uincuntur
1474 4017 1595 4090 olympo,
1669 4047 1672 4052 ·

981 4086 1099 4159 Argenta
1114 4089 1242 4160 obryzum
1259 4090 1319 4162 plus
1331 4092 1397 4145 uitet
1410 4088 1557 4143 Arabcum.

946 4154 1004 4218 Sic,
1022 4156 1154 4228 Auguste,
1167 4161 1213 4214 tibi
1229 4161 1364 4232 ceditjam
1380 4160 1497 4214 manime
1511 4172 1605 4229 regum
1721 4131 1732 4227 i

982 4225 1076 4291 Fama,
1092 4229 1179 4300 rigor,
1193 4231 1286 4294 rictus,
1301 4231 1396 4302 glorio,
1407 4240 1517 4294 nornen,
1529 4230 1624 4284 lionor.
1724 4242 1729 4278 1

947 4294 1058 4367 Singrda
1068 4313 1131 4352 aaut
1144 4300 1256 4369 reliquis
1269 4302 1399 4354 virtutum
1412 4299 1482 4354 urnn
1496 4299 1661 4367 redundant,

983 4365 1009 4419 ln
1023 4372 1048 4422 te
1060 4376 1157 4423 crrrreta
1170 4371 1241 4424 ridet
1253 4372 1376 4441 quisque,
1389 4367 1506 4423 notando
1515 4369 1626 4490 qarobqt.

1524 4450 1630 4502 orrea,

983 4504 1086 4563 Nobilis
1100 4517 1148 4562 aut
1159 4511 1279 4580 sanguis,
1293 4512 1422 4566 dextrave
1438 4517 1527 4563 nrane
1537 4455 1642 4579 pieteus.
1720 4514 1723 4519 ’

989 4636 1001 4662 1·
1014 4621 1042 4676 11
1056 4633 1097 4678 est
1111 4624 1183 4681 trino
1195 4627 1221 4681 in
1234 4642 1285 4681 rrna
1296 4636 1402 4682 natura.

618 4878 897 4939 aEPlTAPHlUM
920 4877 1067 4939 CbilOLl
1089 4881 1229 4940 attunt.

826 4992 925 5074 (fano
942 4995 1024 5076 ult.)

110 5101 198 5155 ¹borea
210 5100 340 5156 coelarruur
357 5108 498 5170 postquam
512 5098 544 5151 de
553 5096 664 5166 l'irgine
677 5092 802 5148 Christus

111 5170 269 5242 Sarrrrpserat
279 5179 341 5240 apta
353 5171 404 5224 sibi
415 5168 507 5222 rutundi
521 5182 568 5237 pro
586 5167 699 5220 erimine
716 5164 848 5226 membra,

110 5239 169 5293 Jaru
182 5241 417 5310 decimusquartus
434 5248 494 5308 post
506 5236 608 5291 centies
620 5246 682 5290 octo
701 5233 809 5286 rarlrrbat

113 5312 215 5374 danus,
225 5310 361 5381 fluctivagi
374 5308 472 5362 rrrnruit
486 5322 539 5376 qno
550 5304 602 5360 lert
609 5308 651 5360 ida
665 5305 725 5360 roeli

111 5379 246 5445 AEtberei,
257 5378 371 5435 Carolus
383 5377 549 5432 Francorum
563 5376 646 5446 gloria
661 5376 759 5446 geratis,

951 5095 1060 5166 Sceptra
1075 5107 1168 5152 tenens
1182 5097 1267 5168 regni,
1282 5106 1309 5153 et
1325 5112 1408 5169 reguo
1420 5114 1466 5152 res
1480 5114 1494 5152 r
1529 5114 1560 5152 na
1578 5113 1738 5170 rejungens,

951 5165 1038 5219 Febra
1051 5168 1175 5238 rrrigrarit
1186 5170 1281 5238 quinto
1290 5168 1341 5221 arii
1355 5184 1385 5222 ca
1401 5169 1466 5223 orbe
1476 5168 1514 5222 lia
1525 5169 1619 5232 endas,

951 5234 1126 5308 Septuaginta
1140 5253 1187 5292 sea
1200 5239 1262 5293 vitm
1279 5239 1325 5307 qui
1336 5239 1463 5292 terrarinat
1476 5252 1572 5292 armos.

951 5307 1120 5376 eraprupter
1142 5308 1232 5378 flagito
1244 5308 1368 5378 precibus
1379 5309 1402 5362 si
1416 5308 1534 5363 flecteris
1545 5306 1619 5372 ullis,

951 5377 1056 5444 Quique
1070 5378 1148 5447 bnjns
1162 5379 1258 5449 relegis
1272 5393 1366 5435 tersus
1379 5378 1573 5449 epigrammata
1585 5376 1682 5442 lectrrr,

111 5447 233 5519 AEquura
247 5450 371 5511 transire,
384 5457 412 5503 et
428 5447 561 5518 piacidum
572 5447 765 5516 comprendere
778 5457 901 5514 portum·
951 5446 1111 5502 bstrderarn
1128 5449 1215 5503 Caroli
1228 5457 1326 5513 teneat,
1340 5449 1394 5514 die,
1406 5448 1516 5518 spiritus
1531 5462 1633 5502 arcem.
1678 5488 1680 5492 .

111 5520 163 5586 Qui
177 5521 319 5591 deciesque
334 5527 429 5589 quater
441 5534 490 5588 per
504 5533 550 5571 scs
565 5516 679 5571 feliciter
690 5532 776 5570 anuos

148 5652 161 5679 ⁰
176 5637 233 5693 lloe
250 5638 422 5710 Epitaphium
435 5637 561 5692 tribuitur
588 5633 730 5703 bgobarrln
749 5631 952 5701 archiepiscopo
969 5627 1152 5701 ergdunensi,
1167 5637 1247 5698 atque
1258 5626 1329 5681 inter
1340 5627 1400 5697 ejus
1424 5625 1510 5696 Opera
1533 5622 1678 5697 rrrlgatunq
1688 5631 1739 5678 est.

112 5709 246 5764 inscrtum
267 5710 349 5764 etiarn
367 5709 499 5778 reperitur
520 5706 545 5759 in
561 5702 689 5759 rlrronieo
703 5701 891 5757 Noralirieusi.
