3780 6120
77 297 149 355 taos
395 292 486 349 ntnnt
505 285 677 350 molliti.
697 319 728 334 ·-
747 287 891 346 ‚trenno
911 321 945 331 -
964 284 1072 345 EPlST.
1091 282 1228 340 tentant
1248 280 1360 337 rann.
1620 284 1695 341 ‘ltili
1732 341 1735 350 ,

76 412 155 480 epist.
170 405 209 475 5),
228 407 340 476 quesn
356 406 470 478 insipit:
489 428 500 460 ι
524 408 609 464 ludat
634 407 669 463 de
691 405 1018 474 eidrateve-Aportent
1032 399 1167 457 etnrerita
1182 400 1311 468 ipsomm.
1333 397 1362 452 Si
1378 403 1467 452 autem
1481 399 1644 454 mutaverint
1657 418 1696 462 se,

72 475 349 535 serahuereuientes
392 480 461 533 cesti
483 480 560 535 nohis
574 486 636 533 sunt
657 475 728 546 quod
742 490 858 546 synago-
908 483 937 529 ει
951 487 1004 528 non
1034 469 1136 525 tuerint
1165 468 1263 523 imitati
1284 476 1412 537 parentes
1443 467 1538 532 malos,
1567 469 1696 541 incipiunt

73 563 138 619 gau
152 560 326 615 eorumquae
342 492 443 601 (lintis
464 547 589 619 [Caralisl
613 548 665 601 sita
687 554 739 608 est,
763 545 860 598 Petrus
908 543 1008 599 hahere
1037 540 1163 595 meritum
1198 553 1285 602 suum,
1305 553 1358 593 nou
1398 537 1522 620 meritum
1554 548 1695 609 pareutum

72 617 122 686 oni
142 631 177 672 ex
199 628 293 671 eorum
323 617 512 685 superstitione
545 619 578 671 ad
607 616 767 671 Chdstiarm
797 612 860 667 ttdet
907 625 1029 667 satorum
1051 607 1142 678 Usque
1151 607 1221 662 adeo
1247 616 1336 661 autem
1359 623 1414 663 non
1430 608 1478 662 trhr
1500 608 1577 663 obest
1602 622 1697 679 pecca-

58 684 179 742 ·euttum
190 686 245 740 lieo
259 684 364 739 retente
376 690 519 755 perductus
530 696 582 749 est,
597 685 725 740 adhibitis
736 682 786 736 sihi
801 681 861 751 qui·
910 689 966 737 tum
981 679 1065 751 patris
1078 680 1127 742 tui,
1141 678 1163 732 si
1187 686 1212 731 te
1231 677 1386 742 mutaveris,
1399 686 1429 730 ut
1444 692 1493 732 nee
1507 678 1556 746 ipsi
1568 679 1639 749 purtri
1651 687 1698 733 tun

74 756 190 812 busdam
219 754 433 824 indisciplinatis,
464 755 586 826 ιειιιιειιιι
618 755 661 809 die
694 754 726 808 ba
747 751 860 806 tisnmtis
909 751 992 814 obsit,
1009 749 1033 804 si
1048 749 1242 811 semutavctit,
1256 755 1308 801 etc.
1331 766 1341 798 ι

73 826 132 890 sui,
148 825 254 880 hocest
273 824 422 888 bonduico,
440 826 466 879 in
481 825 538 895 ipsa
559 823 705 880 testivitate
723 766 862 901 ittsehnli⁸
946 819 1010 875 Car.
1028 833 1078 873 ιιι.
1096 846 1132 857 -
1148 815 1330 896 Repreirenrio.
1350 814 1426 882 Quod
1455 816 1587 872 inutiliter
1611 825 1639 873 et
1659 818 1699 872 iu-

73 911 140 950 cunr
152 894 227 964 gravi
242 893 440 948 scandalosine
463 904 553 949 restra
583 892 754 961 occupaverit
768 889 861 943 volun·
910 897 989 944 caute
1001 886 1089 942 Greci
1105 885 1253 941 Ecclestam
1279 885 1441 940 catholicam
1465 888 1698 943 anathematizare

75 973 145 1025 tate,
163 973 244 1033 atque
254 963 396 1032 imaginem
410 963 464 1018 illic
479 963 615 1032 genitricis
632 961 681 1016 liei
704 959 862 1028 hominique
902 957 1002 1013 conati
1026 964 1088 1012 sunt
1102 957 1130 1010 in
1153 970 1247 1010 eorum
1269 955 1382 1024 synodo,
1411 970 1445 1009 eo
1474 956 1545 1026 quod
1570 957 1701 1028 imagines

77 1033 175 1095 nostri,
201 1043 229 1087 et
242 1032 420 1087 reiterandam
449 1047 565 1094 erucem,
580 1031 622 1086 rel
641 1031 744 1086 birnrm
761 1027 860 1090 album,
912 1043 967 1082 nnn
992 1027 1104 1082 adoret:
1122 1040 1186 1080 cum
1212 1024 1304 1106 otique
1328 1026 1404 1093 prius
1433 1026 1572 1081 debuerint
1589 1026 1701 1081 omniun

57 1147 60 1150 .
98 1119 133 1159 uo
152 1102 185 1156 de
209 1102 282 1157 toute
314 1117 361 1156 sur
378 1117 427 1158 ens
440 1101 551 1157 indutus
568 1099 664 1161 tuerat,
683 1099 858 1168 posuissent
912 1096 1040 1161 scrutari,
1064 1095 1130 1165 quid
1142 1093 1351 1164 uniuscuiusque
1369 1095 1456 1164 partis
1469 1095 1591 1152 Ecclesia
1605 1096 1638 1153 de
1650 1096 1701 1152 hac

75 1119 114 1228 it
134 1179 194 1241 post
206 1185 310 1240 pauca:
332 1190 343 1223 ι
359 1117 565 1228 ionstdersates
584 1172 635 1225 hae
656 1167 691 1222 de
715 1182 744 1221 re
768 1175 863 1220 vestrae
912 1181 994 1222 eausa
1009 1165 1110 1220 sentire
1119 1163 1208 1218 vellet.

80 1241 226 1296 voluntatis
250 1241 383 1295 intentum
401 1241 533 1312 armagis
551 1240 690 1308 judicium,
716 1237 759 1292 his
772 1237 862 1290 horta·
951 1233 1103 1320 Responsio.
1122 1232 1161 1287 lili
1195 1249 1250 1288 uon
1266 1233 1564 1289 anathematizaverunt
1587 1234 1701 1291 catholi-

79 1327 143 1366 mur
161 1311 285 1365 sitatibus
303 1319 343 1374 ut,
367 1311 472 1365 sublata
494 1311 590 1365 exinde
611 1323 673 1363 eum
689 1321 725 1361 ea
751 1321 804 1376 qua
820 1304 863 1360 di·
913 1319 975 1361 cam
989 1303 1147 1367 heclesiam,
1173 1301 1220 1358 sed
1246 1303 1333 1373 magis
1353 1302 1386 1357 ad
1411 1319 1472 1358 eam
1499 1305 1610 1370 reversi,
1635 1319 1700 1359 enn-

78 1395 163 1450 gnum
177 1388 219 1435 est
237 1380 408 1434 veneratione
420 1380 563 1449 imagines
596 1390 733 1439 uecroce,
745 1374 865 1432 debeatis
915 1373 1158 1455 thematieaverunt
1190 1371 1424 1496 pseudosyllogum
1455 1372 1530 1428 illum
1562 1389 1615 1428 una
1639 1390 1700 1431 curn

79 1450 154 1519 qnod
176 1449 306 1505 violenter
333 1447 450 1503 ablatum
474 1455 517 1504 est
546 1461 702 1503 reormsrc.
725 1463 736 1497 t
757 1445 791 1501 Et
804 1451 865 1516 post
914 1442 1090 1513 compdtetbus
1111 1456 1169 1509 erus
1210 1453 1333 1505 aarettcrs,
1362 1457 1512 1512 qutsaeras
1527 1437 1700 1513 imagines'm

79 1533 188 1588 pauca:
210 1537 220 1570 ι
239 1517 277 1572 Νε
304 1533 368 1586 crgo
390 1534 421 1573 su
442 1519 590 1587 rescriptas
623 1516 728 1578 Petrus,
753 1517 796 1569 vel
817 1513 863 1568 alii
915 1521 1009 1567 sancta
1032 1511 1152 1567 Ecclesia
1174 1512 1305 1582 apriscis
1335 1512 1503 1581 temporibus
1532 1513 1700 1577 constitutas,

81 1589 128 1658 qni
151 1589 177 1644 ei
196 1589 222 1642 iu
237 1588 288 1641 hac
308 1533 557 1656 indiscipiinationts
569 1586 700 1656 pravitate
726 1586 866 1655 prebuere
916 1581 1095 1637 inverecunde
1108 1591 1135 1637 et
1160 1581 1267 1636 incaute
1296 1596 1350 1636 nou
1387 1583 1475 1637 solum
1510 1581 1543 1637 ds
1562 1591 1701 1645 nsuerunt.

80 1658 209 1713 solertim
222 1657 278 1712 sive
292 1672 462 1721 conserantur,
484 1659 535 1712 hoe
552 1657 610 1711 zelo
624 1655 686 1710 odet
711 1668 741 1708 se
770 1653 866 1708 iecisse
916 1651 964 1707 sed
987 1651 1299 1721 insuperincenderunt.
1318 1652 1351 1706 nt
1373 1651 1433 1706 ideo
1458 1667 1539 1708 secun
1559 1667 1604 1707 utu
1623 1653 1704 1708 tradi-

82 1727 270 1796 rcspuudeant,
296 1734 325 1780 ut
336 1742 384 1796 per
399 1729 451 1782 hoc
472 1726 549 1798 quasi
566 1728 607 1781 eis
627 1730 775 1779 necessitas
787 1722 873 1778 tieret⁴
920 1722 1019 1776 tionem
1032 1731 1132 1776 sanetae
1156 1721 1295 1776 catholice
1314 1721 1508 1791 etapostoticre
1532 1721 1660 1778 Ecclesia
1671 1724 1702 1776 al

80 1796 257 1854 convertendi
274 1835 283 1859 ,
298 1795 458 1863 admonendi
473 1805 554 1862 sunt;
575 1805 654 1865 atque
675 1794 744 1849 seire
770 1793 870 1848 debent
884 1769 906 1829 fl
920 1792 979 1860 ipsa
1006 1792 1108 1846 reversi
1130 1791 1235 1856 heresi,
1256 1791 1407 1861 specialiter
1423 1807 1482 1847 eam
1505 1800 1705 1847 commanentes

81 1866 149 1936 noia
162 1866 214 1920 hac
227 1865 299 1920 circs
313 1881 360 1920 eos
373 1867 550 1936 temperantia
573 1866 659 1935 iringis
675 1862 803 1918 ιιιειιιιιιιιι
817 1868 869 1924 est,
905 1886 906 1889 ι
922 1862 1225 1916 anathematizaverunt.
1246 1861 1311 1915 ltem
1326 1877 1360 1915 ειι
1373 1861 1484 1930 epistola
1506 1863 1591 1916 sancti
1607 1861 1705 1931 Grego-

82 1945 115 1991 ιιι
132 1935 254 1992 trahatur
270 1934 304 1989 ab
317 1935 357 1990 eis
380 1936 449 1991 velle
475 1952 528 1992 non
553 1935 644 1999 reniti,
670 1949 724 1987 nort
741 1942 771 1986 ut
786 1932 870 1986 addu-
922 1931 955 1986 rii
970 1932 1004 1986 ad
1016 1931 1160 1985 Eusebium
1180 1931 1410 2000 areltiepiseopum
1437 1931 1705 1987 Thessalonicensem

81 2004 284 2067 eanturinviti,
307 2005 369 2073 quia
391 2005 594 2076 scriptumest:
620 2003 771 2058 Voluntarie
791 2000 873 2057 soeri-
923 2001 1025 2071 dinemo
1054 1999 1187 2068 (Libra,
1205 2001 1259 2054 ind.
1285 2001 1313 2064 t,
1333 2002 1412 2070 epist.
1435 2002 1515 2070 stu
1551 2001 1705 2064 hortamur,

83 2073 169 2143 picoto
182 2073 239 2137 titi,
253 2081 306 2128 etc.
325 2094 336 2127 ι
356 2073 442 2145 (Prot.
457 2075 529 2145 nnat
549 2075 619 2129 Erre
640 2079 749 2128 sauctus
770 2071 873 2142 Grego-
923 2079 953 2124 ut
969 2086 1029 2125 cum
1043 2072 1117 2124 onrni
1131 2070 1274 2124 vivacitate
1298 2084 1330 2123 ae
1353 2069 1532 2127 sollicitudine
1556 2071 1706 2127 fraternita-

86 2142 358 2199 riusuouestauses
373 2145 560 2200 contradicere
576 2143 624 2198 tali
639 2141 700 2198 lldei
717 2157 766 2211 pro
787 2143 873 2198 sacris
924 2140 958 2194 tis
981 2140 1033 2195 hoc
1048 2149 1137 2194 restra
1164 2140 1256 2193 rimari
1279 2154 1343 2192 cura
1372 2155 1426 2194 non
1454 2141 1568 2207 desinat,
1583 2153 1610 2197 et
1625 2142 1648 2196 si
1674 2143 1707 2194 ab

86 2213 260 2284 imaginihus,
292 2214 339 2268 sed
355 2215 441 2283 magis
457 2229 516 2269 eam
532 2212 709 2276 confirmarit,
724 2212 769 2266 ubi
783 2213 871 2268 dixit:
924 2209 976 2264 hac
995 2224 1042 2264 eos
1060 2209 1181 2263 insontes
1206 2209 1340 2278 pravitate
1373 2212 1513 2280 repererit,
1551 2209 1707 2266 scandalum

89 2300 101 2335 r
122 2281 180 2337 Non
195 2281 362 2337 adducantur
375 2282 461 2338 insiti.
483 2304 492 2336 ι
923 2278 1091 2334 delitiorum
1115 2293 1223 2335 suorum
1251 2278 1386 2334 mentibus
1407 2280 1587 2336 habitatorum
1603 2279 1708 2335 satista-

122 2348 187 2407 Car.
205 2368 241 2408 ιι.
260 2381 296 2391 —-
315 2351 499 2422 Reprehensio.
519 2351 595 2420 Quod
613 2358 710 2406 contra
728 2350 874 2410 Dominicis
924 2349 1013 2403 odone
1039 2358 1186 2413 removeat,
1201 2356 1283 2417 atque
1307 2347 1378 2403 inter
1394 2364 1488 2405 omrtes
1507 2352 1623 2406 haereses
1647 2363 1707 2420 spc-

86 2421 164 2478 vocis
185 2419 486 2491 imperiumsactunght
506 2425 874 2493 qujparfflneseommm.
924 2418 1029 2473 cialiter
1063 2418 1191 2473 Severum
1219 2434 1252 2473 ac
1281 2416 1435 2474 Nestorium
1470 2421 1708 2480 anathematizent,

85 2490 282 2547 thematizaut:
310 2493 383 2546 etsi
416 2494 563 2547 secundum
595 2507 688 2547 eorum
720 2491 874 2559 opinionem
924 2498 976 2542 etc.
1002 2488 1078 2542 »Sic
1091 2498 1118 2543 et
1130 2489 1175 2543 isti
1195 2486 1325 2553 heeruut,
1354 2489 1387 2544 de
1408 2491 1517 2561 propria
1538 2505 1631 2546 eoratm
1654 2489 1709 2545 hae·

86 2560 299 2630 predecessores
311 2575 403 2615 eorum
415 2562 534 2616 hareici
546 2562 631 2624 inere,
644 2562 687 2616 isti
700 2562 733 2615 ab
742 2562 876 2619 hereticis
924 2558 977 2612 resi
987 2566 1163 2613 revertentes.
1675 2586 1679 2592 ·

85 2629 180 2700 geniti,
196 2628 267 2685 docti
279 2638 306 2684 et
318 2633 469 2686 consecrati
480 2640 560 2696 sunt;
576 2632 672 2686 sirede
688 2645 739 2686 nou
752 2628 876 2700 iudican-
959 2627 1025 2682 Cau.
1046 2644 1104 2683 ιιιι.
1124 2657 1160 2669 —-
1178 2627 1361 2700 Reprehensio.
1376 2627 1446 2695 Quia
1459 2629 1556 2686 mulier
1567 2629 1597 2685 ιιι
1609 2627 1712 2702 synodo

88 2699 131 2754 dis
149 2697 252 2768 hirqui
272 2700 305 2755 de
334 2701 433 2756 secuto
464 2710 643 2768 recesserunt,
671 2700 712 2754 vei
743 2711 875 2771 quartum
924 2697 1023 2752 docem
1038 2698 1193 2762 noudebet,
1211 2701 1283 2754 sieut
1304 2699 1419 2755 trencin
1441 2713 1535 2755 corum
1558 2700 1660 2771 syuodo
1674 2696 1712 2752 le-

88 2768 202 2823 istorum
219 2783 297 2824 error
315 2783 330 2822 a
345 2780 489 2838 parentum
515 2786 608 2826 errore
636 2770 786 2835 dissentiat,
813 2788 876 2827 cum
909 2766 994 2824 -eisse
1008 2767 1113 2837 legitur.

89 2837 214 2894 videlicet
230 2836 270 2894 illi
296 2839 427 2909 imagines
450 2839 584 2912 frangere,
610 2841 654 2895 isti
678 2841 793 2896 adorare
810 2855 872 2897 cen·
961 2836 1114 2907 Responsio.
1133 2838 1162 2892 ln
1175 2839 1241 2910 ipsis
1260 2839 1331 2894 euim
1350 2837 1469 2895 exordiis
1482 2838 1711 2898 Christianorum,

87 2907 202 2962 suerint.
906 2921 988 2962 cum
1013 2907 1047 2960 ad
1062 2907 1142 2961 tidem
1157 2917 1361 2964 converteretur
1386 2910 1533 2978 imperator
1555 2907 1713 2964 Constanti-

127 2975 280 3047 liupouio.
299 2977 346 3033 Isti
402 2981 520 3037 ihocex
536 2996 618 3038 senso
638 2980 813 3051 scripserunt,
833 2983 876 3039 rel
926 2991 987 3040 nus,
1012 2985 1099 3031 mater
1114 2993 1163 3033 sua
1191 2978 1290 3033 lielena
1311 2980 1431 3050 Augusta
1450 2978 1558 3034 adeum
1573 2993 1634 3032 curn
1651 2977 1714 3031 duo·

74 3044 126 3119 :nti
143 3047 330 3118 magnisonum
382 3052 527 3107 zechielem
558 3051 714 3121 prophetam
736 3053 876 3109 attendere
926 3046 1013 3100 decim
1028 3047 1124 3102 scribis
1145 3058 1172 3102 et
1186 3047 1340 3112 phariseis,
1355 3064 1387 3102 tte
1409 3048 1546 3118 magistris
1572 3046 1710 3116 etprinci-

90 3115 235 3180 debebaut,
253 3117 405 3174 dicentem:
431 3119 493 3175 Vino
524 3137 581 3190 rgo,
610 3120 674 3174 dicit
702 3116 1008 3187 boninus,ricpibus
1034 3114 1187 3175 ludaeorum
1210 3119 1237 3172 iu
1258 3119 1352 3172 urbem
1378 3119 1451 3171 renit
1474 3119 1586 3172 ltonram
1604 3123 1632 3170 ει
1657 3117 1714 3184 ipsa

88 3185 140 3238 erit
154 3185 224 3239 notis
240 3184 310 3240 ultro
319 3188 445 3268 parabola
460 3190 515 3244 trec
527 3191 555 3244 in
568 3189 731 3260 preteritum
741 3191 769 3244 in
780 3191 875 3245 lsrael.
912 3200 983 3239 *una
1006 3200 1067 3240 cum
1092 3186 1147 3242 tttio
1164 3202 1213 3242 suo
1235 3187 1411 3243 Constantino
1427 3186 1548 3257 Augusto
1570 3184 1715 3242 concilium

92 3250 161 3307 Ecce
177 3271 264 3308 onnam
281 3273 376 3311 omme
388 3275 452 3313 nee
472 3269 553 3314 sunt:
572 3269 600 3313 ut
619 3260 709 3314 anino
731 3262 824 3330 patris,
838 3262 877 3315 ira
927 3253 1035 3311 ludaeos
1050 3270 1114 3310 com
1128 3257 1397 3314 ctntsrtantstaeere
1418 3265 1590 3312 canuerunt.
1611 3254 1640 3309 ln
1681 3270 1716 3309 un

89 3331 117 3376 et
132 3323 219 3403 onim
231 3323 282 3393 filii
305 3342 363 3380 aneo
377 3337 425 3381 est.
452 3328 546 3383 tiniam
563 3347 622 3400 qne
643 3331 798 3409 peccarent,
821 3331 878 3400 ipro
927 3325 1076 3393 presidens
1108 3334 1218 3381 sanctus
1251 3343 1318 3410 papa
1348 3327 1477 3381 silvester
1503 3342 1564 3382 cum
1595 3270 1716 3395 pluriitus

91 3401 227 3446 monetur.
254 3393 287 3448 Et
309 3394 398 3449 intra:
419 3396 453 3450 Ει
467 3415 526 3451 cour
542 3407 661 3455 orer-tens
676 3415 705 3452 se
727 3399 822 3468 irnpinr
845 3399 877 3452 oh
930 3395 1108 3449 sanctissimis
1125 3396 1267 3465 episcopis,
1284 3413 1311 3451 m
1339 3395 1497 3465 ampliorem
1524 3401 1624 3450 statum
1649 3392 1717 3449 dila-

91 3460 302 3543 r'ntpietrtteosun
325 3481 404 3534 qnnut
435 3477 556 3536 operatus
578 3476 627 3532 est,
651 3476 675 3520 ct
698 3467 785 3536 secred
803 3468 879 3549 jadi-
929 3471 1018 3517 mittes
1029 3463 1244 3519 Christianorum
1268 3467 1355 3528 tidem,
1380 3474 1433 3519 tam
1452 3481 1500 3535 ρει·
1513 3478 1618 3521 sacratu
1640 3461 1715 3518 Scri-

91 3545 164 3582 ennn
184 3535 209 3584 et
226 3535 371 3602 justitiam,
393 3536 446 3606 ipre
471 3537 586 3590 ιιιιιιιιιιιιι
606 3552 682 3591 sunm
701 3534 829 3590 liberunt.
846 3537 879 3590 Et
927 3540 1035 3601 pturum
1050 3549 1187 3603 quumque
1203 3549 1252 3602 per
1267 3534 1404 3599 miracula,
1419 3535 1533 3590 Burttinu
1547 3541 1716 3604 protegente,

93 3605 156 3680 post
175 3599 271 3670 plura:
297 3602 368 3657 ltloio
388 3615 499 3670 mortens
525 3605 608 3676 inpii,
633 3606 678 3659 sent
694 3615 723 3659 ιιι
737 3616 880 3659 reuertatur
930 3603 1047 3657 victores
1059 3601 1147 3658 effecti
1170 3612 1243 3657 sunt.
1264 3604 1316 3657 Sed
1332 3613 1359 3659 et
1371 3613 1479 3659 sanctus
1493 3604 1548 3660 Leo
1560 3619 1628 3674 papa
1639 3617 1716 3673 egre·

92 3669 215 3752 impiare
230 3671 271 3725 nio
296 3689 345 3726 soc
360 3682 384 3727 et
404 3674 480 3728 nont.
501 3674 879 3730 Convertimininn'iseestris
929 3671 989 3794 gius
1010 3672 1113 3736 doctor,
1143 3689 1193 3743 pro
1227 3683 1398 3729 sacmsancto
1420 3682 1520 3743 quarto
1550 3672 1666 3728 coneilio
1683 3673 1716 3725 ad

90 3753 220 3807 perantes,
232 3749 256 3793 et
267 3758 348 3811 cuore
358 3743 516 3808 moriemini,
534 3744 626 3798 domas
642 3743 751 3798 lsrael?
778 3744 816 3798 Tn
829 3746 880 3798 ito·
952 3740 1098 3796 ulcheriam
1125 3742 1273 3812 Angustam
1296 3743 1386 3797 emisit
1402 3743 1530 3813 epistolas
1547 3757 1620 3797 suas.
1642 3741 1718 3797 Unde

89 3821 152 3889 qne,
175 3807 215 3876 pti
239 3809 361 3874 hominis,
387 3812 477 3867 diroti
501 3813 570 3881 filios
590 3813 751 3884 popntitni:
770 3814 879 3869 iustitio
929 3810 1030 3879 etipsa
1053 3825 1102 3881 per
1124 3813 1296 3882 senrctipsam
1325 3813 1352 3866 in
1374 3822 1467 3868 sancta
1496 3821 1592 3882 quarta
1614 3811 1718 3882 syuodo

86 3876 226 3959 pertinen
248 3878 367 3960 liberabit
390 3898 459 3946 onor,
482 3883 511 3935 in
531 3900 686 3964 qancnrrque
706 3883 880 3954 diepeeccre·
930 3879 1011 3944 sedit,
1032 3896 1086 3935 una
1107 3896 1169 3936 curn
1205 3883 1361 3937 fidelissimo
1383 3883 1518 3937 Marciano
1543 3881 1718 3954 imperatore.

93 3954 154 4001 nr:
172 3955 196 4001 et
207 3958 326 4018 impietas
347 3952 420 4013 inuti·
434 3968 486 4006 nun
508 3953 607 4007 nocebit
624 3968 659 4018 er,
673 3953 701 4006 is
726 3969 879 4023 preoccupes
929 3947 996 4003 Item
1015 3965 1051 4006 es
1076 3949 1145 4006 libro
1161 3954 1246 4007 sancti
1262 3952 1414 4024 Augustini,
1437 3953 1471 4008 de
1482 3968 1515 4008 eo
1530 3952 1602 4020 quod
1625 3952 1652 4006 in
1667 3950 1719 4005 Ge-

91 4013 285 4072 dieeonoersns
321 4019 390 4075 uerit
401 4021 434 4075 nt
461 4022 590 4091 impietate
617 4038 676 4086 sao,
691 4031 742 4078 etc.
769 4021 877 4091 (tinch.
931 4019 988 4074 nesi
1001 4029 1077 4075 sextu
1091 4021 1133 4076 die
1151 4020 1254 4077 tactum
1279 4023 1385 4146 tegitur,
1408 4025 1477 4078 inter
1493 4029 1608 4078 caetera:
1627 4019 1717 4075 ‹Pro-

91 4093 305 4142 rruretxxxrn.
338 4089 416 4155 Nam,
433 4100 463 4146 ut
480 4102 590 4146 sanetus
607 4091 662 4146 (ire
680 4093 754 4146 orius
777 4093 803 4146 iu
819 4092 880 4146 [tia-
931 4089 1007 4144 durit
1022 4099 1093 4145 terra
1113 4091 1224 4146 herbam
1237 4093 1368 4161 mbulet
1382 4092 1453 4162 tigna
1477 4089 1633 4149 fructifera:
1675 4107 1719 4148 ro·

91 4152 161 4225 logis
184 4156 241 4238 suis
256 4160 377 4242 meminit
398 4160 468 4230 (Lib.
485 4177 527 4227 ιιι,
541 4177 565 4216 c.
580 4161 636 4231 ot),
650 4109 797 4231 tinnigildo
822 4161 879 4231 regi
931 4159 1031 4242 ducunt
1047 4168 1074 4215 et
1086 4159 1209 4216 homines
1224 4162 1387 4223 inlicctesia
1410 4177 1491 4233 opera
1507 4106 1717 4217 misericornia:

91 4223 252 4304 abohrtana
278 4227 425 4285 haeresiad
450 4231 529 4285 tidem
554 4230 714 4287 catholicam
739 4245 878 4296 converso,
930 4236 991 4298 post
1014 4245 1071 4299 ipsa
1084 4245 1177 4300 opera,
1197 4247 1257 4300 que
1273 4234 1353 4287 etiam
1379 4233 1493 4288 Domino
1512 4232 1630 4287 exhibita
1645 4242 1717 4292 snm,

110 4296 157 4347 utd
174 4296 266 4350 nocuit
283 4306 361 4368 pater
382 4300 576 4356 suusdriauus
597 4301 744 4371 livigildus
767 4300 881 4370 Wisigo
930 4305 1077 4354 cuntessm
1091 4300 1118 4354 iu
1141 4317 1235 4367 carne,
1259 4319 1312 4357 non
1337 4303 1424 4361 solum
1441 4318 1456 4358 a
1472 4303 1548 4364 viris,
1574 4302 1644 4356 sicut
1667 4301 1719 4355 luit

92 4370 200 4443 torum
215 4367 285 4421 res?
301 4366 417 4424 Prorsus
440 4371 575 4426 credintus
593 4372 656 4440 guia
669 4369 746 4435 nihil,
762 4370 808 4424 sed
822 4384 879 4424 ma·
931 4368 1067 4432 Zachaeus,
1084 4369 1129 4425 sed
1155 4372 1238 4426 etiam
1253 4389 1267 4426 a
1281 4372 1438 4428 mulieribus
1460 4387 1520 4442 quae
1537 4372 1561 4428 ei
1581 4372 1718 4426 ministra-

89 4447 208 4553 gpscum
220 4433 248 4488 in
270 4435 447 4507 perditionem
465 4441 561 4495 atriune
580 4457 635 4496 sure
658 4442 714 4511 ipse
725 4447 802 4509 pater
815 4437 912 4540 ejus„
931 4437 996 4493 bant
1014 4440 1047 4494 de
1058 4441 1206 4495 substantia
1220 4457 1278 4507 stra,
1293 4450 1345 4497 etc.
1367 4462 1376 4495 t
1393 4447 1410 4464 ⁸

115 4517 207 4558 uranus
216 4519 266 4587 pro
283 4523 344 4561 vera
357 4519 385 4562 et
397 4509 544 4564 orthodoxa
560 4511 612 4565 ilde
625 4527 685 4566 eum
699 4510 784 4566 occidi
799 4509 872 4574 iecit,
957 4510 1022 4564 Can,
1042 4525 1096 4564 ιιι.
1114 4541 1150 4551 -
1164 4510 1344 4582 Reprehensio.
1357 4512 1433 4581 Quod
1443 4528 1495 4567 non
1510 4512 1568 4568 ideo
1578 4511 1720 4568 adonnde

75 4581 327 4631 ‘constantisstmus
353 4578 401 4657 liei
430 4576 607 4635 contessorrt
628 4588 731 4651 martyr
762 4579 875 4635 effectus
930 4587 994 4633 sunt
1009 4580 1144 4651 imagines
1164 4582 1235 4649 quod
1258 4598 1308 4651 prr
1333 4598 1389 4648 cas,
1415 4592 1444 4639 ut
1465 4583 1502 4637 iili
1520 4582 1622 4646 dicunt,
1650 4597 1724 4637 non·

99 4650 152 4724 ast:
171 4648 523 4716 paterrerocJusArianus
540 4649 668 4718 inignem
683 4659 876 4720 oetemumpro
927 4649 1000 4703 nulla
1025 4651 1102 4720 sigua
1124 4651 1306 4707 demonstrata
1332 4652 1415 4708 tuisse
1441 4653 1575 4718 vitientur,
1593 4668 1654 4707 cum
1679 4661 1722 4706 ts·

91 4718 194 4795 anatra
210 4714 263 4769 ilde
284 4731 333 4770 sua
356 4717 487 4773 deductus
505 4729 556 4774 est.
577 4720 610 4773 Et
632 4719 697 4790 quid
711 4720 798 4788 potuit
810 4720 876 4773 lidc-
927 4734 989 4774 men
1004 4735 1058 4775 nou
1070 4735 1166 4774 omues
1180 4737 1223 4776 res
1242 4723 1389 4777 adorentur
1401 4737 1449 4793 per
1472 4721 1597 4793 quesnel
1616 4723 1720 4792 tesquis

90 4779 145 4835 lem
158 4781 242 4837 llhum
252 4800 330 4841 suum
340 4787 369 4841 iu
380 4790 642 4859 quocunquelaedete
653 4789 790 4858 capitulo?
803 4789 879 4844 Tunc
929 4790 980 4845 uus
997 4790 1126 4846 miracula
1136 4805 1170 4860 ap
1189 4800 1275 4845 arent.

91 4864 208 4934 namque
225 4856 435 4938 gaudetsaucta
454 4858 585 4914 catholica
604 4867 632 4913 et
657 4859 804 4929 apostolica
827 4859 879 4914 Ec·
969 4858 1123 4941 Responsio.
1178 4876 1220 4914 am
1249 4861 1373 4930 superius
1401 4862 1572 4916 exaravimus
1591 4874 1641 4928 pro
1670 4861 1719 4913 ad-

90 4917 299 5005 elesta'quaudo
328 4927 451 4982 mimicos
482 4943 553 4992 suos,
582 4928 705 4984 videlicet
730 4929 879 4991 haereticos,
932 4930 1224 4999 nraudtsimagiuibus,
1244 4931 1502 4998 qualiterineorum
1516 4929 1733 5000 crplsrtarcrirn-

92 4989 168 5072 videt
180 5007 208 5046 m
224 5008 287 5048 vera
311 4995 523 5053 confessiouead
546 5013 606 5053 eam
638 4999 747 5064 reverti,
767 4999 881 5054 Domino
932 4999 1099 5061 delinitione,
1124 5000 1339 5055 demonstrantes
1351 5001 1391 5054 eis
1410 5000 1531 5054 osculum
1558 5006 1584 5054 et
1599 4999 1718 5051 honora·—

90 5059 197 5116 dtcente
209 5079 216 5114 τ
230 5060 362 5145 §andium
371 5068 419 5122 erit
431 5083 509 5137 snper
518 5085 570 5123 nno
581 5078 725 5139 peccatore,
736 5077 788 5122 etc.
803 5068 878 5138 (Lae.
933 5070 1014 5123 bilem
1040 5067 1228 5122 salutationem
1251 5069 1374 5133 reddere,
1390 5085 1557 5139 normannum
1571 5066 1718 5124 secuudum

90 5142 136 5211 av.
169 5130 202 5185 nt
216 5148 239 5187 st
254 5132 287 5187 de
302 5150 355 5191 uno
374 5136 501 5208 gaudium
516 5140 554 5201 tit,
571 5146 674 5207 quanto
697 5155 738 5192 rua
758 5138 782 5193 is
793 5139 826 5193 de
841 5146 881 5193 tot
931 5137 1009 5193 tidem
1029 5143 1150 5193 nostram
1171 5153 1262 5192 veram
1285 5139 1427 5204 culturam,
1454 5154 1513 5207 quae
1538 5139 1615 5194 decet
1633 5136 1717 5191 solam

91 5200 205 5255 milium
232 5201 369 5258 hominum
392 5207 569 5262 reversione?
587 5208 648 5278 quis
669 5156 780 5262 audeiit
803 5208 880 5263 detl-
930 5207 1048 5261 divinam
1070 5214 1205 5261 naturam.
1246 5207 1285 5262 lix
1317 5208 1387 5263 libro
1406 5209 1491 5263 sanni
1519 5207 1661 5280 Augustini
1691 5206 1720 5262 itt

91 5267 196 5326 donnus
215 5272 322 5329 taudem
336 5275 480 5345 aliquando
499 5278 646 5333 resisteret
662 5276 728 5331 ltem
742 5293 775 5332 cx
786 5286 880 5334 saneto
930 5277 1063 5345 psalmum
1082 5293 1162 5333 ιιιιι
1178 5275 1252 5350 (Post
1269 5279 1409 5348 medium),
1422 5279 1494 5333 inter
1512 5287 1631 5334 cetera:
1650 5295 1659 5329 ι
1678 5276 1718 5331 Τιι

89 5335 240 5408 Augustino
260 5343 287 5397 in
308 5346 443 5426 psalmum
474 5362 582 5414 ιιιιιιι,
611 5348 683 5403 inter
712 5356 809 5403 caetera
836 5348 878 5403 di·
920 5361 1118 5418 ⁸reremngnus
1142 5348 1213 5403 Deus
1236 5347 1337 5404 taciens
1348 5347 1481 5404 mirabilia
1492 5349 1518 5402 iu
1549 5366 1581 5405 ro
1633 5363 1672 5414 re,
1691 5347 1720 5402 iu

90 5417 169 5494 ceute
187 5410 260 5483 (Post
273 5415 467 5486 prmcrpinml:
493 5436 502 5468 r
526 5417 638 5474 Peccata
661 5427 805 5487 parentum
825 5433 878 5473 nou
929 5416 1019 5472 anima
1051 5416 1247 5473 solusiaciens.
1265 5437 1275 5471 ι
1292 5419 1326 5472 Et
1357 5426 1419 5488 post
1457 5434 1570 5475 aucaar
1615 5419 1668 5474 seit
1691 5427 1719 5472 et

122 5487 228 5561 struent
240 5483 274 5536 ad
288 5483 369 5564 illios,
386 5501 445 5556 qrtae
461 5485 563 5543 iaciunt
579 5498 706 5558 parentes
728 5487 784 5556 jam
810 5488 880 5543 natis
930 5485 1047 5557 lloyses,
1061 5487 1171 5551 sednon
1192 5489 1283 5554 solus,
1306 5488 1369 5543 tecit
1384 5498 1412 5544 ct
1450 5489 1518 5555 lias,
1543 5488 1606 5544 tecit
1622 5496 1649 5543 ct
1664 5487 1718 5542 Eli·

132 5565 164 5605 ιι.
182 5548 327 5608 tamenim
340 5555 387 5608 tilii
406 5554 462 5611 nati
484 5557 518 5613 ad
536 5572 566 5613 se
584 5557 730 5629 pertinent,
746 5567 772 5613 ct
784 5574 881 5630 paren·
931 5571 1021 5622 sarus,
1043 5557 1202 5614 teremutct
1213 5560 1336 5630 apostoli,
1355 5560 1402 5614 sed
1415 5560 1502 5616 trullus
1522 5574 1615 5615 eorum
1633 5557 1718 5614 solus.

92 5622 181 5675 tesad
203 5635 232 5675 se
252 5623 397 5691 pertinent.
418 5626 512 5697 itaque
535 5625 575 5681 illi
606 5628 651 5696 qui
682 5629 737 5682 uati
767 5639 840 5695 snut,
857 5629 880 5683 si
930 5627 970 5681 llli
990 5643 1052 5682 cum
1072 5626 1201 5696 tacerent,
1218 5638 1330 5685 turum
1356 5631 1416 5696 eis;
1445 5639 1474 5684 tu
1493 5629 1601 5702 quando
1619 5627 1718 5692 iecisti,

90 5692 228 5746 tenuerim
241 5692 298 5748 vias
316 5703 457 5764 parentum
479 5712 588 5776 sucmm
602 5697 697 5764 malas,
717 5713 826 5758 trcecssc
839 5708 881 5757 est
931 5697 970 5757 tbi
985 5713 1044 5756 uou
1055 5707 1153 5756 tecum
1169 5699 1225 5757 Non
1241 5701 1312 5757 enim
1326 5708 1413 5756 tecum
1429 5698 1536 5778 inerunt
1548 5714 1608 5756 curn
1620 5695 1718 5764 notae,
