3780 6120
118 262 187 317 ilib
543 253 575 309 B.
594 250 720 310 esuum
739 245 846 305 attotu
862 244 938 303 OPP.
960 244 1049 302 PARS
1066 245 1098 302 lt.
1124 245 1246 303 SECTlO
1265 246 1297 302 li.
1694 247 1766 305 1130

119 371 398 438 sicutimpcmtorem.
414 365 490 434 Quod
507 365 616 435 quidem
630 363 687 426 ubi,
709 362 825 432 quando,
847 356 1006 427 commeo
1031 357 1132 414 annulo
1156 359 1351 428 pretiosissima
1378 358 1538 430 smaragdus
1563 361 1690 424 inserta,
1716 370 1765 416 aut

118 460 343 534 quemadmodum
357 465 462 528 gestum
477 457 523 520 sit,
547 456 582 511 ab
595 455 668 510 omui
692 452 800 522 penitus
815 452 910 509 eatba-
953 449 1067 506 eilieiou
1081 460 1317 521 tegumentorum
1338 459 1418 505 texere
1431 452 1515 506 restis
1529 452 1615 508 lasela
1645 453 1763 507 minime

118 553 170 609 lieo
185 554 333 622 ignoratur.
359 548 418 604 Non
438 547 510 601 enim
526 545 606 600 Pater
618 545 760 615 imaginem
779 542 847 612 ejus,
862 544 910 599 scd
953 544 1086 597 oooreott
1096 550 1198 604 assuta,
1226 541 1263 595 ita
1277 541 1386 610 penitus
1404 543 1557 597 divinorum
1584 544 1760 612 eloquiorum

118 643 395 718 lpsumcumdcmquc
411 635 790 705 bonorarcctaudireiussit,
804 633 910 692 cunrad
956 631 1114 689 testimonia
1142 631 1250 685 illorum
1283 631 1359 699 operi
1388 647 1560 701 nequaquam
1588 632 1760 687 eonveniunt

119 738 217 794 dueuta
231 733 356 790 lordonis
368 738 461 788 saneta
476 729 595 785 Trinitas
617 728 643 783 in
667 729 772 783 unitate
785 729 912 783 substan·
955 721 1090 776 abhibito.
1107 720 1161 776 lies
1174 736 1240 791 ergo
1254 721 1336 776 dubia
1350 730 1378 775 et
1392 721 1419 774 iu
1431 723 1633 777 contentionem
1647 723 1759 777 venicus

119 829 173 889 tim,
193 823 534 881 Pauus-ttetieetinvoce
556 836 609 891 qua
628 819 744 873 intonuit
765 835 773 870 t
798 816 848 869 tlte
872 825 910 869 est
954 826 1015 868 arou
1034 811 1113 867 debet
1135 812 1221 867 astrui
1243 813 1462 883 apocryphorum
1488 814 1600 876 noritis.
1633 815 1682 869 sed
1712 824 1759 868 aot

119 917 207 971 Filius
223 933 295 970 meas
322 914 433 968 dilectus
459 915 487 967 in
509 928 560 983 qno
582 911 647 964 milri
669 910 731 964 berre
754 907 910 980 complacui,
959 902 1058 957 divine
1080 901 1147 970 legis
1168 902 1296 965 oracolis,
1319 911 1367 957 aut
1392 919 1487 959 eorum
1510 905 1656 960 rioctonrm
1683 907 1757 975 quia

119 1008 203 1078 iprum
217 1007 305 1060 nrrditc
321 1004 429 1076 (llntdt.
446 1003 498 1073 ur),
512 1002 597 1056 Filius
610 1001 637 1054 in
657 990 779 1069 corpo'e,
794 996 912 1068 Spiritus
960 995 1093 1052 catholiea
1108 1003 1136 1049 et
1150 996 1297 1065 apostolica
1310 997 1430 1052 Ecclesia
1447 998 1624 1068 recipiuntur,
1654 999 1756 1052 saluta·

119 1111 183 1153 uero
200 1106 310 1151 sanctus
326 1095 351 1149 in
366 1094 456 1164 specie
468 1092 599 1148 columba·
621 1090 781 1146 mirabiliter
801 1088 910 1143 claruit.
960 1086 1038 1143 ribus
1064 1087 1174 1143 monitis
1193 1097 1221 1142 et
1245 1087 1466 1143 luculentissimis
1492 1089 1675 1144 documentis.
1702 1088 1757 1145 Sed

119 1186 195 1251 Esto,
220 1188 300 1242 Pater
318 1185 427 1254 juberet
448 1185 633 1241 honorandam
653 1182 753 1238 Christi
768 1181 911 1251 imaginem
957 1177 1078 1234 tortasse
1102 1178 1201 1247 aliquis
1226 1177 1339 1245 hujusce
1366 1181 1468 1234 erroris
1503 1181 1757 1250 scmpulosissimos

119 1279 190 1337 sieut
215 1279 414 1350 imperatorem,
426 1277 549 1347 nunquid
566 1293 619 1331 non
630 1274 730 1330 rectius
743 1280 815 1329 esset
829 1272 913 1342 impe-
958 1277 1131 1325 assevcrator
1154 1269 1245 1325 dicet:
1259 1269 1318 1325 Nou
1331 1269 1367 1325 illi
1380 1272 1595 1343 aquieryplromm
1621 1275 1754 1328 librorum

120 1380 238 1428 ratonem
262 1369 448 1427 honorandum
473 1369 639 1432 decernere,
664 1365 743 1420 sicuti
768 1364 912 1434 imaginem
960 1359 1109 1416 sententias
1118 1361 1249 1430 suoopcri
1263 1360 1401 1416 insemcre
1411 1362 1445 1416 ad
1455 1364 1686 1434 rempropositam
1696 1379 1760 1419 con-

119 1461 231 1527 Cbristi,
254 1471 284 1516 ut
298 1461 385 1529 imago
399 1458 501 1514 Cbristi
518 1457 722 1512 eminentiorem
746 1456 774 1511 in
803 1453 849 1508 tali
870 1469 913 1508 ra-
960 1450 1133 1515 lirmandam,
1157 1451 1205 1506 sed
1230 1452 1392 1509 insultantes
1402 1453 1435 1509 ad
1462 1457 1642 1526 quorumdam
1670 1457 1758 1511 ltere·

120 1553 194 1608 tione
217 1552 308 1607 locum
334 1550 461 1605 teneret?
492 1547 552 1604 Non
573 1563 638 1619 crgo
661 1546 742 1601 Pater
768 1545 913 1616 imaginem
962 1540 1229 1596 ticorurntcsauiam
1243 1543 1481 1599 sulrsannandam:
1497 1547 1541 1601 eui
1562 1556 1658 1601 noster
1672 1547 1759 1618 stylus

120 1643 222 1701 Christi
236 1640 486 1713 quoquamlegitur
505 1648 551 1694 aut
573 1638 718 1709 depingere
739 1645 785 1691 aot
799 1637 913 1691 adorare
963 1629 1120 1686 facillimam
1140 1640 1231 1701 potest
1250 1631 1352 1688 inlerre
1378 1636 1594 1705 responsionem.
1620 1637 1760 1707 b‘unquid-

121 1744 169 1795 aut
183 1737 317 1791 bonorare
338 1730 460 1802 jussisse,
476 1732 574 1803 quippe
594 1731 685 1801 quise
708 1729 794 1785 solum
807 1727 915 1784 adorari
930 1701 1028 1775 Buam
1042 1737 1104 1776 eum
1119 1722 1273 1778 Polemonis
1294 1724 1450 1796 imaginem,
1461 1729 1534 1796 quod
1555 1729 1631 1783 nulla
1647 1730 1761 1784 autben

120 1822 228 1895 tibique
242 1823 291 1879 soli
304 1822 406 1878 seruire
426 1821 554 1878 instituit.
571 1819 640 1887 Quia
657 1835 721 1891 ergo
739 1820 916 1889 imperatores
961 1812 1020 1868 tica
1031 1812 1112 1868 lectio
1126 1822 1228 1879 narrat,
1245 1816 1338 1872 dicunt
1352 1819 1496 1887 quemdam
1509 1819 1543 1872 ab
1556 1819 1663 1874 scelere
1685 1834 1761 1874 coer·

120 1920 236 1986 rtregcs
249 1914 303 1969 siut
314 1928 330 1967 a
343 1912 458 1968 subditis
470 1911 620 1966 honorandi
638 1909 800 1980 quibusdam
817 1908 915 1963 divium
965 1902 1063 1966 coisse,
1076 1901 1155 1957 alicui
1167 1903 1313 1958 insultant?
1328 1904 1397 1960 Sunt
1411 1907 1502 1976 itaque
1514 1907 1541 1961 in
1554 1909 1650 1962 endem
1672 1908 1761 1963 leutio

122 2002 270 2074 Scriptunc
288 2003 417 2073 exemplis
430 2011 520 2073 potest
534 2001 687 2071 approbari.
700 1999 728 2054 Si
741 1999 814 2055 enim
828 2000 915 2053 bono·
962 1995 1213 2066 sequanamque
1228 1997 1265 2052 illi
1279 1999 1312 2052 ad
1326 2015 1382 2053 rem
1396 2000 1561 2070 propositam
1576 2000 1763 2056 albrmamlam

122 2092 200 2148 randi
213 2092 324 2149 minime
343 2098 443 2157 essent,
463 2105 634 2163 nequaquam
649 2088 786 2144 Daridtir
805 2096 916 2143 sauctus
964 2101 1097 2158 posuere;
1114 2095 1178 2142 sunt
1196 2089 1279 2143 etiam
1306 2090 1435 2160 pleraque
1462 2105 1522 2160 qme
1544 2106 1701 2161 quanquam
1725 2094 1761 2147 in

124 2180 244 2246 Saulem,
261 2190 403 2253 postquam
417 2181 488 2237 Deus
503 2182 537 2237 ab
554 2195 587 2237 eo
610 2187 769 2244 recesserat,
782 2177 915 2233 Clrrirtont
965 2177 1092 2232 saltando
1116 2179 1265 2248 posuerint,
1298 2180 1335 2235 ita
1349 2190 1413 2236 sunt
1427 2182 1565 2243 involuta,
1597 2183 1636 2238 'ua
1665 2183 1759 2239 inordi

124 2272 231 2331 Domini
245 2284 351 2331 voearet
364 2274 390 2346 (l
406 2274 468 2345 llep.
482 2290 554 2337 xxt'r,
567 2284 592 2328 et
603 2272 635 2327 ll
649 2272 712 2343 llcg.
729 2271 759 2341 r).
772 2270 830 2327 Nou
842 2270 915 2326 enim
966 2273 1039 2331 uate,
1062 2268 1099 2322 ita
1113 2269 1262 2324 cuorruiter
1285 2271 1399 2341 pmlata,
1422 2273 1458 2326 ita
1472 2272 1629 2342 permixtim
1643 2272 1762 2344 digesta,

123 2372 183 2421 erat
196 2365 303 2421 nescius
323 2365 451 2434 prelatus
464 2365 635 2435 t'irdiriuam
656 2379 717 2420 esse
738 2362 915 2434 dispensatio-
967 2366 1000 2412 ut
1030 2371 1099 2428 pene
1124 2358 1169 2412 rix
1194 2360 1360 2429 deprehendi
1387 2362 1499 2426 balcet,
1527 2363 1627 2433 litque
1655 2364 1762 2420 lectoris

124 2472 185 2511 ncm
214 2457 241 2510 in
266 2456 353 2511 obicio
371 2457 473 2512 ordinis
498 2456 609 2527 regalis;
629 2456 730 2511 idcirco
750 2454 859 2509 Saulem
886 2453 914 2508 in
966 2457 1084 2504 mentem
1099 2450 1224 2521 attingat,
1244 2461 1337 2506 utrum
1350 2466 1381 2507 ea
1395 2469 1456 2523 qum
1470 2453 1598 2509 dicuntur
1614 2456 1698 2511 rerlm
1711 2456 1761 2510 sint

123 2548 216 2602 cadem
236 2547 323 2603 adbuc
337 2547 466 2618 dignitate
478 2548 595 2617 positum
616 2546 785 2609 bonoriirrat,
810 2559 844 2599 nc
861 2544 916 2601 lieo
963 2538 1170 2606 insultantium,
1199 2551 1246 2597 aut
1271 2542 1314 2598 bis
1342 2559 1402 2613 quc
1427 2545 1556 2600 ‹licruuur
1585 2548 1667 2602 tidem
1690 2548 1762 2602 exbi-

124 2636 250 2707 iujuriam
264 2636 352 2691 lacere
369 2637 515 2703 videretur,
528 2636 574 2706 qui
592 2636 634 2692 bis
650 2635 791 2691 ordinibus
814 2634 915 2705 imper·
965 2627 1099 2683 boatium.
1123 2630 1189 2697 Qum
1205 2647 1249 2685 reu
1268 2640 1296 2687 ct
1321 2632 1345 2687 si
1364 2649 1379 2687 a
1400 2635 1487 2690 doctis
1505 2637 1660 2706 quibusque
1682 2639 1761 2692 itaut

124 2729 245 2784 tiendum
259 2730 388 2785 liquorem
410 2730 539 2786 decrerit.
558 2729 681 2797 Quandio
701 2743 767 2799 ergo
783 2729 812 2783 in
825 2742 859 2783 en
876 2727 917 2782 di-
967 2718 1077 2785 dicitur,
1099 2720 1269 2789 intelligitur,
1292 2723 1408 2780 indoctis
1430 2741 1495 2781 rem
1510 2728 1672 2796 quibusdam
1688 2745 1761 2784 sem·

123 2820 226 2890 gnitate
238 2826 289 2884 est,
305 2820 479 2875 honorandus
497 2829 547 2883 cst,
565 2819 588 2875 si
612 2834 665 2874 nou
679 2827 790 2889 propter
808 2831 849 2882 se,
874 2815 917 2870 rel
967 2808 1057 2864 dalurn
1070 2824 1200 2879 generare
1213 2812 1377 2881 perbibetor,
1398 2830 1447 2869 uec
1464 2815 1621 2882 immerito,
1648 2833 1708 2887 que
1726 2818 1760 2872 ita

123 2916 234 2980 propter
246 2909 378 2965 ordinem.
399 2909 475 2966 Unde
496 2918 524 2964 et
543 2909 708 2980 Apostolus:
726 2908 863 2971 Oatnibru,
875 2907 916 2962 iu·
967 2901 1101 2973 imperitia
1116 2904 1256 2976 tegiturut
1270 2908 1315 2962 rix
1333 2907 1510 2979 intelligatur.

123 3003 193 3072 quit,
214 3003 384 3074 potestatibus
398 3002 593 3057 sublimioribus
616 3001 713 3056 subditi
737 3009 828 3057 estate.
853 2997 956 3111 lllouc
1251 3017 1366 3076 CAPUT
1381 3019 1477 3076 xm·

124 3100 162 3145 εἰ
176 3106 245 3144 ‘mm
269 3099 381 3192 9⁰1⁰⁸f⁰⁸
402 3106 452 3144 Μ’
475 3088 558 3186 ,αὓω
572 3088 659 3193 (¹³me
676 3088 735 3159 ¹¹¹¹)
743 3104 752 3154 3
771 3096 799 3144 ⁰⁸
814 3104 842 3142 ¹¹¹
864 3086 917 3143 ³¹¹⁰
969 3127 1177 3185 Delirorrtcutruu
1199 3147 1287 3187 errore
1304 3130 1408 3201 plenum
1425 3106 1495 3202 quod
1520 3132 1553 3186 rte
1571 3142 1673 3187 retruso
1700 3150 1760 3201 quo-

125 3179 205 3236 loeo:
224 3180 309 3235 Deum
326 3189 423 3244 wilm·
443 3195 528 3250 'edem
544 3179 716 3248 'mmmm‘
736 3176 764 3250 <¹
788 3177 847 3233 Pei·
874 3177 917 3247 ¹¹l·
1004 3198 1067 3253 dom
1079 3199 1201 3254 ‹ttrornnt
1219 3200 1263 3271 qui
1275 3199 1390 3254 drrutorrt‘
1394 3202 1502 3272 jurasse
1521 3214 1544 3257 et
1557 3203 1674 3282 idipsum
1684 3203 1759 3275 jurn-

126 3267 241 3325 llberior
258 3283 413 3343 uaniqucex
425 3268 476 3323 bae
490 3268 594 3324 ratione
609 3267 754 3340 disputatio
763 3268 830 3323 oriri
843 3275 920 3338 puto÷
1004 3277 1119 3323 aceruum
1135 3271 1239 3324 irritum
1263 3270 1354 3339 {eriere
1381 3271 1550 3340 perbihetur,
1577 3289 1655 3342 crqm
1684 3273 1759 3326 obbrs

126 3367 178 3423 m,
193 3359 240 3413 sep
253 3357 316 3429 quja
327 3356 385 3428 jam
405 3357 600 3428 „quumququm
622 3374 654 3414 ex
674 3372 709 3413 ω
722 3357 751 3411 j„
772 3356 919 3427 superiori,
1004 3355 1057 3393 rtort
1069 3339 1234 3394 rnediocritcr
1242 3339 1368 3394 delirasse
1378 3341 1648 3408 dlqtrorcr'turrticeus,
1658 3343 1683 3396 ei
1693 3359 1759 3396 corrr-

127 3450 177 3505 us
204 3448 284 3518 tuus
308 3449 398 3519 ueris
423 3457 464 3519 est
488 3449 610 3520 „aaran
636 3449 821 3519 timeum
841 3449 919 3517 inne
1003 3411 1474 3549 llll·.tt.‘²,.tt”'tr.'.ttltt‘
1490 3411 1637 3551 litlot
1656 3413 1758 3536 tut}
1817 3524 1821 3533 .

128 3555 200 3595 uunc
210 3546 253 3594 est
266 3538 309 3595 bis
320 3538 510 3610 praetermissis
521 3539 556 3595 ad
568 3539 620 3594 alia
635 3530 836 3596 transcundum.
1004 3557 1050 3601 ont
1060 3548 1118 3618 ejus
1130 3558 1228 3602 sonere
1238 3549 1380 3620 genitricis.

410 3648 525 3706 gqpqp
540 3649 624 3704 xxx,
873 3660 883 3679 ·
1004 3640 1081 3708 Serpe
1097 3640 1124 3693 in
1136 3641 1187 3694 boe
1200 3655 1282 3711 opere
1301 3639 1423 3711 cogimur
1437 3641 1557 3697 dicerea
1582 3643 1664 3699 rebus
1677 3645 1758 3699 noxiis

126 3735 165 3794 Do
179 3753 209 3794 ω
233 3737 305 3809 md
319 3739 482 3809 apocrypha&
508 3749 532 3794 eg
558 3739 689 3795 dep-{giam
702 3741 797 3811 dium
817 3743 917 3797 κωπίω
968 3732 1091 3801 ΘΧΘΙΙὶβῙῖἱ
1119 3732 1230 3787 utillime
1257 3732 1355 3788 debere
1376 3747 1492 3799 suntote,
1509 3742 1537 3790 θῑ
1553 3737 1606 3791 boe
1629 3736 1690 3791 ideo
1706 3744 1757 3790 tutu

284 3808 340 3861 mir
354 3806 529 3863 locationibus
540 3809 762 3880 interposuerunt.
968 3824 1064 3878 crebro
1083 3824 1240 3894 repetimus,
1264 3824 1325 3893 quia
1342 3840 1388 3880 cos
1405 3827 1440 3879 ob
1454 3841 1533 3880 suum
1547 3841 1669 3881 errorem
1693 3826 1757 3881 adir-

162 3897 190 3953 Si
215 3899 276 3970 ‘luit
303 3898 419 3970 ligneam
447 3899 556 3956 d⁰¹¹¹¹¹¹¹¹
581 3901 733 3969 aedissctfflsr
753 3904 776 3959 Si
802 3905 920 3974 parietes
968 3915 1097 3969 mondum
1124 3915 1260 3970 iderebro
1284 3913 1380 3970 iecisse
1395 3917 1555 3986 reperiuurs.
1587 3918 1665 3972 Sicut
1690 3917 1756 3972 enim

127 3986 200 4056 cupit
235 3989 395 4044 nrarroorets
419 4003 551 4046 oxomam
579 3991 697 4056 eunus,
730 4000 777 4050 aot
811 3997 919 4069 variare
967 4003 1064 4059 ordine
1086 4005 1250 4075 conpetenti
1272 4005 1350 4060 bonis
1363 4005 1469 4060 aeribus
1483 4006 1678 4062 attundentem
1693 4021 1756 4079 pro

127 4074 340 4133 multicoloribus
351 4079 415 4134 uitri
426 4078 556 4146 frustulis,
568 4080 632 4135 dum
642 4082 729 4138 ceruit
740 4083 813 4155 liguo
822 4087 918 4143 eadem
967 4094 1032 4149 bent
1052 4094 1183 4149 bonomm
1198 4093 1370 4150 nibilominus
1383 4103 1492 4152 actuum
1511 4099 1647 4169 exempla,
1674 4098 1709 4153 ita
1722 4097 1756 4152 ui·

126 4166 234 4222 metalla
249 4183 298 4237 per
311 4177 436 4227 naturam
445 4172 556 4228 minime
569 4170 649 4243 posse
664 4174 809 4242 cobmrcre,
820 4178 918 4249 spretis
968 4183 1068 4237 mimm
1100 4183 1140 4238 illi
1168 4184 1291 4238 erroneis
1315 4185 1420 4239 actibus
1444 4199 1622 4242 erroneorum
1654 4198 1755 4242 actmnu

128 4256 169 4313 bis
182 4259 297 4315 metallis
311 4276 371 4332 qum
380 4261 453 4333 ligno
463 4278 514 4334 per
528 4275 652 4321 naturam
662 4266 799 4322 cobmrcre
817 4285 918 4339 nequa·
968 4283 1093 4345 quaerunt
1107 4274 1243 4345 sutfragia.
1260 4274 1300 4329 td
1321 4276 1488 4346 propositum
1509 4292 1627 4348 tranique
1641 4292 1754 4333 errorem

126 4365 207 4419 quam
218 4361 343 4420 possunt,
369 4353 449 4426 lignis
463 4357 551 4413 demto
575 4366 688 4414 conatur
706 4361 855 4430 perlicere;
869 4370 917 4419 aut
931 4364 1160 4459 „malliliendum
1175 4365 1272 4419 retrusi
1283 4365 1421 4434 eujusdam
1436 4365 1577 4436 proferunt
1589 4370 1754 4440 exemplum:

126 4440 150 4495 si
174 4442 234 4510 quis
259 4452 402 4501 stanneum
421 4463 468 4502 ras
483 4447 571 4504 iacere
595 4452 722 4521 cupiens,
749 4453 772 4507 si
797 4453 918 4524 ejusdem
933 4462 936 4469 '
969 4457 1015 4526 qui
1029 4457 1053 4512 si
1068 4457 1104 4511 ita
1120 4458 1201 4527 gessit
1213 4450 1243 4510 ut
1254 4456 1292 4511 illi
1305 4465 1474 4524 asseverant,
1491 4458 1656 4529 tripertitum
1671 4460 1754 4515 nosci-

128 4532 247 4587 nrateriae
258 4534 284 4589 ei
309 4537 525 4678 supplementum
551 4542 631 4607 desit,
652 4559 707 4599 noo
729 4543 844 4601 aliorum
857 4561 918 4616 pre·
969 4554 1015 4603 tur
1029 4548 1055 4602 in
1071 4562 1102 4603 ea
1112 4557 1189 4618 parte
1197 4556 1319 4618 patrasse
1334 4549 1501 4618 deliquium:
1518 4549 1576 4605 sire
1586 4544 1650 4621 quia
1663 4552 1755 4606 deluo·

128 4619 258 4677 tiosorum
272 4626 353 4679 metal
364 4642 442 4693 orum
455 4630 584 4685 materias
593 4646 654 4702 qum
666 4640 764 4690 stanno
781 4635 919 4699 mirerere
968 4639 1031 4694 nico
1040 4647 1135 4709 sponte
1148 4639 1270 4708 paruerit
1284 4641 1411 4709 alloquio,
1425 4641 1481 4696 sive
1491 4642 1564 4712 quod
1579 4659 1613 4698 co
1632 4644 1755 4698 illiciente

128 4722 277 4781 nequeunt,
293 4714 340 4773 sed
355 4714 426 4771 idem
447 4724 573 4772 starumm
584 4719 618 4774 ad
633 4720 826 4790 perficiendum
848 4740 919 4795 coep-
968 4724 1399 4797 selurejuraodoconstriuxcrit,
1414 4730 1561 4787 sivcetiam
1572 4734 1637 4803 quia
1651 4733 1754 4802 idjura-

129 4809 263 4871 tumopus
273 4803 370 4872 querit
382 4818 389 4858 :
403 4804 440 4881 ita
453 4805 580 4863 nimirum
589 4809 625 4864 illi
639 4811 666 4865 in
681 4828 730 4868 sua
743 4815 844 4885 synodo
855 4831 918 4871 cum
968 4826 1088 4873 mentum
1100 4818 1205 4873 irritum
1217 4816 1312 4875 lecerit
1324 4835 1398 4891 :quae
1410 4822 1460 4877 tria
1472 4837 1525 4877 non
1535 4823 1624 4878 solum
1632 4825 1659 4879 in
1671 4839 1754 4880 crem·

127 4891 230 4949 erroris
240 4893 283 4949 sui
302 4894 520 4956 instrumentum.
536 4901 697 4972 scripturam
711 4904 845 4971 videlieet,
858 4923 918 4977 qum
967 4911 1041 4982 plum
1054 4910 1163 4965 minime
1173 4918 1236 4966 sunt
1249 4911 1418 4977 attrahenda,
1435 4914 1624 4969 verumetiam
1638 4916 1672 4971 ab
1684 4911 1752 4969 omui

127 4993 177 5050 pro
198 4981 342 5045 adorandis
368 4984 529 5058 imaginibus
555 4993 702 5063 composita
716 5001 778 5060 est,
803 4996 918 5066 amplill·
967 4999 1100 5055 catholico
1110 4999 1217 5069 penitus
1230 4999 1390 5065 abdicanda,
1406 5002 1535 5070 quoniam
1551 5003 1646 5059 multis
1659 5004 1753 5058 divine

130 5083 193 5172 care
211 5070 263 5125 nisi
278 5083 351 5139 sunt,
376 5072 584 5150 Scripturasque
606 5081 711 5139 divinas
736 5085 761 5140 ei
780 5088 918 5146 oobaercre
967 5088 1033 5159 legis
1043 5096 1107 5142 sunt
1124 5088 1287 5143 testimoniis
1298 5088 1452 5144 interdicta.
1480 5089 1633 5148 Societatcs
1656 5099 1755 5164 ergoet

116 5174 238 5249 ‘numme
263 5177 343 5233 posse
361 5178 513 5247 senserunt,
538 5172 572 5227 ad
593 5175 761 5247 apocryphas
785 5181 917 5248 quasdam
966 5181 1136 5237 seductiones
1156 5193 1209 5234 non
1224 5177 1311 5234 solum
1327 5180 1487 5243 daemonum,
1505 5181 1649 5237 sedetiam
1673 5181 1754 5238 malt)-

127 5261 156 5307 et
167 5255 222 5311 risu
236 5256 331 5328 dignas
344 5260 444 5315 nanim
459 5262 578 5318 dictandi
600 5267 697 5335 pedem
721 5278 859 5328 verterunt
871 5290 878 5339 ;
888 5282 917 5329 rt
966 5287 1027 5326 rum
1041 5271 1178 5326 bominum
1190 5269 1312 5339 pluribus
1325 5268 1479 5325 divinorum
1502 5271 1675 5339 eloquiorum
1686 5285 1753 5343 prar-

128 5358 189 5399 eum
207 5346 328 5403 riderent
343 5350 440 5407 diriaae
467 5353 534 5425 legis
554 5357 708 5414 testimonia
734 5360 917 5434 incompeten-
965 5361 1050 5431 neptis
1068 5360 1231 5416 inhibentur.
1256 5360 1391 5416 scribitur
1405 5361 1478 5416 enlm
1499 5361 1526 5417 in
1551 5363 1665 5420 Exodo:
1693 5363 1755 5419 Non

130 5442 171 5489 ter
182 5434 270 5493 eidem
280 5439 484 5510 operiatlhibita
498 5460 756 5518 nequaquamposse
767 5453 913 5519 cohaerere,
964 5453 1061 5509 redte·
1077 5453 1196 5506 cortitum
1219 5469 1330 5518 ronam·
1344 5461 1372 5508 et
1389 5452 1417 5508 in
1430 5453 1604 5510 Proverbiis:
1624 5455 1687 5521 Fili,
1702 5472 1752 5510 non

129 5519 195 5603 tales
205 5523 292 5607 eidem
305 5531 453 5611 sententias
466 5540 602 5607 aptavere,
615 5549 675 5605 qum
685 5536 710 5592 ei
720 5553 802 5595 sensu
815 5541 916 5598 uerbis-
964 5554 990 5599 re
1011 5543 1136 5598 reducrnt
1156 5544 1205 5598 oiri
1229 5545 1313 5616 impii.
1328 5544 1357 5600 Si
1381 5559 1446 5616 ergo
1459 5546 1594 5601 malorum
1614 5547 1752 5603 bominum

130 5623 183 5687 tlte
194 5626 362 5703 nequaquam
375 5631 487 5691 possent
506 5622 624 5692 distme,
636 5627 764 5697 quoniam
777 5628 847 5687 sicut
860 5629 914 5688 ler·
964 5634 1133 5692 seductiones
1145 5633 1259 5691 vitando
1279 5642 1360 5704 sunt,
1378 5635 1461 5692 multo
1472 5635 1560 5707 magis
1574 5625 1752 5710 paelignorum
