3780 6120
167 273 232 332 ‘855
615 276 645 331 B.
663 278 787 334 cationi
807 278 912 334 illexi
926 279 1006 337 prr.
1027 280 1117 336 PARS
1136 281 1156 336 Ι.
1178 281 1298 338 SECTlO
1317 281 1361 338 ΙΙΙ,
1482 284 1499 299 ”
1723 292 1726 297 “
1752 279 1801 336 855

180 391 316 473 reddatur.
334 387 397 444 ind
421 403 502 458 quam
530 389 653 446 videlicet
677 407 809 447 suminam
836 394 965 462 redigitur
979 406 1002 456 d
1016 392 1112 449 lecisse
1123 395 1333 449 demonstratum
1355 391 1444 447 lnitin
1463 392 1561 448 litteris
1574 392 1678 448 codicis
1703 390 1803 447 liudol-

179 475 283 529 priscus
296 458 339 540 ille
357 473 455 515 census
478 459 617 514 dualccim
632 461 802 516 denariorum
825 477 874 532 pra
897 479 964 519 una-
1015 464 1099 532 pbini,
1115 473 1168 518 tam
1184 466 1191 518 i
1254 479 1334 533 quani
1353 463 1487 532 principes
1505 463 1622 533 imperii,
1639 479 1687 518 seu
1702 462 1804 518 electo-

178 542 398 609 quoqueiiipero,
414 529 512 610 dequo
525 538 567 582 est
580 530 681 613 dictam
701 531 739 654 (p.
751 531 802 586 itti
815 532 896 601 seq).
1014 534 1125 589 ressais
1150 533 1195 603 dip
1205 535 1340 589 omatibus
1364 532 1405 587 'iis
1421 532 1532 587 mininie
1563 533 1676 586 duliiani
1702 541 1802 588 sancte

213 597 283 681 ΙΙΙΙΙ.
302 598 499 679 Animadvertit
533 597 674 663 Barouius,
723 603 905 665 onocentium,
930 618 964 658 ne
1013 603 1094 666 satis,
1120 603 1274 672 nullamque
1301 602 1355 657 Sici
1368 603 1400 656 iae
1418 601 1492 673 regni
1517 602 1711 656 connexionem
1740 616 1801 659 eum

176 677 309 736 antipapae
330 677 450 735 vestigiis
462 668 594 721 inhaerere
605 670 736 733 videatur,
749 671 859 726 lloiiarii
873 686 964 727 exem·
1013 673 1125 741 imperia
1136 673 1250 742 professi
1268 682 1341 727 sunt.
1351 668 1438 738 'Quod
1455 681 1518 727 ante
1529 686 1576 726 eas
1594 671 1697 726 lecerat
1709 669 1802 726 Fridc-

176 736 221 860 Klo
235 752 312 818 usum
332 751 405 817 nesse,
420 751 572 818 quanquam
593 738 637 793 liic
663 739 741 793 titula
766 750 870 795 tantum
888 742 963 796 ducis
1013 742 1085 795 riuis
1098 741 1118 796 ll
1138 743 1320 812 quinquennia
1335 750 1397 796 ante
1411 750 1564 811 susceptum
1578 741 1704 796 diadema
1718 741 1802 810 impe·
1822 785 1825 792 .

200 815 492 887 operiaminsigriient.
517 805 763 877 Quomodacunque
778 821 963 866 autemscres
1012 811 1089 873 iiale,
1111 811 1192 881 509
1233 812 1327 878 avique
1345 812 1424 866 inodo
1439 811 1544 880 imperii
1558 811 1697 882 principes
1707 825 1801 866 omues

175 873 446 960 babuerit,Ccneius
468 875 638 931 Camerarius
667 878 740 948 (iiiii.
757 880 792 932 lt.
806 889 872 935 tom.
889 881 919 942 V,
932 896 959 951 p.
1012 880 1040 934 in
1056 879 1187 935 Francala
1221 881 1341 935 iensibus
1363 880 1480 937 comitiis
1504 888 1605 951 septem
1627 879 1685 935 lere
1706 879 1802 934 mensi·

174 947 283 1026 Saliari
308 944 378 999 libra
402 943 536 999 Censuum
566 956 692 1002 accurate
717 949 823 1003 initium
847 951 963 1019 regnict
1011 951 1063 1004 bus
1088 958 1232 1018 antequam
1255 949 1409 1006 Fridcrieus
1434 949 1527 1005 llamae
1555 958 1743 1005 coronaretur.
1765 949 1800 1003 Ei

174 1015 481 1096 canilitionemncensiis
512 1015 547 1067 ita
567 1026 694 1071 enarrat:
717 1036 727 1069 ι
751 1018 882 1089 Tempore
907 1034 961 1088 qua
1012 1027 1127 1088 iitroque
1140 1019 1286 1088 diplomate
1311 1034 1354 1089 ap.
1380 1019 1546 1088 Rayiialdiim
1571 1019 1663 1101 (itte.
1690 1036 1720 1074 n.
1748 1018 1800 1085 38;

175 1084 315 1165 millum.
330 1083 485 1165 wiscardus
510 1084 724 1142 ultramontanas
744 1090 826 1159 coepit
848 1104 961 1158 regnum
1013 1087 1091 1153 iaie,
1107 1089 1211 1159 mil),
1237 1104 1299 1145 eum
1324 1089 1433 1143 maximi
1457 1097 1587 1145 momenti
1608 1087 1665 1142 siut
1711 1089 1802 1143 audire

174 1152 284 1217 Siciliae,
305 1161 407 1235 iuravit
426 1153 490 1209 darc
514 1156 593 1210 tactis
613 1160 793 1213 sacrosanctis
816 1159 962 1228 evangeliis
1010 1167 1132 1226 oportet,
1148 1172 1209 1226 quae
1220 1160 1253 1213 ad
1268 1173 1326 1213 rem
1341 1157 1452 1212 iaciunt.
1631 1171 1640 1207 ι

172 1237 222 1304 pra
237 1238 266 1278 se
280 1223 553 1304 eisuisbaereiiibus
575 1225 683 1280 domina
707 1227 817 1306 llicalao
844 1244 918 1298 papae
934 1238 961 1283 ct
1047 1226 1117 1282 xii.
1139 1227 1292 1282 Fridcricus
1314 1228 1405 1309 igitur,
1417 1227 1462 1297 qui
1480 1242 1532 1281 una
1557 1242 1618 1282 cnm
1646 1225 1800 1282 Constantia

173 1307 230 1375 suis
246 1294 446 1374 successoribus
458 1307 508 1374 pro
526 1309 687 1374 unoquoque
705 1312 770 1364 iupa
793 1299 873 1353 baum
893 1299 960 1353 duo·
1012 1295 1198 1351 investituram
1217 1298 1291 1367 regni
1312 1296 1411 1352 Sicilire
1430 1296 1591 1366 jampridem
1604 1305 1758 1366 acceperat,
1771 1309 1801 1350 ne

172 1362 259 1416 decim
279 1363 405 1444 denarias
422 1361 561 1431 Papicnsis
589 1373 713 1419 monete.
742 1369 873 1422 Processu
896 1381 960 1423 vera
1010 1364 1082 1420 lario
1096 1366 1243 1436 imperator
1265 1366 1353 1421 iactus
1370 1366 1432 1434 iura
1459 1367 1563 1436 iiiiperii
1587 1382 1648 1421 cuni
1672 1364 1800 1435 pontilicil

171 1439 301 1512 temporis
316 1432 379 1487 dum
390 1445 467 1513 papa·
477 1432 647 1513 innocentius
660 1434 713 1489 iret
736 1435 892 1500 Calliitiiim,
908 1438 961 1492 ilo·
1012 1435 1173 1490 detrimenta
1186 1445 1306 1506 augeret,
1327 1435 1489 1490 luculentam
1513 1435 1664 1503 hujusmodi
1680 1435 1800 1490 declara·

171 1515 263 1570 gertus
276 1509 340 1555 tunc
352 1516 400 1582 rex
413 1499 512 1556 Siciliae
534 1503 678 1583 constituit
692 1505 741 1573 ipsi
759 1507 823 1560 dare
836 1508 959 1561 annuali·
1010 1504 1110 1559 tianeiii
1129 1504 1276 1576 degentiun
1302 1505 1458 1561 Innocentio
1481 1505 1513 1559 ΙΙΙ
1534 1505 1704 1559 transmisit:
1723 1523 1732 1555 ι
1752 1504 1800 1559 Cu-

172 1579 214 1623 ter
225 1584 275 1639 pro
287 1570 382 1653 dpiilia
396 1578 423 1625 et
435 1570 559 1652 Calabria
574 1571 760 1654 acusquiiaias.
784 1574 959 1631 Postmodum
1010 1575 1115 1643 pientes
1127 1582 1181 1628 tarn
1204 1574 1330 1630 Ecclesiae
1349 1575 1478 1630 Romane
1492 1590 1572 1643 quam
1599 1589 1684 1644 regno
1701 1573 1799 1629 Siciliae

172 1653 237 1694 vera
251 1639 414 1695 Willielmus
436 1655 484 1695 reir
497 1655 555 1723 epis
579 1641 650 1697 lilius
672 1658 722 1712 pra
745 1646 853 1710 blarsia,
877 1661 959 1715 quam
1010 1644 1159 1712 providere,
1187 1645 1368 1714 promittimus
1388 1653 1415 1699 ct
1442 1644 1614 1699 macedimus
1639 1651 1799 1708 statuentes,

171 1719 351 1833 occupaverat
365 1718 485 1779 tempore
496 1725 581 1780 ipsius
599 1711 747 1769 innoceiiiii
763 1730 848 1784 pape,
865 1731 960 1785 super·
1012 1723 1041 1767 ut
1059 1723 1200 1782 postquam
1218 1713 1347 1769 fuerimus
1361 1714 1466 1784 iiiipcrii
1482 1728 1610 1769 caronam
1621 1713 1721 1782 adepti,
1738 1728 1797 1783 pro

170 1779 205 1832 ad
216 1779 241 1834 ti>
254 1789 274 1833 it
288 1796 351 1836 cccc
367 1778 498 1850 sqiiilatos
509 1790 630 1850 tempore
642 1780 753 1838 Adriani
767 1785 832 1856 (lv),
854 1785 962 1855 quando
976 1752 999 1812 Β
1014 1783 1086 1837 tinus
1103 1782 1186 1837 lilium
1205 1792 1325 1838 nostrum
1350 1783 1505 1847 llenrieum,
1530 1797 1610 1852 quem
1635 1783 1669 1836 ad
1693 1781 1800 1837 manda·

89 1890 104 1914 ,
172 1848 223 1917 ipsi
254 1849 317 1905 lecit
348 1850 496 1904 hominium
513 1860 540 1906 et
555 1850 710 1908 fidelitatem
729 1855 797 1924 apud
827 1855 962 1910 Beneven-
1013 1861 1069 1905 tuin
1084 1861 1205 1907 nostrum
1219 1854 1245 1907 in
1260 1867 1349 1922 regem
1371 1851 1484 1907 lecimus
1497 1851 1632 1911 coronari,
1648 1851 1755 1906 emanei

172 1926 240 1999 ιιιιιι.
259 1939 273 2002 ,ι
295 1918 371 2000 Quod
394 1920 570 1974 confirmatur
592 1922 668 1977 brevi
690 1924 741 1979 bac
762 1932 960 1993 certoqiicno·
1011 1937 1073 1975 mus
1090 1922 1206 1992 apatria
1234 1931 1378 1990 potestate,
1404 1923 1545 1992 ipsumque
1563 1935 1677 1992 regnum
1703 1919 1801 1975 Siciiae

171 2004 244 2044 inme
258 2006 285 2044 iii
300 1991 393 2046 codice
414 1989 566 2046 Albiniana.
582 1992 627 2060 qui
649 2006 698 2061 per
715 2009 746 2048 ea
760 2001 881 2062 tempora
895 1994 961 2048 scri·
1013 1999 1065 2044 tani
1082 1991 1150 2045 ultra
1169 1992 1283 2060 pharum
1300 2007 1380 2062 quam
1393 1993 1470 2055 citra,
1486 1990 1594 2061 penitus
1618 1989 1800 2057 relinquamus

170 2057 285 2140 bebatur
297 2067 361 2115 ante
386 2061 544 2128 praedictam
569 2061 666 2115 libruin
690 2062 845 2118 Cciisuiim:
869 2082 879 2114 ι
903 2064 960 2118 llcx
1011 2061 1045 2114 ab
1057 2061 1178 2115 Ecclesia
1208 2061 1328 2116 Romana
1350 2049 1505 2125 ienendim,
1530 2061 1664 2116 sieutnas
1683 2060 1749 2114 illud
1766 2061 1798 2114 ab

171 2126 271 2210 Siciliae
291 2129 372 2185 debet
385 2145 434 2199 pra
460 2129 564 2198 Apulia,
579 2129 702 2185 Calabria
717 2141 744 2186 ct
764 2132 862 2187 blarsia
888 2133 961 2189 mille
1011 2128 1068 2198 ipsa
1085 2129 1141 2185 sola
1158 2138 1299 2195 tenemus;
1321 2131 1359 2184 ita
1377 2130 1448 2201 quad
1472 2145 1506 2185 ex
1524 2140 1590 2186 tunc
1613 2144 1665 2183 nec
1688 2129 1798 2184 babebi-

169 2197 290 2255 seiiatas.
311 2219 321 2253 i
343 2199 419 2256 Unde
437 2200 625 2268 corrigendum
648 2202 722 2256 venit
749 2202 866 2271 diploma
894 2202 961 2256 Wil-
1011 2215 1080 2264 mus,
1100 2215 1150 2254 nec
1180 2200 1378 2255 nominabimus
1413 2215 1463 2254 nas
1492 2215 1582 2269 regem
1614 2198 1726 2262 Siciliae,
1754 2196 1799 2253 sed

168 2267 337 2352 lelmi'regis·
348 2267 431 2325 Siculi
448 2285 492 2352 ap.
514 2269 612 2324 Earan.
629 2269 719 2343 (1156,
735 2288 762 2325 n.
777 2271 804 2342 6)
825 2272 897 2341 quai
911 2288 960 2342 pro
1006 2266 1085 2337 juxta
1103 2269 1301 2338 beneplacitum
1323 2279 1443 2324 vestrum
1456 2269 1662 2338 procurabimus
1674 2268 1740 2323 illud
1754 2280 1799 2322 aa·

169 2336 271 2393 Mareia
287 2338 351 2410 legit
367 2338 536 2402 biarchiam
554 2353 679 2408 procccc
695 2341 759 2412 legit
774 2358 800 2405 a,
814 2343 960 2410 etquidem
1010 2339 1083 2396 minc
1104 2339 1188 2407 ipsius
1207 2338 1254 2393 lilii
1284 2340 1370 2394 nostri
1398 2339 1470 2409 regis
1491 2338 1624 2407 usquead
1653 2338 1798 2408 legiiimani

168 2405 318 2491 lanacentii
351 2407 383 2463 ΙΙΙ
410 2409 581 2490 auctoritate,
611 2411 656 2479 qui
683 2426 745 2466 euin
774 2411 960 2467 Constantiam
1009 2406 1188 2476 ejiisaetatcm
1208 2423 1256 2478 per
1268 2423 1411 2478 personam
1429 2410 1552 2463 idoneam
1571 2408 1728 2478 gubernari,
1742 2420 1800 2475 quae

168 2477 238 2560 bug.
257 2478 396 2548 liliumque
419 2493 477 2547 epis
490 2479 657 2535 Fridcricum
669 2481 690 2535 ll
716 2481 749 2535 de
767 2496 850 2551 regno
864 2482 959 2537 eodem
1009 2478 1043 2533 de
1068 2479 1142 2534 amni
1157 2477 1218 2546 jure
1237 2488 1317 2548 atquc
1339 2478 1449 2533 servitio
1469 2477 1596 2532 ccclesia
1616 2477 1799 2531 nominare-

168 2549 306 2603 investivit
326 2548 407 2620 508
438 2549 510 2620 (Bar.
537 2548 616 2614 lapi,
641 2566 668 2604 ιι.
694 2549 743 2615 663
766 2551 853 2622 Rayn.
880 2551 958 2617 itae,
1009 2548 1150 2617 spondeat,
1166 2547 1200 2602 ad
1217 2563 1298 2618 quam
1315 2547 1483 2603 solummodo
1508 2547 1593 2616 ipsius
1616 2546 1693 2617 regni
1716 2544 1799 2600 dami-

167 2633 196 2701 ιι.
210 2617 262 2702 ΙΙ)
275 2618 347 2674 bunc
373 2619 486 2675 seorsim
504 2619 664 2688 alloquens:
685 2639 694 2671 ι
718 2620 783 2676 Cum
809 2631 900 2677 autem
920 2629 958 2686 tu,
1009 2618 1083 2671 iiium
1097 2619 1218 2672 noscitur
1237 2617 1391 2685 pertinere:
1418 2633 1451 2672 nc
1465 2616 1536 2672 iarte
1547 2631 1596 2698 pra
1608 2630 1642 2669 ca
1657 2614 1731 2684 quod
1750 2627 1798 2668 aas

168 2699 275 2759 inquit,
292 2689 329 2744 lili
345 2704 403 2756 rcir,
421 2689 528 2744 lavante
542 2690 655 2745 Domino
676 2690 710 2745 ad
722 2690 869 2762 legitimam
891 2697 958 2745 aeta-
1009 2686 1163 2758 dignatione
1185 2687 1274 2743 diviua
1298 2702 1390 2742 sumus
1404 2688 1438 2741 ad
1452 2688 1557 2756 imperii
1586 2685 1797 2755 lastigiumevo·

167 2767 223 2813 tem
248 2760 415 2830 perveneris,
443 2759 520 2815 nabis
533 2768 561 2814 et
581 2762 784 2816 successoribus
804 2762 914 2824 nastris,
927 2776 959 2817 ae
1009 2757 1071 2821 eati,
1089 2757 1190 2827 aliquid
1215 2756 1322 2811 unionis
1349 2772 1460 2828 regnum
1483 2756 1517 2811 ad
1539 2755 1682 2825 imperium
1704 2753 1798 2822 quevis

166 2828 295 2886 Ecclesiae
320 2830 450 2885 Romane
472 2829 638 2894 fidelitatem,
653 2841 681 2886 et
702 2831 795 2900 ligium
808 2832 958 2886 hominium
1009 2833 1130 2896 tempore
1158 2833 1298 2897 putaretur
1323 2826 1433 2890 babere,
1451 2825 1474 2880 si
1489 2841 1538 2881 nas
1554 2823 1634 2880 simul
1655 2823 1797 2892 imperium

168 2899 352 2964 exhibebitis,
383 2914 494 2954 censum
518 2915 582 2954 vcro
619 2910 806 2955 sexcentarum
828 2900 959 2970 squilata-
1009 2903 1162 2954 teneremus
1174 2906 1202 2953 et
1217 2909 1328 2966 regnum
1341 2910 1391 2965 per
1403 2896 1475 2965 quod
1491 2905 1544 2949 tam
1560 2891 1716 2962 apostalicae
1731 2889 1797 2954 sedi,

167 2985 228 3024 rum
240 2970 273 3024 de
285 2969 391 3040 Apulia,
416 2977 443 3024 et
458 2967 591 3034 Calabria,
615 2971 872 3040 quadringentorum
894 2985 959 3026 vero
1009 2980 1089 3036 quam
1112 2966 1264 3022 haeredibus
1277 2966 1377 3020 nastris
1391 2964 1498 3034 aliquod
1518 2972 1610 3033 posset
1628 2961 1797 3032 dispendium

166 3036 200 3093 de
214 3037 322 3103 blarsia,
339 3039 380 3093 vel
402 3039 566 3108 aequivalens
585 3039 611 3093 iii
631 3054 697 3094 auro
719 3040 762 3095 vel
776 3048 897 3110 argenta,
909 3056 957 3096 vos
1008 3036 1140 3107 generari·
1164 3035 1218 3090 »ln
1240 3034 1385 3105 diplomate
1399 3043 1488 3089 aulem
1509 3032 1659 3104 principum
1681 3029 1797 3101 imperil·

167 3123 200 3162 ac
218 3108 339 3163 heredes
369 3116 473 3163 vestras
501 3108 635 3163 statuistis
674 3109 803 3165 Ecclesia
829 3111 957 3165 Romane
971 3097 994 3160 C
1008 3106 1080 3174 quad
1108 3106 1190 3161 ctiam
1207 3120 1223 3159 a
1240 3104 1356 3175 Lunigio
1379 3103 1495 3160 reicitur
1516 3101 1593 3174 (Cad.
1616 3100 1654 3155 ii.
1681 3099 1796 3172 liiplom.

167 3178 247 3233 anuis
266 3177 379 3247 singulis
403 3177 548 3242 soluturos,
562 3177 616 3234 nisi
643 3177 714 3234 larte
735 3178 956 3249 impedimentum
1008 3182 1075 3229 tam.
1098 3174 1128 3234 ll.
1154 3190 1215 3245 pag.
1232 3172 1307 3244 875),
1342 3175 1446 3245 regium
1476 3172 1652 3228 caullrmatiir
1680 3170 1725 3225 bis
1739 3184 1798 3223 ver·

167 3248 276 3317 aliqiial
295 3248 466 3312 interveniat,
493 3262 546 3316 quo
570 3256 694 3303 cessante
717 3263 813 3303 census
830 3263 861 3303 ex
887 3250 957 3305 inte·
1007 3244 1067 3300 bis:
1089 3242 1189 3300 «Sicut
1211 3243 1276 3299 aliia
1291 3243 1324 3297 ad
1341 3245 1485 3312 petitiones
1499 3252 1527 3296 et
1542 3255 1647 3324 preces,
1667 3254 1720 3294 nec
1744 3253 1798 3294 uon

166 3332 215 3440 fm
247 3318 406 3373 ersolietur.
429 3337 438 3370 i
460 3317 518 3384 Qua
531 3318 553 3373 si
570 3319 732 3386 respexisset
742 3317 876 3373 annalista
906 3319 958 3373 lta·
1008 3323 1036 3369 et
1050 3314 1205 3370 mandatum
1216 3312 1337 3383 praedicii
1355 3313 1457 3368 damini
1470 3320 1555 3367 nostri
1573 3310 1644 3380 repis
1655 3307 1796 3375 friderici,

177 3404 209 3442 iis
233 3388 285 3442 Aa.
307 3387 397 3458 ilic),
409 3388 481 3442 baud
500 3387 609 3442 lusisset
629 3387 736 3442 inanem
751 3402 861 3457 oporam
885 3403 958 3456 quta·
1008 3391 1129 3465 ternpore
1143 3385 1189 3439 bo.
1205 3397 1257 3437 me.
1280 3382 1380 3437 damini
1402 3381 1493 3437 lanae.
1508 3381 1541 3435 ΙΙΙ
1561 3395 1645 3451 papae,
1686 3379 1797 3433 robono

167 3472 240 3522 reiis,
253 3457 286 3513 de
299 3473 416 3527 quanam
428 3457 547 3514 marcliia
573 3458 609 3512 sit
621 3472 718 3521 serino,
735 3473 815 3526 quain
833 3472 863 3512 se
885 3458 959 3528 igna-
1008 3469 1083 3523 pacis
1096 3453 1231 3507 adomnia
1246 3453 1371 3507 scandala
1393 3453 1526 3514 evitanda,
1542 3450 1593 3520 ipsi
1607 3449 1637 3503 S.
1680 3446 1797 3501 ⁸Eccle-

169 3542 231 3581 rarc
242 3529 356 3598 ingenue
369 3525 479 3582 latetur.
499 3527 569 3594 Quid
590 3525 670 3581 luerit
680 3526 778 3581 blarsia
791 3534 845 3580 tum
859 3536 959 3597 tempo
1009 3523 1056 3577 siae
1071 3537 1151 3592 super
1164 3521 1310 3592 privilegiis
1333 3521 1416 3592 ipsius
1435 3521 1506 3591 regis
1519 3519 1570 3574 sibi
1586 3517 1658 3573 datis
1675 3524 1797 3571 nostram

167 3598 216 3658 ris,
232 3598 381 3653 eruiturcii
395 3595 557 3653 Provinciali
570 3597 630 3652 eod.
654 3595 806 3652 Albiniani:
824 3615 832 3646 i
846 3597 874 3650 ln
889 3612 960 3651 mar·
1009 3600 1073 3647 tunc
1086 3592 1249 3647 voluntatem
1264 3592 1425 3661 prebuimus
1443 3599 1471 3646 ct
1483 3602 1643 3644 eonsensum
1654 3604 1662 3651 ;
1675 3587 1716 3641 sic
1726 3599 1797 3640 nunc

168 3667 208 3721 sia
240 3668 380 3722 Reatinus.
412 3665 601 3722 Eurcancnsis.
634 3667 782 3721 valvensis.
819 3666 956 3721 Teatinus.
1008 3662 1130 3716 camdem
1150 3661 1314 3716 voluntatem
1328 3671 1355 3716 et
1369 3674 1530 3715 consensum
1555 3666 1676 3713 nastrum
1691 3656 1796 3710 noviter

167 3733 321 3792 Pinnensis.
354 3737 558 3792 marsicanus.»
593 3735 711 3792 Ulterior
729 3735 882 3805 disquisitio
905 3737 959 3792 bue
1009 3731 1176 3794 innovamus,
1191 3739 1219 3784 ct
1242 3743 1290 3798 per
1309 3731 1399 3784 amnia
1425 3730 1613 3810 approbamus.
1636 3727 1670 3782 Et
1689 3733 1722 3779 ut
1740 3725 1796 3779 baec

167 3822 222 3862 aaa
239 3815 354 3878 spectat.
1009 3807 1100 3854 nostra
1116 3799 1249 3862 voluntas,
1263 3805 1290 3853 ct
1304 3800 1471 3869 approbatio,
1492 3797 1548 3853 sive
1574 3795 1713 3852 innovatio
1727 3809 1798 3850 aiia-

203 3876 263 3932 ΧΙΙ.
284 3877 406 3948 Regnum
432 3891 497 3933 vcra
525 3877 562 3932 ita
584 3874 718 3931 iactiima
751 3890 784 3929 ue
804 3874 957 3930 institutum
1008 3870 1050 3935 liia
1067 3870 1116 3939 ipsi
1139 3869 1167 3924 S.
1183 3869 1217 3922 n.
1243 3868 1369 3923 Ecclesiae
1391 3869 1417 3923 in
1444 3876 1603 3938 perpetuum
1627 3866 1796 3929 obsecretur,

167 3947 246 4003 annis
257 3955 362 4003 tantuin
374 3949 476 4017 quadra
497 3947 552 4002 iiiia
570 3947 645 4001 stetit
660 3946 731 4015 apud
765 3945 955 3999 artliiiiaanas:
1008 3949 1038 3993 ut
1054 3939 1152 4008 liqueat
1177 3938 1204 3992 iii
1223 3936 1359 3992 cll'cctuin
1379 3937 1562 3993 testimonium
1585 3934 1624 3991 iili
1648 3935 1683 3989 ad
1699 3948 1798 4007 perpe·

167 4031 230 4070 nam
257 4016 392 4073 Willeiina
403 4017 425 4072 ΙΙ
441 3963 566 4072 willelmi
589 4015 655 4080 lilia,
674 4031 706 4071 ae
729 4031 763 4070 ne
801 4024 827 4069 te
849 4013 957 4084 Ragcrii
1008 4016 1082 4063 tuani
1097 4009 1254 4063 memoriam
1273 4008 1367 4072 nostri,
1388 4007 1573 4075 bocprasens
1591 4001 1798 4080 scriptumindc

168 4085 240 4153 regis
269 4088 389 4143 omnium
412 4087 503 4157 primi,
522 4093 629 4142 mortua
651 4085 753 4154 absque
779 4084 861 4138 iberis
886 4099 958 4139 anno
1008 4077 1202 4141 liciilecimus,
1217 4085 1369 4133 nostrarum
1385 4077 1534 4160 sigillorum
1558 4073 1798 4134 munimincroba-

168 4156 247 4220 titt,
264 4156 449 4214 Constantiam
463 4156 521 4225 ejus
543 4153 655 4210 amitam
680 4153 788 4209 ilenrici
802 4152 834 4208 vi
849 4154 959 4209 Germa·
1008 4155 1098 4202 ratum
1111 4160 1191 4217 super
1210 4147 1335 4202 omnibus
1352 4146 1498 4218 privilegiis
1512 4145 1546 4199 ab
1561 4146 1619 4214 ipso
1634 4157 1699 4213 rege
1714 4155 1797 4212 usqne

168 4227 221 4282 iile
238 4227 320 4309 repis,
341 4227 349 4291 l
369 4234 412 4282 ost
429 4226 566 4282 biennium
595 4223 717 4280 coronati
745 4223 915 4292 imperatoris
941 4239 957 4278 a
1008 4233 1080 4273 nnnc
1091 4218 1142 4272 sibi
1161 4217 1240 4281 datis,
1256 4224 1284 4272 et
1304 4217 1386 4271 etiam
1413 4218 1500 4271 adbuc
1524 4214 1689 4269 dandistam
1717 4225 1797 4282 super

166 4294 313 4352 Coelcstina
330 4241 374 4367 ΙΙΙ)
392 4311 505 4351 uxorein
520 4293 664 4350 succedere
686 4307 792 4362 aequum
816 4299 883 4346 erat.
904 4292 957 4348 Sed
1009 4286 1080 4342 lacto
1110 4286 1215 4360 imperii
1243 4301 1324 4369 quam
1352 4301 1433 4356 super
1463 4284 1534 4339 iacta
1570 4283 1645 4353 regni
1675 4281 1796 4338 Siciliae:

166 4381 279 4437 regnum
312 4366 455 4421 invadente
480 4364 629 4426 Tancredo,
654 4362 748 4434 ingens
769 4376 802 4417 ea
824 4363 956 4418 discordia
1008 4356 1089 4480 {10
1108 4358 1146 4411 ita
1164 4355 1236 4426 quod
1251 4355 1395 4427 imperium
1410 4354 1476 4410 nibil
1505 4368 1567 4409 cum
1583 4353 1798 4424 ipsoregnoba-

166 4444 229 4490 nata
247 4443 297 4499 est,
332 4450 374 4489 ine
390 4434 482 4489 madia
504 4433 687 4489 Innocentium
703 4431 735 4486 ΙΙΙ
749 4433 997 4494 etsucrcssoicslp
1043 4435 1071 4480 at
1104 4426 1219 4489 unionis,
1246 4424 1289 4480 vel
1321 4424 1434 4495 alicujus
1459 4423 1656 4494 jurisdictionis
1673 4422 1702 4476 ἰιι
1728 4422 1796 4475 isa.

165 4505 298 4559 exercuit.
342 4503 461 4558 amlieet
484 4502 656 4559 innocentius
675 4501 744 4557 idem
768 4500 952 4557 Constdbtiam
1008 4494 1075 4551 Acta
1090 4504 1152 4552 suiit
1174 4496 1232 4550 baec
1251 4509 1321 4551 anna
1339 4494 1487 4551 boninneae
1504 4491 1729 4548 lucarnatiaaisl
1770 4488 1796 4543 ll·

165 4586 334 4656 puerumque
347 4571 431 4627 lilium
448 4571 507 4641 ejas
525 4571 692 4627 Fridcricum
707 4572 740 4626 de
754 4570 853 4627 Siciliae
872 4588 954 4642 regno
1007 4566 1066 4620 aar.
1095 4582 1138 4636 ap.
1167 4563 1363 4621 Francbenlort
1389 4565 1416 4619 in
1444 4562 1559 4619 solemni
1582 4563 1667 4629 curia,
1682 4576 1712 4616 iv
1737 4560 1796 4616 Kal.

166 4643 343 4704 investiverit,
362 4650 392 4697 ut
408 4658 493 4711 nuper
505 4642 619 4706 aiebam,
633 4642 705 4697 bunc
727 4647 816 4696 tamen
838 4649 953 4705 constat,
1007 4635 1078 4690 lllaii.
1100 4655 1109 4687 i

165 4720 228 4782 post
252 4721 389 4782 acceptam
418 4712 522 4782 imperii
564 4726 690 4767 coronam
724 4712 758 4765 ab
786 4710 904 4766 llonario
921 4711 953 4765 ΙΙΙ
1040 4706 1122 4760 xxti.
1140 4705 1359 4761 chridorieum
1378 4703 1484 4774 quidem
1509 4710 1587 4775 pater
1608 4717 1673 4758 sniis
1701 4699 1798 4757 llciiri·

165 4796 238 4838 anuo
252 4783 329 4847 iasa,
348 4784 381 4838 de
396 4792 488 4838 sancta
501 4783 564 4838 sede
587 4779 699 4836 Romani
735 4794 767 4833 rie
800 4781 954 4836 antideibus
1005 4789 1053 4830 cus
1070 4776 1196 4830 Vlniarti
1213 4777 1524 4844 proximiistcstamcnta
1542 4768 1796 4845 (aestimarit.

166 4851 250 4909 inisse
264 4855 330 4909 adeo
342 4853 413 4907 male
425 4854 550 4908 meritum
567 4859 597 4906 ut
610 4852 637 4906 in
652 4850 727 4905 conci
740 4849 766 4904 ia
781 4795 822 4904 Ιιι
841 4851 955 4905 iluncnsi
1003 4861 1032 4898 ii.
1046 4845 1176 4914 blisalde
1191 4846 1246 4915 pio,
1262 4854 1291 4899 ut
1306 4845 1371 4899 illud
1379 4852 1458 4899 vacat
1470 4844 1603 4897 baronius
1619 4840 1712 4912 (tavi,
1727 4856 1755 4893 n.
1767 4838 1796 4911 8)

164 4938 236 4979 anna
256 4923 325 4978 tati
351 4923 521 4978 exauctorari
544 4922 618 4976 illiim
641 4921 797 4990 oportuerit.
853 4934 883 4976 ec
898 4929 955 4974 toni
1003 4915 1107 4984 pridem
1120 4914 1239 4983 iusserat
1252 4923 1353 4971 sanctae
1369 4914 1440 4969 sedis
1455 4911 1797 4984 jusagnoseerc,acpen

163 4993 273 5117 {widem
294 4992 393 5048 Sicilia>
422 5009 506 5064 regno
536 4992 633 5047 melias
657 4991 727 5046 luit:
747 5005 809 5044 nain
832 4989 955 5046 Conrado
1004 4985 1069 5039 tilici
1090 4985 1238 5040 hominium
1252 4983 1378 5040 lacerem
1395 4983 1552 5052 imperatrix
1567 4997 1680 5038 consors
1692 4988 1796 5042 nostra,

187 5063 295 5119 riderici
315 5063 369 5118 lilia
388 5062 453 5117 illud
465 5063 618 5125 invadente,
649 5062 795 5130 cademque
822 5060 955 5116 exstincto
1002 5062 1031 5108 et
1047 5055 1223 5110 lilinsnoster
1243 5052 1404 5108 Frederieus
1434 5051 1545 5108 domiuo
1559 5066 1636 5122 pape
1662 5059 1690 5105 et
1705 5047 1798 5108 Eccle-

163 5133 259 5188 veneni
282 5133 391 5196 haustu,
423 5131 578 5187 ilaniredus
601 5130 732 5186 Erideiici
760 5129 830 5184 lilius
853 5130 953 5186 natbus
1003 5125 1051 5179 siaa
1070 5126 1198 5180 Romanae
1211 5124 1358 5179 exhibeant
1374 5122 1465 5176 amnia
1486 5120 1558 5190 jura,
1584 5136 1672 5193 quaen
1688 5120 1797 5191 regibus

162 5216 213 5273 pro
238 5202 391 5258 Conradina
419 5200 537 5258 Conradi
564 5200 621 5256 silio
645 5199 743 5255 Siciliae
761 5216 791 5255 re
810 5215 872 5254 nuni
900 5199 950 5254 sibi
1004 5193 1103 5250 Sicilie
1119 5193 1438 5255 consueveruntbaberc,
1462 5199 1489 5246 ct
1504 5191 1612 5247 damino
1630 5205 1707 5260 pape
1720 5204 1797 5245 sccu-

163 5273 289 5329 assentit.
308 5271 391 5341 Cujus
406 5271 531 5341 ejiciendi
548 5285 629 5325 causa
651 5270 768 5339 primum
791 5214 950 5323 {admunda
1003 5263 1110 5318 ritatem
1125 5264 1234 5327 iaciant,
1247 5263 1326 5318 sicuti
1339 5275 1415 5332 reges
1432 5260 1532 5317 Siciliae
1545 5259 1797 5331 summapantiliri,

163 5340 219 5396 lilia
234 5341 342 5397 ilenriei
358 5341 391 5396 ΙΙΙ
404 5341 507 5414 Angliae
519 5341 591 5410 repis
606 5340 640 5395 ab
661 5338 806 5422 apostolica
827 5337 950 5393 sedeluit
1002 5341 1030 5387 ct
1048 5333 1081 5386 ll.
1099 5333 1227 5389 Ecclesiae
1255 5332 1345 5389 lacere
1375 5339 1583 5387 consueverunt.
1604 5331 1634 5385 Si
1650 5345 1796 5404 veroprae·

162 5411 330 5477 erbibitum;
351 5413 448 5467 deinde
465 5417 559 5468 sancto
581 5409 717 5465 liudovico
734 5409 770 5463 ΙΙΙ
785 5423 817 5463 ac
829 5409 948 5471 demum,
1002 5402 1072 5457 dicta
1088 5419 1200 5459 consors
1219 5411 1309 5458 nostra
1325 5411 1542 5473 praemareretiir,
1556 5401 1628 5456 iilius
1643 5412 1735 5455 nosier
1752 5412 1793 5454 se-

163 5487 278 5549 utroque
292 5481 321 5537 id
332 5479 509 5547 detrectante,
527 5478 624 5536 Caralo
651 5477 836 5550 audegavensi
862 5477 949 5533 sancti
1000 5471 1117 5527 cundum
1133 5473 1329 5528 ordinationem
1345 5486 1420 5527 suain
1427 5479 1573 5526 remancat.
1589 5471 1623 5525 Et
1634 5471 1657 5526 si
1667 5468 1738 5525 tibiis
1750 5482 1795 5522 no

163 5547 292 5604 Ludovici
306 5548 384 5606 iratri
395 5559 437 5606 cst
448 5565 616 5616 eoncessum,
631 5559 661 5604 ut
678 5563 760 5631 supra
770 5548 870 5603 dictum
887 5546 949 5601 luit.
1002 5543 1126 5598 stersine
1143 5540 1250 5599 haerede
1265 5541 1418 5605 decesserit,
1432 5555 1543 5611 regnum
1554 5540 1734 5595 Siciliaeadli.
1747 5538 1794 5594 Ee

163 5615 593 5691 Quasuperreliiidalpbuslonge
604 5628 634 5675 ut
646 5618 766 5690 poiitidei
784 5627 831 5672 aut
855 5615 952 5673 Caraia
1004 5613 1113 5668 alesiam
1131 5614 1264 5668 deveniat.
1291 5632 1299 5664 i
1317 5611 1384 5679 Qma
1398 5611 1500 5667 scilieet
1515 5625 1627 5683 regnum
1644 5609 1709 5665 iilud
1723 5612 1794 5665 inra-

164 5697 349 5758 tucceaseict,
368 5689 439 5760 qiiod
456 5689 491 5746 dc
507 5689 638 5747 vicariatu
664 5688 779 5747 Etruriae
800 5694 954 5745 constanter
1006 5693 1087 5752 serat,
1112 5692 1194 5754 atque
1229 5683 1320 5757 inique
1345 5681 1408 5738 lacti
1442 5681 1618 5749 canscientia,
1641 5696 1749 5752 aequam
1768 5685 1793 5735 ei
