3780 6120
136 290 189 346 pm
866 278 1057 339 sutstotffi.
1726 298 1778 352 prs

134 404 243 478 qrrartdu
261 402 412 458 interorum
426 400 535 468 curiosi,
555 398 699 457 Doutinum
714 402 748 457 tle
765 400 819 457 Dure
838 397 931 455 nrundi
944 399 969 459 Δ
983 398 1035 457 ltoe
1049 403 1166 474 negotio,
1177 404 1290 472 scilieet,
1304 415 1350 463 aut
1360 419 1435 465 certe
1447 410 1538 465 statim
1552 410 1634 466 alium
1647 413 1778 471 truuurcr

133 497 321 556 consulebant.
337 495 467 567 Spiritum
481 492 647 551 lot-titudinis
659 494 784 550 erunibus
795 491 934 562 discipulis
985 491 1125 561 scientem,
1139 503 1186 550 aut
1202 496 1224 552 si
1240 496 1382 555 inlinuitas
1400 517 1453 557 tum
1469 500 1619 572 impediret,
1641 515 1777 575 exspecta-

133 592 252 649 adfuisse
266 607 345 647 nerito
357 597 447 662 negat,
462 590 512 645 nisi
526 590 572 659 qui
585 605 632 646 eos
645 605 695 660 pro
711 588 811 645 Clrristi
826 587 935 640 nontine
985 592 1027 640 ret
1039 583 1073 640 dc
1084 585 1186 642 Pascha
1199 603 1284 659 usquc
1303 589 1329 646 iu
1345 589 1534 658 Pentecosten,
1554 594 1640 652 donec
1660 597 1716 668 ipse
1739 597 1778 652 di·

133 693 249 741 mortem
273 683 330 753 pati
349 682 468 738 noluisse
495 681 648 738 confirmat.
673 679 790 751 Spiritus
815 677 935 734 scientim
985 684 1074 730 sceret
1092 692 1123 732 ea
1137 694 1197 748 quae
1211 695 1291 751 supra
1309 682 1382 738 dicta
1401 693 1473 740 sunt.
1494 686 1571 744 uum
1588 698 1678 745 autem
1691 688 1780 746 deutra

133 784 194 831 erat
208 775 235 830 in
250 772 363 839 loanne,
377 773 423 844 qni
439 782 493 829 taur
508 772 636 828 distincte
649 772 683 827 de
698 770 839 828 divinitate
851 777 878 824 et
888 769 936 824 bu·
985 782 1127 824 monemus
1139 778 1169 824 nt
1182 787 1316 831 memores
1331 776 1399 842 sitis,
1415 779 1485 834 sicut
1504 781 1630 838 mrrdceet
1649 781 1780 840 deintus.

134 868 265 923 nmuitatc
280 866 427 921 Salvatoris
442 865 469 920 in
482 864 616 935 principio
634 863 770 935 Evangelii
786 861 827 917 sui
851 860 937 916 disse-
985 859 1070 916 sterio
1090 862 1261 929 sacerdotali,
1282 877 1307 923 ct
1328 881 1490 928 courcntunt
1516 875 1638 931 trabeatis
1653 894 1716 933 eum
1738 894 1782 932 re·

134 961 200 1025 ruit,
221 967 249 1014 ct
268 976 322 1014 nou
339 957 428 1013 nrinus
447 956 565 1012 discrete
587 958 621 1012 de
640 965 744 1026 septem
764 953 891 1009 tonitruis
908 953 935 1009 iu
986 950 1051 1005 stris
1065 951 1259 1025 sacerdotibus
1274 958 1454 1031 cttliligcuter
1469 978 1577 1019 onmem
1588 967 1626 1020 rci
1642 966 1782 1021 veritatem

133 1048 306 1122 Apocalypsi,
321 1064 381 1118 quae
396 1045 510 1112 silenda,
530 1060 643 1116 quaeque
663 1043 777 1101 luissent
791 1040 935 1113 loquenda,
987 1043 1117 1110 requirite
1144 1054 1171 1100 et
1194 1048 1346 1104 examinate
1368 1067 1375 1104 ε
1395 1053 1432 1107 ita
1460 1061 1490 1108 ut
1510 1070 1578 1125 opus
1603 1056 1709 1111 Domini
1728 1072 1781 1111 utcu

134 1138 306 1209 conscripsit.
320 1137 438 1207 Spiritus
457 1136 566 1206 pietatis
580 1136 631 1190 luit
643 1136 670 1191 in
686 1134 832 1205 Stephano,
846 1130 890 1203 qul
909 1131 937 1185 in
986 1139 1139 1200 praetereat,
1162 1151 1212 1194 nec
1234 1137 1322 1208 aliqua
1346 1142 1486 1211 requisitio
1509 1145 1585 1201 robis
1614 1146 1711 1203 exindo
1735 1144 1782 1201 flur

135 1232 195 1303 ipso
209 1231 306 1287 mortis
319 1230 433 1287 articulo
446 1245 495 1301 pro
502 1228 722 1299 persecutoribus
735 1227 792 1283 suis
802 1225 934 1281 exorauit.
987 1230 1050 1276 tute
1061 1235 1233 1297 conspectum
1247 1240 1347 1287 sauctae
1365 1233 1523 1304 trrajcstatis.

135 1322 255 1395 Spiritus
275 1322 382 1378 timoris
399 1321 506 1378 Domini
533 1321 583 1376 luit
598 1320 626 1376 in
645 1321 771 1377 omuibus
792 1318 936 1390 apostulis,
1263 1342 1431 1401 EPISTOLA
1444 1346 1517 1405 m,

135 1417 200 1488 quia
222 1433 277 1471 non
296 1416 383 1472 solum
404 1417 475 1472 bona
495 1414 643 1480 iaciebant,
664 1413 712 1470 scd
732 1413 813 1469 etiam
828 1420 938 1483 propter

136 1523 257 1567 amorem
268 1510 317 1566 Dei
327 1509 397 1565 mala
409 1508 499 1566 iacere
516 1525 569 1566 uon
580 1507 724 1565 audebant.
1196 1467 1228 1505 'u'
1244 1467 1415 1512 ⁰⁴¹¹¹⁸³²⁰⁰l¹
1430 1472 1586 1517 'immill-

419 1620 587 1678 EPISTOLA
605 1620 665 1677 xv·
989 1561 1125 1630 Ieiunium
1152 1570 1434 1706 pfssmfflssaffqbupf,
1454 1572 1713 1700 cnlddld’tu’dlmm
1737 1596 1784 1649 pro

245 1751 280 1791 m
297 1750 467 1793 canrrsenuu
484 1751 649 1794 oscarense!
671 1750 827 1792 nnrscoouu.
951 1762 976 1824 B
1298 1722 1389 1802 (Arum
1401 1730 1477 1806 800.)

139 1850 254 1908 Decem
265 1867 344 1921 quum
358 1851 519 1906 instruendis
537 1851 641 1922 populis
653 1852 783 1924 precipue
805 1863 866 1907 cute
888 1850 936 1905 bu·
1130 1819 1176 1914 lm
1190 1821 1311 1917 ”mfm'
1325 1822 1485 1923 v2²2.s⁰‘⁵m'
1494 1828 1566 1923 ἶφι
1578 1830 1652 1894 ew

291 1921 416 1991 ''n-‘mum
428 1921 550 1977 amu-hm
562 1922 652 1978 dem,
664 1932 791 1994 pamm·
1024 1903 1052 1957 ln
1067 1918 1175 1958 nouune
1185 1903 1282 1971 Patris,
1295 1914 1322 1961 ct
1335 1907 1407 1970 trtrr.
1415 1917 1443 1963 et
1457 1909 1576 1981 Spiritus
1588 1915 1686 1969 sarrcti.
1700 1914 1786 1971 Caro·

369 2036 372 2041 -
447 2012 538 2084 (Anno
559 2013 635 2087 sqq)
988 1997 1032 2053 lus
1045 1998 1236 2054 serenissimus
1245 2010 1376 2071 augustus
1392 2017 1407 2057 a
1419 2003 1474 2058 Deo
1487 2014 1644 2073 conmeatus,
1658 2008 1673 2049 b
1686 2008 1788 2065 Gbncr·

285 2102 331 2163 (iis
347 2102 471 2166 ltartene,
483 2103 541 2154 liet.
554 2106 641 2169 script
653 2106 726 2168 snit.
737 2105 811 2168 coti.)
988 2087 1214 2159 baldoepiscopo‚
1229 2106 1292 2146 com
1306 2092 1441 2148 uniuersis
1458 2094 1508 2149 tibi
1520 2096 1709 2167 omnipotente
1732 2099 1788 2156 Dcu

175 2184 205 2240 lu
221 2185 331 2241 nomine
353 2184 453 2250 Patris,
466 2194 494 2240 ct
506 2186 579 2254 lilii,
604 2196 632 2245 et
646 2188 764 2259 Spiritus
776 2192 874 2246 sancti.
888 2190 940 2247 ca.
988 2189 1016 2236 et
1030 2190 1121 2237 nostra
1132 2183 1304 2237 ordinatione
1314 2185 1469 2240 commissis
1491 2186 1518 2241 iu
1532 2186 1647 2244 Dormm
1661 2189 1787 2245 salutem.

139 2278 215 2335 rotas
227 2270 417 2332 serenissimus
433 2277 572 2349 Augustus
591 2294 607 2335 a
627 2280 682 2336 Deo
704 2290 859 2348 coronatus,
879 2299 940 2339 ma·
1025 2271 1124 2328 Notum
1137 2273 1173 2329 sit
1183 2274 1322 2329 dilectioni
1335 2283 1433 2331 restrae
1443 2278 1506 2342 quia
1515 2294 1567 2335 nos
1585 2296 1647 2335 cum
1665 2280 1789 2338 ttdctibus

138 2383 218 2439 gnus,
234 2367 373 2438 pacificus,
388 2367 547 2437 imperator,
561 2371 715 2440 gubernans
728 2371 882 2441 imperium,
893 2372 940 2443 qui
989 2365 1092 2421 nostris
1105 2375 1160 2420 tam
1173 2364 1360 2435 spiritualibus
1377 2382 1458 2439 quam
1472 2369 1650 2428 sacularibus
1667 2380 1789 2428 tractau-

138 2467 168 2515 et
182 2473 230 2529 per
243 2457 458 2514 miscricordiam
473 2458 519 2514 Dei
534 2474 582 2514 rex
597 2460 763 2517 Francorum
784 2470 812 2516 et
832 2462 941 2534 Lango·
989 2465 1042 2524 tes,
1057 2472 1119 2514 cum
1135 2470 1269 2514 museum
1281 2466 1309 2514 et
1319 2459 1378 2530 pari
1393 2460 1508 2517 consilio
1523 2460 1677 2518 invenimus
1691 2476 1787 2521 neees-

139 2548 298 2613 bardorum
311 2547 460 2604 Garibaldo
476 2550 603 2619 episcopo
624 2551 653 2606 in
674 2551 788 2607 Domino
811 2554 936 2609 saturem,
990 2547 1105 2612 sarium,
1115 2556 1143 2602 et
1153 2557 1265 2619 propter
1287 2548 1421 2607 instantes
1447 2551 1579 2621 quasdam
1600 2554 1788 2623 necessitates,

175 2639 634 2711 Deneigiturrecordaricredimus
648 2642 786 2699 sanctitati
801 2651 864 2711 tua,
877 2659 942 2715 qua-
990 2654 1060 2710 quas
1073 2641 1167 2696 subter
1192 2641 1368 2713 siguittcsturi
1385 2658 1489 2709 sumus,
1518 2644 1570 2700 tria
1599 2646 1723 2702 triduana
1745 2645 1789 2717 le·

138 2730 202 2788 liter
216 2732 315 2801 suptus
328 2731 501 2788 inconvento
515 2741 543 2788 et
554 2733 669 2790 concilio
681 2742 775 2791 nostro
785 2736 941 2793 monuimus
988 2731 1066 2804 iunia
1080 2732 1115 2788 ab
1127 2733 1254 2790 omnibus
1270 2735 1349 2791 nobis
1365 2735 1529 2807 generaliter
1541 2751 1602 2793 esse
1616 2737 1788 2805 celebrantia,

138 2829 174 2886 ὼ
186 2827 378 2898 praetentione
396 2828 424 2882 in
438 2836 532 2882 sancta
555 2827 602 2883 Dei
616 2827 738 2884 Ecclesia
751 2830 940 2900 unumquisque
990 2830 1073 2891 etque
1084 2822 1120 2878 eb
1130 2837 1165 2879 eo
1175 2822 1202 2879 iu
1216 2822 1407 2894 quesivimus,
1419 2837 1598 2884 moremurct
1621 2844 1725 2896 surmus,
1741 2844 1790 2886 au·

139 2926 262 2973 restrum
276 2916 426 2973 secundum
439 2924 595 2972 sauctorum
609 2932 744 2974 canonum
765 2920 940 2976 autoritatem
991 2912 1085 2968 xllitttn
1099 2927 1161 2969 este
1174 2916 1360 2986 querendum,
1376 2931 1392 2971 a
1407 2932 1461 2987 quo
1473 2918 1605 2989 quidquid
1615 2919 1689 2989 iuste
1701 2936 1733 2977 ac
1746 2936 1791 2978 ra-

138 3017 168 3064 et
186 3008 335 3078 {tt-udicare
351 3016 379 3063 et
397 3007 496 3064 docere
514 3008 635 3064 tetrcret.
655 3008 747 3066 Primo
763 3012 886 3068 omnium
906 3012 941 3069 de
991 3004 1159 3061 llonnDllilet·
1180 3007 1248 3063 tides
1272 3018 1374 3076 vestra,
1397 3024 1460 3081 spes
1482 3021 1568 3080 ceriti,
1597 3028 1644 3069 seu
1669 3016 1790 3075 charitas

122 3088 193 3157 'dele
204 3102 354 3168 catholicam
365 3110 433 3156 utet
444 3102 490 3172 qui
500 3102 616 3172 atttpllus
626 3117 723 3172 capere
732 3119 787 3159 non
797 3104 937 3175 valuisset,
952 3114 977 3181 c
991 3097 1110 3168 persicis
1123 3098 1253 3167 D0⁵l¹¹¹³lr
1266 3099 1325 3154 siue
1346 3099 1429 3155 dubl⁰
1447 3110 1569 3169 ῑθῐῐψθῐθ
1591 3118 1712 3175 congruo
1736 3107 1791 3163 lm·

140 3191 331 3247 tarrtummodo
343 3193 495 3247 orationem
504 3192 670 3248 Dominicam
679 3201 706 3248 et
718 3195 870 3266 symbolum
880 3197 942 3255 lldei
992 3198 1083 3260 Delml
1094 3207 1102 3255 3
1114 3191 1172 3261 ipso
1186 3191 1301 3247 ”⁰¹¹¹lss0
1310 3192 1418 3248 difflue
1434 3208 1442 3248 ἵ
1457 3193 1542 3250 Pell&
1550 3206 1575 3251 θ’
1587 3196 1695 3253 dalfini
1707 3200 1789 3266 wlf&

140 3285 292 3350 catholiea,
307 3285 377 3340 sicut
390 3285 504 3354 apostoli
518 3284 678 3349 docuemut,
695 3295 788 3342 trucre
801 3295 829 3342 et
842 3303 943 3346 memo-
992 3283 1102 3352 uuerde
1113 3293 1138 3336 et
1149 3283 1295 3344 inuenietis.
1307 3283 1409 3354 palante
1422 3293 1448 3340 et
1467 3286 1600 3356 operietur
1621 3287 1703 3345 coiis.
1730 3286 1791 3362 lpsa

141 3379 209 3434 riter
222 3378 340 3434 recitare
359 3379 502 3449 potuisset,
518 3387 547 3432 et
565 3384 596 3433 ut
610 3378 699 3434 nullus
713 3378 746 3433 de
767 3394 847 3436 sacro
868 3382 943 3438 tonte
992 3371 1206 3442 ⁸¹¹l⁰¹¹¹itl¹¹¹¹l¹2
1221 3374 1293 3429 ⁸30¹st
1313 3376 1531 3433 ¹¹⁰bl³0m¹¹lb1¹³
1550 3378 1638 3434 l'lssum
1662 3388 1714 3447 0⁸1,
1739 3382 1792 3439 ¹¹³⁰

141 3470 315 3540 baptismatis
326 3469 444 3540 aliquem
458 3469 596 3541 suscipere
606 3478 783 3539 presumeret
797 3478 941 3541 uunquam
992 3464 1157 3522 discretione
1170 3478 1249 3534 posse
1261 3466 1331 3531 tteri,
1344 3466 1460 3524 Domino
1473 3467 1616 3540 largiente,
1636 3484 1790 3543 congruen-

140 3560 170 3617 in
187 3568 277 3615 restra
297 3569 344 3615 aut
363 3562 549 3616 ministrorum
567 3568 720 3615 rostrorum
747 3560 818 3615 sacri
837 3560 942 3617 ordinis
992 3555 1165 3625 resimpleta
1177 3554 1282 3610 tellloel
1295 3563 1325 3610 υἱ
1339 3556 1457 3626 primum
1469 3572 1498 3613 xt
1512 3557 1610 3615 diebus
1629 3568 1692 3632 post
1713 3560 1789 3617 lesti-

139 3652 284 3721 prassentia
298 3652 452 3707 orationem
465 3650 634 3706 Dominicam
653 3658 680 3705 et
701 3650 853 3721 symbolum
873 3652 943 3708 reci-
992 3648 1105 3702 ritatem
1118 3647 1206 3702 saneti
1230 3646 1346 3702 tludreae
1362 3649 1518 3714 transactis,
1541 3649 1569 3704 id
1596 3657 1639 3706 est
1662 3666 1693 3706 tu
1717 3652 1789 3716 letus,

140 3748 221 3807 rami,
234 3750 262 3797 es
275 3742 345 3797 sicus
360 3744 388 3797 r„
401 3744 526 3813 proximo
540 3743 723 3814 comperimus
735 3756 749 3785 ι
763 3743 790 3799 1„
802 3743 846 3800 pte
857 3760 941 3814 appa.
992 3746 1020 3793 et
1033 3737 1095 3793 idus
1104 3736 1272 3802 Decembris,
1287 3746 1393 3792 etrum
1407 3736 1543 3792 liaiendas
1552 3736 1675 3796 hnuarii
1688 3741 1736 3796 tali
1750 3757 1792 3796 ru-

141 3833 248 3889 sinonis
261 3833 369 3889 Domini
382 3834 460 3889 turriti
481 3833 590 3890 tuterunt
608 3833 679 3904 apud
696 3850 746 3890 nos
762 3834 875 3901 inuenti,
895 3837 942 3907 qui
993 3830 1067 3886 tiorre
1078 3829 1135 3897 tlat,
1148 3837 1303 3886 utomuesa
1313 3829 1378 3885 eino
1390 3838 1418 3885 et
1431 3845 1514 3886 carne
1526 3830 1569 3887 bis
1581 3847 1613 3888 nr
1625 3832 1791 3892 diebusabs-

141 3923 268 3979 solebant
281 3925 421 3994 suscipere
435 3923 553 3980 iubentes
562 3923 597 3980 de
612 3922 778 3980 sacrofonte
792 3924 942 3994 baptisma·
993 3923 1135 3978 tineentet
1151 3935 1237 3993 usque
1248 3923 1343 3978 boram
1357 3938 1455 3979 nonam
1462 3921 1596 3994 imment,
1605 3934 1719 3997 excepto
1729 3943 1790 3999 qum

141 4016 263 4087 tisquos
271 4013 404 4086 jrrssimus
413 4015 588 4087 singulariter
597 4024 625 4070 et
634 4013 944 4086 diiigenterexaminare
993 4013 1377 4070 sntmtasautintlrmitasuon
1387 4013 1531 4084 permittit,
1540 4015 1791 4086 qui'tamenseeuu-

140 4116 170 4164 et
186 4109 334 4179 requirere,
352 4109 376 4164 si
388 4110 540 4164 orationem
554 4108 722 4164 Dominicam
737 4117 766 4162 et
778 4110 941 4180 symbolum,
992 4105 1057 4162 dum
1071 4121 1148 4162 suam
1171 4104 1328 4176 qualitatem
1349 4105 1391 4159 rcl
1415 4106 1478 4161 sitae
1499 4120 1556 4161 sum
1582 4105 1788 4176 professionem,

142 4196 403 4267 utsupradixintus‚
423 4198 526 4254 scirent
543 4205 571 4252 et
579 4199 737 4256 menmriter
754 4206 896 4265 tenerent;
914 4207 943 4255 et
993 4206 1041 4252 aut
1053 4196 1205 4252 rationibus
1220 4194 1280 4269 [ἢ
1294 4194 1477 4269 orationibus]
1501 4196 1578 4264 satis,
1600 4205 1648 4252 aut
1670 4196 1788 4253 elecmo-

119 4332 123 4337 .
142 4287 354 4358 pluresiucruut
370 4289 415 4359 qui
429 4289 503 4344 nulla
522 4287 620 4344 exinde
637 4288 664 4343 in
683 4289 841 4343 memoriam
861 4290 944 4347 babe-
994 4290 1069 4362 spuis
1082 4290 1217 4361 congruis,
1238 4288 1265 4344 id
1287 4289 1385 4360 ipsum,
1399 4288 1547 4345 secuudum
1567 4289 1711 4345 consilium
1733 4306 1792 4345 tna-

143 4379 228 4436 baur:
253 4382 354 4451 quibus
374 4383 553 4452 percepimus
577 4380 724 4445 abstinere,
747 4387 777 4435 ut
797 4387 943 4450 antequam
993 4382 1151 4452 patronam,
1159 4381 1293 4436 redimere
1303 4380 1419 4445 studeat,
1430 4379 1502 4449 quod
1511 4376 1660 4450 icitruaudo
1673 4381 1793 4436 ctabsti·

143 4473 291 4528 orationem
309 4483 338 4528 et
358 4473 511 4545 symbolum
534 4475 646 4538 scireut,
665 4480 694 4527 et
710 4473 825 4528 recitare
840 4474 944 4543 potuis-
957 4487 981 4545 p
994 4471 1084 4528 nendo
1098 4471 1235 4543 complere
1247 4486 1301 4527 non
1317 4470 1399 4526 valet.
1415 4470 1487 4527 liora
1501 4481 1592 4527 autem
1606 4487 1676 4528 nona
1695 4487 1791 4528 omnes

144 4573 211 4628 sene
225 4578 314 4634 neque
335 4565 454 4635 aliquem
467 4564 502 4620 de
515 4581 594 4621 sacro
612 4565 686 4619 toute
702 4564 872 4635 numismatis
885 4580 945 4620 sus-
994 4563 1159 4634 generaliter
1171 4562 1204 4618 ad
1222 4563 1353 4619 ecclesias
1364 4562 1477 4629 uicinas,
1491 4564 1537 4619 ubi
1552 4564 1593 4620 cis
1604 4563 1789 4630 dennutiatur,

144 4652 232 4723 cipere
255 4664 463 4724 presumerent.
478 4655 513 4710 Et
525 4655 603 4712 ratde
622 4657 815 4712 erubescentes
835 4656 945 4711 iucrunt
994 4653 1091 4708 ceron
1103 4663 1194 4708 mente
1207 4662 1364 4719 occurrant,
1379 4662 1406 4708 ct
1420 4655 1444 4709 si
1455 4654 1522 4710 lrora
1536 4656 1578 4710 sel
1597 4655 1672 4712 locus
1687 4659 1791 4727 permi-

144 4756 176 4797 ιι
199 4745 250 4801 lrae
270 4762 312 4811 re,
329 4755 357 4802 et
373 4747 508 4816 spondere
530 4748 657 4804 solebant
680 4755 711 4801 nt
730 4747 753 4801 si
783 4760 942 4802 concessum
993 4745 1072 4810 serit,
1085 4743 1176 4814 aliquo
1189 4745 1308 4815 spatioso
1329 4744 1389 4800 loco
1412 4745 1506 4800 litania
1522 4746 1681 4816 procedant,
1710 4756 1792 4819 atquc

145 4834 183 4890 eis
198 4837 304 4901 suisset,
317 4837 352 4893 ad
370 4847 478 4909 tempus
490 4838 543 4896 boc
557 4839 750 4910 improperium
767 4856 782 4892 a
799 4852 829 4893 se
841 4839 945 4907 potuis·
993 4835 1134 4907 psallentio
1149 4836 1293 4892 eeclesiam
1304 4835 1447 4901 intrantes,
1466 4852 1527 4892 cunr
1549 4838 1624 4894 omni
1648 4840 1792 4897 devotione

145 4928 379 4985 temeritatem
397 4946 451 5000 quo
465 4930 525 4986 loco
547 4930 730 4985 inertissimus
748 4930 820 4998 rprod
837 4944 890 4984 non
903 4930 945 4985 eis
993 4930 1105 4984 urissam
1124 4928 1244 4983 audiant.
1263 4928 1321 4996 Qua
1335 4929 1457 4996 subacta,
1472 4932 1658 5004 unusquisqne
1679 4934 1790 4992 domum

145 5015 193 5073 leit
210 5021 411 5086 convenientia,
430 5029 458 5076 et
476 5022 549 5076 sicut
562 5021 590 5075 in
605 5019 747 5089 capitulari
765 5026 859 5073 nostro
870 5027 945 5087 potc-
995 5021 1100 5084 soleat,
1112 5028 1140 5075 et
1151 5021 1261 5075 statutis
1274 5021 1344 5076 cibis
1358 5022 1465 5092 corpori
1488 5022 1649 5091 satisfaciat,
1676 5042 1729 5082 nou
1756 5029 1791 5085 ad

144 5113 192 5168 sits
203 5113 333 5182 reperire,
348 5112 541 5170 discretiorem
558 5112 657 5169 latemur
675 5112 827 5176 introimus,
840 5119 943 5180 quanto
995 5110 1174 5176 uoluntatem,
1199 5111 1248 5167 seul
1270 5110 1305 5165 tul
1330 5113 1522 5169 necessitatem
1545 5130 1579 5171 ac
1603 5117 1788 5175 sobrictatem.

147 5210 265 5275 tempore
284 5219 316 5260 se
333 5207 520 5276 unusquisque
532 5206 670 5261 abstinere
688 5202 826 5258 debuisset
842 5202 878 5257 ab
891 5200 943 5257 boc
996 5200 1128 5256 Similiter
1139 5216 1247 5272 quoque
1260 5216 1401 5259 monemus
1413 5219 1645 5277 unumquemque,
1663 5218 1694 5263 nt
1716 5209 1790 5265 elee-

146 5309 235 5365 operr,
252 5312 340 5369 usqrre
354 5296 419 5353 dum
443 5299 532 5354 botrus
552 5296 696 5366 tide-jussor
712 5308 775 5348 esse
793 5293 899 5349 ualeret
914 5294 942 5349 in
995 5308 1137 5365 mosyuam
1150 5292 1251 5349 iaciant
1272 5295 1422 5351 secundum
1443 5296 1520 5368 qnod·
1539 5300 1709 5357 commodum
1729 5305 1792 5359 sutr-

180 5450 279 5507 ·lliue
292 5461 406 5522 apparet
427 5461 550 5522 tempore
564 5449 654 5507 Caroli
669 5446 758 5519 blaqni
778 5448 942 5572 baptismum
996 5447 1044 5504 lib.
1060 5464 1068 5503 ι
1083 5447 1249 5530 deantiquis
1264 5447 1392 5530 Ecclesiae
1413 5448 1532 5517 Ditibns,
1551 5452 1640 5523 capite
1655 5453 1745 5517 l‚art.
1762 5456 1789 5511 i.

147 5535 198 5577 sorr
218 5523 307 5579 solum
335 5523 363 5578 in
385 5523 521 5579 Pascbate
543 5529 572 5577 ct
594 5520 754 5577 Pentecoste
776 5520 943 5574 eecbratnm
1031 5518 1110 5574 bSto
1143 5529 1358 5590 manuscriptum
1394 5519 1593 5593 nudagineusis
1632 5529 1790 5582 monasterii

128 5590 403 5656 innumeratam
428 5595 456 5648 in
474 5593 624 5664 Epipbauia
639 5606 647 5644 e
661 5589 731 5661 quod
752 5589 819 5645 alias
833 5590 946 5646 demon-
994 5590 1082 5645 uncti
1096 5590 1284 5645 liubertiante
1296 5604 1383 5645 anuos
1403 5590 1457 5646 eeu
1473 5604 1635 5662 exaratum3
1658 5595 1704 5652 alii
1725 5612 1790 5655 tere

145 5665 292 5721 uncinus
319 5684 354 5720 cs
382 5665 574 5735 antiquissimo
605 5662 845 5717 Sacrameutomm
875 5660 946 5715 libre
995 5659 1168 5717 eruturus
1182 5661 1324 5717 continent
1337 5662 1496 5734 episcopans
1513 5663 1698 5724 leodiensem.

145 5736 300 5794 muasnrii
313 5733 484 5793 Gellmrcnsis
502 5734 588 5809 ipsius
607 5742 728 5806 ternpore
751 5732 862 5801 scripto.
879 5733 945 5788 l'itle
