<?xml version="1.0" encoding="UTF-8"?>
<!DOCTYPE html PUBLIC "-//W3C//DTD XHTML 1.0 Transitional//EN"
    "http://www.w3.org/TR/xhtml1/DTD/xhtml1-transitional.dtd">
<html xmlns="http://www.w3.org/1999/xhtml" xml:lang="en" lang="en">
 <head>
  <title>
</title>
<meta http-equiv="Content-Type" content="text/html;charset=utf-8" />
  <meta name='ocr-system' content='tesseract 3.04.00' />
  <meta name='ocr-capabilities' content='ocr_page ocr_carea ocr_par ocr_line ocrx_word'/>
</head>
<body>
  <div class='ocr_page' id='page_1' title='image "./patrologiaecurs17goog_0488.png"; bbox 0 0 3780 6120; ppageno 0'>
   <div class='ocr_carea' id='block_1_1' title="bbox 123 269 1760 336">
    <p class='ocr_par' dir='ltr' id='par_1_1' title="bbox 123 269 1760 336">
     <span class='ocr_line' id='line_1_1' title="bbox 123 269 1760 336; baseline 0.004 -10"><span class='ocrx_word' id='word_1_1' title='bbox 123 271 178 336; x_wconf 80' lang='lat' dir='ltr'><strong>est</strong></span> <span class='ocrx_word' id='word_1_2' title='bbox 622 269 713 325; x_wconf 77' lang='lat' dir='ltr'><strong>ttttld</strong></span> <span class='ocrx_word' id='word_1_3' title='bbox 731 269 902 329; x_wconf 78' lang='lat' dir='ltr'><strong>GAROLiNl.</strong></span> <span class='ocrx_word' id='word_1_4' title='bbox 920 301 955 313; x_wconf 92' lang='lat'>-</span> <span class='ocrx_word' id='word_1_5' title='bbox 974 269 1243 331; x_wconf 74' lang='lat' dir='ltr'><strong>recludebant.</strong></span> <span class='ocrx_word' id='word_1_6' title='bbox 1704 275 1760 334; x_wconf 71' lang='lat' dir='ltr'><strong>else</strong></span> 
     </span>
    </p>
   </div>
   <div class='ocr_carea' id='block_1_2' title="bbox 119 379 1774 5695">
    <p class='ocr_par' dir='ltr' id='par_1_2' title="bbox 119 379 1774 5695">
     <span class='ocr_line' id='line_1_2' title="bbox 123 379 1760 451; baseline 0.002 -10"><span class='ocrx_word' id='word_1_7' title='bbox 123 385 170 442; x_wconf 86' lang='lat' dir='ltr'><strong>hio</strong></span> <span class='ocrx_word' id='word_1_8' title='bbox 182 383 265 439; x_wconf 85' lang='lat' dir='ltr'><strong>etiam</strong></span> <span class='ocrx_word' id='word_1_9' title='bbox 277 380 311 436; x_wconf 90' lang='lat' dir='ltr'><strong>de</strong></span> <span class='ocrx_word' id='word_1_10' title='bbox 323 379 366 436; x_wconf 91' lang='lat' dir='ltr'><strong>his</strong></span> <span class='ocrx_word' id='word_1_11' title='bbox 377 379 511 450; x_wconf 88' lang='lat' dir='ltr'><strong>agendum</strong></span> <span class='ocrx_word' id='word_1_12' title='bbox 523 380 592 447; x_wconf 89' lang='lat' dir='ltr'><strong>erit;</strong></span> <span class='ocrx_word' id='word_1_13' title='bbox 606 389 633 436; x_wconf 93' lang='lat' dir='ltr'><strong>et</strong></span> <span class='ocrx_word' id='word_1_14' title='bbox 644 393 802 440; x_wconf 81' lang='lat' dir='ltr'><strong>coacervata</strong></span> <span class='ocrx_word' id='word_1_15' title='bbox 814 386 842 440; x_wconf 91' lang='lat' dir='ltr'><strong>in</strong></span> <span class='ocrx_word' id='word_1_16' title='bbox 854 400 916 440; x_wconf 87' lang='lat' dir='ltr'><strong>euru</strong></span> <span class='ocrx_word' id='word_1_17' title='bbox 931 390 955 449; x_wconf 78' lang='grc' dir='ltr'><strong>Α</strong></span> <span class='ocrx_word' id='word_1_18' title='bbox 1005 383 1126 440; x_wconf 76' lang='lat' dir='ltr'><strong>xxxiv.</strong></span> <span class='ocrx_word' id='word_1_19' title='bbox 1146 384 1224 451; x_wconf 71' lang='lat' dir='ltr'><strong>Quod</strong></span> <span class='ocrx_word' id='word_1_20' title='bbox 1236 385 1267 440; x_wconf 93' lang='grc'><strong>8.</strong></span> <span class='ocrx_word' id='word_1_21' title='bbox 1279 383 1333 440; x_wconf 84' lang='lat' dir='ltr'><strong>Gre</strong></span> <span class='ocrx_word' id='word_1_22' title='bbox 1349 387 1421 439; x_wconf 76' lang='lat' dir='ltr'><strong>oriar</strong></span> <span class='ocrx_word' id='word_1_23' title='bbox 1435 385 1521 440; x_wconf 80' lang='lat' dir='ltr'><strong>eebor</strong></span> <span class='ocrx_word' id='word_1_24' title='bbox 1533 393 1558 438; x_wconf 84' lang='lat' dir='ltr'><strong>et</strong></span> <span class='ocrx_word' id='word_1_25' title='bbox 1570 384 1698 440; x_wconf 81' lang='lat' dir='ltr'><strong>adorator</strong></span> <span class='ocrx_word' id='word_1_26' title='bbox 1705 386 1760 445; x_wconf 85' lang='grc'><strong>88.</strong></span> 
     </span>
     <span class='ocr_line' id='line_1_3' title="bbox 122 402 1761 525; baseline 0.002 -14"><span class='ocrx_word' id='word_1_27' title='bbox 122 451 266 511; x_wconf 82' lang='lat' dir='ltr'><strong>mendacia</strong></span> <span class='ocrx_word' id='word_1_28' title='bbox 287 448 461 506; x_wconf 77' lang='lat' dir='ltr'><strong>confutanda.</strong></span> <span class='ocrx_word' id='word_1_29' title='bbox 489 448 553 506; x_wconf 87' lang='lat' dir='ltr'><strong>Post</strong></span> <span class='ocrx_word' id='word_1_30' title='bbox 577 451 676 507; x_wconf 87' lang='lat' dir='ltr'><strong>multos</strong></span> <span class='ocrx_word' id='word_1_31' title='bbox 699 455 863 509; x_wconf 89' lang='lat' dir='ltr'><strong>enimannos</strong></span> <span class='ocrx_word' id='word_1_32' title='bbox 883 455 917 509; x_wconf 90' lang='lat' dir='ltr'><strong>ab</strong></span> <span class='ocrx_word' id='word_1_33' title='bbox 968 454 1114 523; x_wconf 80' lang='lat' dir='ltr'><strong>imaginum</strong></span> <span class='ocrx_word' id='word_1_34' title='bbox 1134 455 1225 525; x_wconf 65' lang='lat' dir='ltr'><strong>[neme.</strong></span> <span class='ocrx_word' id='word_1_35' title='bbox 1237 485 1273 495; x_wconf 94' lang='lat'><em>-</em></span> <span class='ocrx_word' id='word_1_36' title='bbox 1288 402 1349 510; x_wconf 48' lang='lat' dir='ltr'><strong>Sedu</strong></span> <span class='ocrx_word' id='word_1_37' title='bbox 1357 464 1456 524; x_wconf 76' lang='lat' dir='ltr'><strong>praeter</strong></span> <span class='ocrx_word' id='word_1_38' title='bbox 1476 455 1534 509; x_wconf 85' lang='lat' dir='ltr'><strong>haec</strong></span> <span class='ocrx_word' id='word_1_39' title='bbox 1550 455 1639 508; x_wconf 88' lang='lat' dir='ltr'><strong>omnia</strong></span> <span class='ocrx_word' id='word_1_40' title='bbox 1652 471 1761 514; x_wconf 81' lang='lat' dir='ltr'><strong>rursum</strong></span> 
     </span>
     <span class='ocr_line' id='line_1_4' title="bbox 122 519 1759 594; baseline 0.002 -17"><span class='ocrx_word' id='word_1_41' title='bbox 122 524 200 581; x_wconf 88' lang='lat' dir='ltr'><strong>obitu</strong></span> <span class='ocrx_word' id='word_1_42' title='bbox 227 520 348 590; x_wconf 82' lang='lat' dir='ltr'><strong>ejusdem</strong></span> <span class='ocrx_word' id='word_1_43' title='bbox 364 520 476 575; x_wconf 76' lang='lat' dir='ltr'><strong>Adriani</strong></span> <span class='ocrx_word' id='word_1_44' title='bbox 491 519 642 590; x_wconf 81' lang='lat' dir='ltr'><strong>pontilicis,</strong></span> <span class='ocrx_word' id='word_1_45' title='bbox 656 525 703 591; x_wconf 80' lang='lat' dir='ltr'><strong>qui</strong></span> <span class='ocrx_word' id='word_1_46' title='bbox 717 525 769 579; x_wconf 89' lang='lat' dir='ltr'><strong>sub</strong></span> <span class='ocrx_word' id='word_1_47' title='bbox 780 525 918 578; x_wconf 82' lang='lat' dir='ltr'><strong>hudorico</strong></span> <span class='ocrx_word' id='word_1_48' title='bbox 967 523 1154 579; x_wconf 79' lang='lat' dir='ltr'><strong>adorationem</strong></span> <span class='ocrx_word' id='word_1_49' title='bbox 1166 525 1251 593; x_wconf 90' lang='lat' dir='ltr'><strong>ipsam</strong></span> <span class='ocrx_word' id='word_1_50' title='bbox 1270 540 1408 579; x_wconf 83' lang='lat' dir='ltr'><strong>sacrarum</strong></span> <span class='ocrx_word' id='word_1_51' title='bbox 1425 525 1573 594; x_wconf 74' lang='lat' dir='ltr'><strong>imaginum</strong></span> <span class='ocrx_word' id='word_1_52' title='bbox 1593 525 1717 580; x_wconf 81' lang='lat' dir='ltr'><strong>docuisse</strong></span> <span class='ocrx_word' id='word_1_53' title='bbox 1729 529 1759 581; x_wconf 87' lang='lat' dir='ltr'><strong>S.</strong></span> 
     </span>
     <span class='ocr_line' id='line_1_5' title="bbox 122 590 1760 662; baseline 0.001 -13"><span class='ocrx_word' id='word_1_54' title='bbox 122 592 172 649; x_wconf 88' lang='lat' dir='ltr'><strong>Pio</strong></span> <span class='ocrx_word' id='word_1_55' title='bbox 183 591 243 662; x_wconf 85' lang='lat' dir='ltr'><strong>ejus</strong></span> <span class='ocrx_word' id='word_1_56' title='bbox 259 590 315 646; x_wconf 87' lang='lat' dir='ltr'><strong>dlio</strong></span> <span class='ocrx_word' id='word_1_57' title='bbox 325 604 476 645; x_wconf 82' lang='lat' dir='ltr'><strong>conuenere</strong></span> <span class='ocrx_word' id='word_1_58' title='bbox 492 593 522 644; x_wconf 88' lang='lat' dir='ltr'><strong>in</strong></span> <span class='ocrx_word' id='word_1_59' title='bbox 530 592 748 648; x_wconf 81' lang='lat' dir='ltr'><strong>conventiculum</strong></span> <span class='ocrx_word' id='word_1_60' title='bbox 766 594 833 649; x_wconf 91' lang='lat' dir='ltr'><strong>illud</strong></span> <span class='ocrx_word' id='word_1_61' title='bbox 843 593 919 648; x_wconf 88' lang='lat' dir='ltr'><strong>Pari·</strong></span> <span class='ocrx_word' id='word_1_62' title='bbox 967 590 1128 662; x_wconf 85' lang='lat' dir='ltr'><strong>Gregorium</strong></span> <span class='ocrx_word' id='word_1_63' title='bbox 1146 594 1216 648; x_wconf 91' lang='lat' dir='ltr'><strong>idem</strong></span> <span class='ocrx_word' id='word_1_64' title='bbox 1238 595 1373 650; x_wconf 74' lang='lat' dir='ltr'>Adrianus</span> <span class='ocrx_word' id='word_1_65' title='bbox 1390 593 1504 649; x_wconf 77' lang='lat' dir='ltr'><strong>inferius</strong></span> <span class='ocrx_word' id='word_1_66' title='bbox 1515 593 1655 662; x_wconf 77' lang='lat' dir='ltr'><strong>postellus</strong></span> <span class='ocrx_word' id='word_1_67' title='bbox 1667 597 1702 649; x_wconf 88' lang='lat' dir='ltr'><strong>ad</strong></span> <span class='ocrx_word' id='word_1_68' title='bbox 1714 597 1760 650; x_wconf 79' lang='lat' dir='ltr'><strong>ob</strong></span> 
     </span>
     <span class='ocr_line' id='line_1_6' title="bbox 122 659 1762 734; baseline 0.002 -18"><span class='ocrx_word' id='word_1_69' title='bbox 122 665 229 726; x_wconf 87' lang='lat' dir='ltr'><strong>siense,</strong></span> <span class='ocrx_word' id='word_1_70' title='bbox 246 662 340 716; x_wconf 87' lang='lat' dir='ltr'><strong>eodem</strong></span> <span class='ocrx_word' id='word_1_71' title='bbox 360 659 428 714; x_wconf 88' lang='lat' dir='ltr'><strong>lalso</strong></span> <span class='ocrx_word' id='word_1_72' title='bbox 444 669 593 729; x_wconf 72' lang='lat' dir='ltr'><strong>praetextu,</strong></span> <span class='ocrx_word' id='word_1_73' title='bbox 607 663 678 730; x_wconf 75' lang='lat' dir='ltr'><strong>quod</strong></span> <span class='ocrx_word' id='word_1_74' title='bbox 697 663 767 718; x_wconf 88' lang='lat' dir='ltr'><strong>idem</strong></span> <span class='ocrx_word' id='word_1_75' title='bbox 780 663 918 718; x_wconf 89' lang='lat' dir='ltr'><strong>llomanus</strong></span> <span class='ocrx_word' id='word_1_76' title='bbox 964 660 1037 730; x_wconf 81' lang='lat' dir='ltr'><strong>ieeta</strong></span> <span class='ocrx_word' id='word_1_77' title='bbox 1050 661 1221 719; x_wconf 79' lang='lat' dir='ltr'><strong>defensiones</strong></span> <span class='ocrx_word' id='word_1_78' title='bbox 1233 664 1272 720; x_wconf 90' lang='lat' dir='ltr'><strong>sic</strong></span> <span class='ocrx_word' id='word_1_79' title='bbox 1291 665 1369 720; x_wconf 91' lang='lat' dir='ltr'><strong>docet</strong></span> <span class='ocrx_word' id='word_1_80' title='bbox 1382 683 1389 718; x_wconf 91' lang='lat'><strong>:</strong></span> <span class='ocrx_word' id='word_1_81' title='bbox 1407 683 1417 715; x_wconf 81' lang='grc' dir='ltr'><strong>ι</strong></span> <span class='ocrx_word' id='word_1_82' title='bbox 1438 664 1472 718; x_wconf 83' lang='lat' dir='ltr'><strong>Et</strong></span> <span class='ocrx_word' id='word_1_83' title='bbox 1490 679 1525 719; x_wconf 90' lang='lat' dir='ltr'><strong>ne</strong></span> <span class='ocrx_word' id='word_1_84' title='bbox 1541 663 1639 731; x_wconf 82' lang='lat' dir='ltr'><strong>aliquis</strong></span> <span class='ocrx_word' id='word_1_85' title='bbox 1651 675 1762 734; x_wconf 86' lang='lat' dir='ltr'><strong>proptor</strong></span> 
     </span>
     <span class='ocr_line' id='line_1_7' title="bbox 122 730 1760 804; baseline 0.001 -18"><span class='ocrx_word' id='word_1_86' title='bbox 122 732 244 804; x_wconf 73' lang='lat' dir='ltr'><strong>pontifex</strong></span> <span class='ocrx_word' id='word_1_87' title='bbox 258 730 393 785; x_wconf 79' lang='lat' dir='ltr'><strong>Nicaenam</strong></span> <span class='ocrx_word' id='word_1_88' title='bbox 407 731 538 799; x_wconf 81' lang='lat' dir='ltr'>synodum</span> <span class='ocrx_word' id='word_1_89' title='bbox 553 735 764 800; x_wconf 82' lang='lat' dir='ltr'><strong>comprobasset,</strong></span> <span class='ocrx_word' id='word_1_90' title='bbox 779 748 840 802; x_wconf 78' lang='lat' dir='ltr'><strong>qum</strong></span> <span class='ocrx_word' id='word_1_91' title='bbox 851 735 918 788; x_wconf 88' lang='lat' dir='ltr'><strong>inra-</strong></span> <span class='ocrx_word' id='word_1_92' title='bbox 967 732 1152 788; x_wconf 88' lang='lat' dir='ltr'><strong>adorationem</strong></span> <span class='ocrx_word' id='word_1_93' title='bbox 1186 749 1255 788; x_wconf 74' lang='lat' dir='ltr'><strong>uara</strong></span> <span class='ocrx_word' id='word_1_94' title='bbox 1271 735 1514 804; x_wconf 72' lang='lat' dir='ltr'><strong>pnerreeessoribus</strong></span> <span class='ocrx_word' id='word_1_95' title='bbox 1532 733 1633 787; x_wconf 88' lang='lat' dir='ltr'><strong>nostris</strong></span> <span class='ocrx_word' id='word_1_96' title='bbox 1644 735 1760 788; x_wconf 85' lang='lat' dir='ltr'><strong>sanetis-</strong></span> 
     </span>
     <span class='ocr_line' id='line_1_8' title="bbox 121 749 1763 875; baseline 0 -18"><span class='ocrx_word' id='word_1_97' title='bbox 121 805 201 871; x_wconf 85' lang='lat' dir='ltr'><strong>giucs</strong></span> <span class='ocrx_word' id='word_1_98' title='bbox 213 800 296 855; x_wconf 78' lang='lat' dir='ltr'><strong>relmi</strong></span> <span class='ocrx_word' id='word_1_99' title='bbox 314 801 398 856; x_wconf 72' lang='grc' dir='ltr'>ιιιιιιιι</span> <span class='ocrx_word' id='word_1_100' title='bbox 412 802 453 870; x_wconf 83' lang='lat' dir='ltr'><strong>(ut</strong></span> <span class='ocrx_word' id='word_1_101' title='bbox 472 800 663 873; x_wconf 68' lang='lat' dir='ltr'><strong>mentiebatur)</strong></span> <span class='ocrx_word' id='word_1_102' title='bbox 679 805 844 859; x_wconf 83' lang='lat' dir='ltr'><strong>venerandas</strong></span> <span class='ocrx_word' id='word_1_103' title='bbox 858 819 918 860; x_wconf 83' lang='lat' dir='ltr'><strong>esse</strong></span> <span class='ocrx_word' id='word_1_104' title='bbox 968 804 1047 861; x_wconf 85' lang='lat' dir='ltr'><strong>simis</strong></span> <span class='ocrx_word' id='word_1_105' title='bbox 1092 749 1252 871; x_wconf 54' lang='lat' dir='ltr'><strong>prasiirous</strong></span> <span class='ocrx_word' id='word_1_106' title='bbox 1264 806 1433 875; x_wconf 89' lang='lat' dir='ltr'><strong>promulgata</strong></span> <span class='ocrx_word' id='word_1_107' title='bbox 1451 811 1502 868; x_wconf 89' lang='lat' dir='ltr'><strong>est,</strong></span> <span class='ocrx_word' id='word_1_108' title='bbox 1515 801 1652 857; x_wconf 89' lang='lat' dir='ltr'><strong>oblatrare</strong></span> <span class='ocrx_word' id='word_1_109' title='bbox 1661 818 1763 873; x_wconf 75' lang='lat' dir='ltr'><strong>prasu-</strong></span> 
     </span>
     <span class='ocr_line' id='line_1_9' title="bbox 122 870 1760 943; baseline 0.001 -17"><span class='ocrx_word' id='word_1_110' title='bbox 122 873 259 927; x_wconf 73' lang='lat' dir='ltr'><strong>sanxisset</strong></span> <span class='ocrx_word' id='word_1_111' title='bbox 280 885 288 924; x_wconf 77' lang='lat' dir='ltr'><strong>r</strong></span> <span class='ocrx_word' id='word_1_112' title='bbox 314 872 444 925; x_wconf 86' lang='lat' dir='ltr'><strong>adversus</strong></span> <span class='ocrx_word' id='word_1_113' title='bbox 461 885 523 924; x_wconf 88' lang='lat' dir='ltr'><strong>eum</strong></span> <span class='ocrx_word' id='word_1_114' title='bbox 544 870 643 940; x_wconf 76' lang='lat' dir='ltr'><strong>stylum</strong></span> <span class='ocrx_word' id='word_1_115' title='bbox 662 887 812 938; x_wconf 79' lang='lat' dir='ltr'><strong>exeruere,</strong></span> <span class='ocrx_word' id='word_1_116' title='bbox 836 882 918 943; x_wconf 79' lang='lat' dir='ltr'><strong>atoue</strong></span> <span class='ocrx_word' id='word_1_117' title='bbox 966 879 1033 935; x_wconf 84' lang='lat' dir='ltr'><strong>mat,</strong></span> <span class='ocrx_word' id='word_1_118' title='bbox 1046 873 1115 927; x_wconf 89' lang='lat' dir='ltr'><strong>sciat</strong></span> <span class='ocrx_word' id='word_1_119' title='bbox 1127 873 1201 942; x_wconf 92' lang='lat' dir='ltr'><strong>ipsos</strong></span> <span class='ocrx_word' id='word_1_120' title='bbox 1213 873 1293 929; x_wconf 91' lang='lat' dir='ltr'><strong>talem</strong></span> <span class='ocrx_word' id='word_1_121' title='bbox 1308 876 1493 929; x_wconf 88' lang='lat' dir='ltr'><strong>adorationem</strong></span> <span class='ocrx_word' id='word_1_122' title='bbox 1505 873 1639 937; x_wconf 82' lang='lat' dir='ltr'><strong>docuisse,</strong></span> <span class='ocrx_word' id='word_1_123' title='bbox 1652 872 1760 941; x_wconf 80' lang='lat' dir='ltr'><strong>qualem</strong></span> 
     </span>
     <span class='ocr_line' id='line_1_10' title="bbox 121 941 1762 1014; baseline 0.001 -20"><span class='ocrx_word' id='word_1_124' title='bbox 121 941 290 998; x_wconf 78' lang='lat' dir='ltr'><strong>calumniose</strong></span> <span class='ocrx_word' id='word_1_125' title='bbox 307 948 417 1009; x_wconf 75' lang='lat' dir='ltr'><strong>aguntus</strong></span> <span class='ocrx_word' id='word_1_126' title='bbox 439 955 492 994; x_wconf 92' lang='lat' dir='ltr'><strong>uon</strong></span> <span class='ocrx_word' id='word_1_127' title='bbox 511 950 574 994; x_wconf 91' lang='lat' dir='ltr'><strong>suut</strong></span> <span class='ocrx_word' id='word_1_128' title='bbox 592 942 671 995; x_wconf 81' lang='lat' dir='ltr'><strong>ueriti</strong></span> <span class='ocrx_word' id='word_1_129' title='bbox 691 944 781 998; x_wconf 86' lang='lat' dir='ltr'><strong>dicere</strong></span> <span class='ocrx_word' id='word_1_130' title='bbox 792 946 917 999; x_wconf 91' lang='lat' dir='ltr'><strong>eumdem</strong></span> <span class='ocrx_word' id='word_1_131' title='bbox 966 942 1148 1010; x_wconf 70' lang='lat' dir='ltr'><strong>predecessor</strong></span> <span class='ocrx_word' id='word_1_132' title='bbox 1161 951 1254 998; x_wconf 89' lang='lat' dir='ltr'><strong>noster</strong></span> <span class='ocrx_word' id='word_1_133' title='bbox 1270 952 1380 1000; x_wconf 83' lang='lat' dir='ltr'><strong>sanetus</strong></span> <span class='ocrx_word' id='word_1_134' title='bbox 1402 943 1548 1014; x_wconf 78' lang='lat' dir='ltr'><strong>Gregorim</strong></span> <span class='ocrx_word' id='word_1_135' title='bbox 1567 943 1694 1012; x_wconf 85' lang='lat' dir='ltr'><strong>egregius</strong></span> <span class='ocrx_word' id='word_1_136' title='bbox 1715 944 1762 999; x_wconf 91' lang='lat' dir='ltr'><strong>do-</strong></span> 
     </span>
     <span class='ocr_line' id='line_1_11' title="bbox 120 1010 1761 1095; baseline 0 -29"><span class='ocrx_word' id='word_1_137' title='bbox 120 1012 271 1069; x_wconf 73' lang='lat' dir='ltr'><strong>Adrianum</strong></span> <span class='ocrx_word' id='word_1_138' title='bbox 305 1010 468 1079; x_wconf 79' lang='lat' dir='ltr'><strong>palinodiam</strong></span> <span class='ocrx_word' id='word_1_139' title='bbox 497 1019 671 1078; x_wconf 74' lang='lat' dir='ltr'><strong>recantasse,</strong></span> <span class='ocrx_word' id='word_1_140' title='bbox 699 1021 781 1081; x_wconf 79' lang='lat' dir='ltr'><strong>atque</strong></span> <span class='ocrx_word' id='word_1_141' title='bbox 809 1015 916 1069; x_wconf 88' lang='lat' dir='ltr'><strong>tandem</strong></span> <span class='ocrx_word' id='word_1_142' title='bbox 966 1017 1065 1066; x_wconf 89' lang='lat' dir='ltr'><strong>ctoret</strong></span> <span class='ocrx_word' id='word_1_143' title='bbox 1098 1028 1147 1081; x_wconf 86' lang='lat' dir='ltr'><strong>apa</strong></span> <span class='ocrx_word' id='word_1_144' title='bbox 1172 1014 1285 1095; x_wconf 87' lang='lat' dir='ltr'><strong>epistola</strong></span> <span class='ocrx_word' id='word_1_145' title='bbox 1307 1029 1365 1080; x_wconf 88' lang='lat' dir='ltr'><strong>sua,</strong></span> <span class='ocrx_word' id='word_1_146' title='bbox 1380 1031 1461 1084; x_wconf 79' lang='lat' dir='ltr'><strong>qulam</strong></span> <span class='ocrx_word' id='word_1_147' title='bbox 1478 1014 1505 1067; x_wconf 92' lang='lat' dir='ltr'><strong>in</strong></span> <span class='ocrx_word' id='word_1_148' title='bbox 1518 1011 1631 1081; x_wconf 73' lang='lat' dir='ltr'><strong>praelato</strong></span> <span class='ocrx_word' id='word_1_149' title='bbox 1645 1013 1761 1066; x_wconf 91' lang='lat' dir='ltr'><strong>concilio</strong></span> 
     </span>
     <span class='ocr_line' id='line_1_12' title="bbox 121 1027 1760 1154; baseline -0.001 -16"><span class='ocrx_word' id='word_1_150' title='bbox 121 1083 218 1138; x_wconf 81' lang='lat' dir='ltr'><strong>eadem</strong></span> <span class='ocrx_word' id='word_1_151' title='bbox 236 1095 299 1136; x_wconf 88' lang='lat' dir='ltr'><strong>eum</strong></span> <span class='ocrx_word' id='word_1_152' title='bbox 322 1080 386 1148; x_wconf 91' lang='lat' dir='ltr'><strong>ipsis</strong></span> <span class='ocrx_word' id='word_1_153' title='bbox 406 1080 532 1136; x_wconf 84' lang='lat' dir='ltr'><strong>sensisse.</strong></span> <span class='ocrx_word' id='word_1_154' title='bbox 966 1080 1057 1135; x_wconf 89' lang='lat' dir='ltr'><strong>domni</strong></span> <span class='ocrx_word' id='word_1_155' title='bbox 1071 1027 1200 1151; x_wconf 44' lang='lat' dir='ltr'><strong>elephant</strong></span> <span class='ocrx_word' id='word_1_156' title='bbox 1213 1098 1288 1153; x_wconf 84' lang='lat' dir='ltr'><strong>papae</strong></span> <span class='ocrx_word' id='word_1_157' title='bbox 1298 1084 1450 1154; x_wconf 87' lang='lat' dir='ltr'><strong>llerulphus</strong></span> <span class='ocrx_word' id='word_1_158' title='bbox 1462 1083 1603 1152; x_wconf 84' lang='lat' dir='ltr'><strong>episcopus</strong></span> <span class='ocrx_word' id='word_1_159' title='bbox 1614 1084 1760 1152; x_wconf 84' lang='lat' dir='ltr'><strong>pmrinciro</strong></span> 
     </span>
     <span class='ocr_line' id='line_1_13' title="bbox 158 1147 1761 1235; baseline 0 -29"><span class='ocrx_word' id='word_1_160' title='bbox 158 1151 197 1206; x_wconf 81' lang='lat' dir='ltr'><strong>lie</strong></span> <span class='ocrx_word' id='word_1_161' title='bbox 212 1151 256 1206; x_wconf 82' lang='lat' dir='ltr'><strong>his</strong></span> <span class='ocrx_word' id='word_1_162' title='bbox 276 1150 364 1204; x_wconf 85' lang='lat' dir='ltr'><strong>acturi</strong></span> <span class='ocrx_word' id='word_1_163' title='bbox 386 1159 414 1205; x_wconf 88' lang='lat' dir='ltr'><strong>te</strong></span> <span class='ocrx_word' id='word_1_164' title='bbox 431 1150 564 1219; x_wconf 91' lang='lat' dir='ltr'><strong>cupimus,</strong></span> <span class='ocrx_word' id='word_1_165' title='bbox 585 1149 680 1214; x_wconf 92' lang='lat' dir='ltr'><strong>lector,</strong></span> <span class='ocrx_word' id='word_1_166' title='bbox 698 1151 840 1216; x_wconf 85' lang='lat' dir='ltr'><strong>intentam,</strong></span> <span class='ocrx_word' id='word_1_167' title='bbox 854 1169 916 1206; x_wconf 94' lang='lat' dir='ltr'><strong>cum</strong></span> <span class='ocrx_word' id='word_1_168' title='bbox 966 1147 1115 1204; x_wconf 88' lang='lat' dir='ltr'><strong>Galliarum</strong></span> <span class='ocrx_word' id='word_1_169' title='bbox 1127 1152 1245 1208; x_wconf 81' lang='lat' dir='ltr'><strong>ciuitatis</strong></span> <span class='ocrx_word' id='word_1_170' title='bbox 1255 1155 1376 1235; x_wconf 86' lang='lat' dir='ltr'><strong>protulit,</strong></span> <span class='ocrx_word' id='word_1_171' title='bbox 1396 1155 1442 1209; x_wconf 91' lang='lat' dir='ltr'><strong>uhi</strong></span> <span class='ocrx_word' id='word_1_172' title='bbox 1458 1157 1528 1206; x_wconf 85' lang='lat' dir='ltr'><strong>irrter</strong></span> <span class='ocrx_word' id='word_1_173' title='bbox 1543 1160 1641 1206; x_wconf 77' lang='lat' dir='ltr'><strong>caetera</strong></span> <span class='ocrx_word' id='word_1_174' title='bbox 1658 1151 1761 1206; x_wconf 80' lang='lat' dir='ltr'><strong>Seran-</strong></span> 
     </span>
     <span class='ocr_line' id='line_1_14' title="bbox 120 1219 1757 1292; baseline 0 -16"><span class='ocrx_word' id='word_1_175' title='bbox 120 1221 156 1277; x_wconf 87' lang='lat' dir='ltr'><strong>de</strong></span> <span class='ocrx_word' id='word_1_176' title='bbox 172 1236 201 1275; x_wconf 90' lang='lat' dir='ltr'><strong>re</strong></span> <span class='ocrx_word' id='word_1_177' title='bbox 217 1219 308 1290; x_wconf 90' lang='lat' dir='ltr'><strong>magui</strong></span> <span class='ocrx_word' id='word_1_178' title='bbox 324 1220 454 1274; x_wconf 86' lang='lat' dir='ltr'><strong>momenti</strong></span> <span class='ocrx_word' id='word_1_179' title='bbox 472 1220 506 1274; x_wconf 90' lang='lat' dir='ltr'><strong>sit</strong></span> <span class='ocrx_word' id='word_1_180' title='bbox 524 1234 623 1275; x_wconf 90' lang='lat' dir='ltr'><strong>sermo.</strong></span> <span class='ocrx_word' id='word_1_181' title='bbox 643 1219 763 1290; x_wconf 77' lang='lat' dir='ltr'><strong>Agamus</strong></span> <span class='ocrx_word' id='word_1_182' title='bbox 778 1221 822 1276; x_wconf 85' lang='lat' dir='ltr'><strong>iric</strong></span> <span class='ocrx_word' id='word_1_183' title='bbox 835 1223 917 1292; x_wconf 89' lang='lat' dir='ltr'><strong>igitur</strong></span> <span class='ocrx_word' id='word_1_184' title='bbox 966 1219 1059 1273; x_wconf 86' lang='lat' dir='ltr'><strong>dinam</strong></span> <span class='ocrx_word' id='word_1_185' title='bbox 1075 1234 1183 1275; x_wconf 84' lang='lat' dir='ltr'><strong>serrum</strong></span> <span class='ocrx_word' id='word_1_186' title='bbox 1197 1223 1244 1278; x_wconf 83' lang='lat' dir='ltr'><strong>Dei</strong></span> <span class='ocrx_word' id='word_1_187' title='bbox 1258 1225 1391 1280; x_wconf 83' lang='lat' dir='ltr'><strong>rneltrsum</strong></span> <span class='ocrx_word' id='word_1_188' title='bbox 1409 1222 1503 1279; x_wconf 70' lang='lat' dir='ltr'><strong>Galliac</strong></span> <span class='ocrx_word' id='word_1_189' title='bbox 1529 1221 1630 1286; x_wconf 84' lang='lat' dir='ltr'><strong>docuit,</strong></span> <span class='ocrx_word' id='word_1_190' title='bbox 1646 1222 1757 1276; x_wconf 88' lang='lat' dir='ltr'><strong>dicens:</strong></span> 
     </span>
     <span class='ocr_line' id='line_1_15' title="bbox 121 1285 1758 1362; baseline 0 -16"><span class='ocrx_word' id='word_1_191' title='bbox 121 1291 155 1346; x_wconf 88' lang='lat' dir='ltr'><strong>de</strong></span> <span class='ocrx_word' id='word_1_192' title='bbox 175 1291 271 1345; x_wconf 86' lang='lat' dir='ltr'><strong>eodem</strong></span> <span class='ocrx_word' id='word_1_193' title='bbox 291 1290 480 1344; x_wconf 78' lang='lat' dir='ltr'><strong>conventiculo</strong></span> <span class='ocrx_word' id='word_1_194' title='bbox 502 1289 663 1355; x_wconf 86' lang='lat' dir='ltr'><strong>Parisicnsi,</strong></span> <span class='ocrx_word' id='word_1_195' title='bbox 691 1291 719 1344; x_wconf 95' lang='lat' dir='ltr'><strong>in</strong></span> <span class='ocrx_word' id='word_1_196' title='bbox 743 1291 787 1345; x_wconf 88' lang='lat' dir='ltr'><strong>his</strong></span> <span class='ocrx_word' id='word_1_197' title='bbox 811 1300 916 1346; x_wconf 90' lang='lat' dir='ltr'><strong>tantum</strong></span> <span class='ocrx_word' id='word_1_198' title='bbox 967 1285 1074 1343; x_wconf 83' lang='lat' dir='ltr'><strong>Scimus</strong></span> <span class='ocrx_word' id='word_1_199' title='bbox 1084 1291 1147 1358; x_wconf 84' lang='lat' dir='ltr'><strong>quia</strong></span> <span class='ocrx_word' id='word_1_200' title='bbox 1160 1299 1189 1345; x_wconf 91' lang='grc' dir='ltr'><strong>ιιι</strong></span> <span class='ocrx_word' id='word_1_201' title='bbox 1205 1293 1352 1362; x_wconf 79' lang='lat' dir='ltr'><strong>imaginem</strong></span> <span class='ocrx_word' id='word_1_202' title='bbox 1366 1292 1515 1347; x_wconf 80' lang='lat' dir='ltr'><strong>Salratnris</strong></span> <span class='ocrx_word' id='word_1_203' title='bbox 1530 1291 1616 1346; x_wconf 85' lang='lat' dir='ltr'><strong>nostri</strong></span> <span class='ocrx_word' id='word_1_204' title='bbox 1631 1292 1692 1345; x_wconf 91' lang='lat' dir='ltr'><strong>ideo</strong></span> <span class='ocrx_word' id='word_1_205' title='bbox 1704 1306 1758 1346; x_wconf 89' lang='lat' dir='ltr'><strong>non</strong></span> 
     </span>
     <span class='ocr_line' id='line_1_16' title="bbox 120 1358 1761 1432; baseline -0.001 -16"><span class='ocrx_word' id='word_1_206' title='bbox 120 1375 183 1429; x_wconf 71' lang='lat' dir='ltr'><strong>rrum</strong></span> <span class='ocrx_word' id='word_1_207' title='bbox 198 1367 322 1429; x_wconf 84' lang='lat' dir='ltr'><strong>spectant</strong></span> <span class='ocrx_word' id='word_1_208' title='bbox 338 1361 371 1413; x_wconf 91' lang='lat' dir='ltr'><strong>ad</strong></span> <span class='ocrx_word' id='word_1_209' title='bbox 390 1358 558 1414; x_wconf 78' lang='lat' dir='ltr'><strong>adrianum:</strong></span> <span class='ocrx_word' id='word_1_210' title='bbox 577 1361 610 1414; x_wconf 93' lang='lat' dir='ltr'><strong>de</strong></span> <span class='ocrx_word' id='word_1_211' title='bbox 626 1361 737 1428; x_wconf 83' lang='lat' dir='ltr'><strong>reliquis</strong></span> <span class='ocrx_word' id='word_1_212' title='bbox 750 1369 840 1416; x_wconf 88' lang='lat' dir='ltr'><strong>autern</strong></span> <span class='ocrx_word' id='word_1_213' title='bbox 855 1377 917 1431; x_wconf 90' lang='lat' dir='ltr'><strong>pro-</strong></span> <span class='ocrx_word' id='word_1_214' title='bbox 966 1359 1046 1425; x_wconf 90' lang='lat' dir='ltr'><strong>petis,</strong></span> <span class='ocrx_word' id='word_1_215' title='bbox 1059 1367 1089 1412; x_wconf 92' lang='lat' dir='ltr'><strong>ut</strong></span> <span class='ocrx_word' id='word_1_216' title='bbox 1101 1375 1150 1428; x_wconf 92' lang='lat' dir='ltr'><strong>pro</strong></span> <span class='ocrx_word' id='word_1_217' title='bbox 1170 1361 1225 1415; x_wconf 81' lang='lat' dir='ltr'><strong>lien</strong></span> <span class='ocrx_word' id='word_1_218' title='bbox 1242 1363 1378 1432; x_wconf 84' lang='lat' dir='ltr'><strong>autquasi</strong></span> <span class='ocrx_word' id='word_1_219' title='bbox 1395 1362 1578 1424; x_wconf 61' lang='lat' dir='ltr'><strong>momentus,</strong></span> <span class='ocrx_word' id='word_1_220' title='bbox 1593 1361 1640 1414; x_wconf 87' lang='lat' dir='ltr'><strong>sed</strong></span> <span class='ocrx_word' id='word_1_221' title='bbox 1661 1362 1699 1415; x_wconf 81' lang='lat' dir='ltr'><strong>ob</strong></span> <span class='ocrx_word' id='word_1_222' title='bbox 1717 1377 1761 1415; x_wconf 86' lang='lat' dir='ltr'><strong>re-</strong></span> 
     </span>
     <span class='ocr_line' id='line_1_17' title="bbox 120 1429 1758 1506; baseline -0.001 -20"><span class='ocrx_word' id='word_1_223' title='bbox 120 1430 204 1486; x_wconf 80' lang='lat' dir='ltr'><strong>iirior</strong></span> <span class='ocrx_word' id='word_1_224' title='bbox 214 1430 267 1484; x_wconf 88' lang='lat' dir='ltr'><strong>erit</strong></span> <span class='ocrx_word' id='word_1_225' title='bbox 277 1429 437 1498; x_wconf 86' lang='lat' dir='ltr'><strong>disceptatio</strong></span> <span class='ocrx_word' id='word_1_226' title='bbox 450 1444 499 1483; x_wconf 94' lang='lat' dir='ltr'><strong>suo</strong></span> <span class='ocrx_word' id='word_1_227' title='bbox 511 1429 570 1483; x_wconf 84' lang='lat' dir='ltr'><strong>ioco</strong></span> <span class='ocrx_word' id='word_1_228' title='bbox 582 1437 608 1483; x_wconf 88' lang='lat' dir='ltr'><strong>et</strong></span> <span class='ocrx_word' id='word_1_229' title='bbox 620 1440 740 1499; x_wconf 90' lang='lat' dir='ltr'><strong>tempore</strong></span> <span class='ocrx_word' id='word_1_230' title='bbox 752 1440 914 1500; x_wconf 91' lang='lat' dir='ltr'><strong>opportuno.</strong></span> <span class='ocrx_word' id='word_1_231' title='bbox 966 1429 1148 1506; x_wconf 67' lang='lat' dir='ltr'><strong>enudationem</strong></span> <span class='ocrx_word' id='word_1_232' title='bbox 1170 1430 1231 1485; x_wconf 81' lang='lat' dir='ltr'><strong>rrrti</strong></span> <span class='ocrx_word' id='word_1_233' title='bbox 1253 1433 1311 1496; x_wconf 79' lang='lat' dir='ltr'><strong>liei,</strong></span> <span class='ocrx_word' id='word_1_234' title='bbox 1332 1442 1363 1486; x_wconf 92' lang='lat' dir='ltr'><strong>ut</strong></span> <span class='ocrx_word' id='word_1_235' title='bbox 1381 1433 1408 1485; x_wconf 93' lang='lat' dir='ltr'><strong>in</strong></span> <span class='ocrx_word' id='word_1_236' title='bbox 1424 1432 1481 1499; x_wconf 82' lang='lat' dir='ltr'><strong>eius</strong></span> <span class='ocrx_word' id='word_1_237' title='bbox 1496 1446 1591 1484; x_wconf 85' lang='lat' dir='ltr'><strong>amore</strong></span> <span class='ocrx_word' id='word_1_238' title='bbox 1610 1429 1758 1486; x_wconf 77' lang='lat' dir='ltr'><strong>recalescas</strong></span> 
     </span>
     <span class='ocr_line' id='line_1_18' title="bbox 119 1499 1759 1570; baseline 0 -16"><span class='ocrx_word' id='word_1_239' title='bbox 119 1500 277 1555; x_wconf 75' lang='lat' dir='ltr'><strong>Adversarii</strong></span> <span class='ocrx_word' id='word_1_240' title='bbox 297 1499 303 1510; x_wconf 83' lang='lat'><strong><em>‘</em></strong></span> <span class='ocrx_word' id='word_1_241' title='bbox 326 1500 388 1563; x_wconf 89' lang='lat' dir='ltr'><strong>itur,</strong></span> <span class='ocrx_word' id='word_1_242' title='bbox 401 1500 448 1568; x_wconf 85' lang='lat' dir='ltr'><strong>qui</strong></span> <span class='ocrx_word' id='word_1_243' title='bbox 465 1500 520 1567; x_wconf 74' lang='lat' dir='ltr'><strong>irc</strong></span> <span class='ocrx_word' id='word_1_244' title='bbox 541 1509 741 1566; x_wconf 76' lang='lat' dir='ltr'><strong>convenerunt,</strong></span> <span class='ocrx_word' id='word_1_245' title='bbox 756 1501 785 1554; x_wconf 92' lang='lat' dir='ltr'><strong>in</strong></span> <span class='ocrx_word' id='word_1_246' title='bbox 802 1502 916 1570; x_wconf 89' lang='lat' dir='ltr'><strong>epistula</strong></span> <span class='ocrx_word' id='word_1_247' title='bbox 966 1511 1044 1565; x_wconf 64' lang='lat' dir='ltr'><strong>errius</strong></span> <span class='ocrx_word' id='word_1_248' title='bbox 1056 1505 1083 1551; x_wconf 91' lang='lat' dir='ltr'><strong>te</strong></span> <span class='ocrx_word' id='word_1_249' title='bbox 1095 1499 1238 1568; x_wconf 79' lang='lat' dir='ltr'><strong>imaginem</strong></span> <span class='ocrx_word' id='word_1_250' title='bbox 1252 1502 1342 1556; x_wconf 85' lang='lat' dir='ltr'><strong>ridere</strong></span> <span class='ocrx_word' id='word_1_251' title='bbox 1355 1502 1520 1558; x_wconf 82' lang='lat' dir='ltr'><strong>consideras.</strong></span> <span class='ocrx_word' id='word_1_252' title='bbox 1533 1501 1567 1553; x_wconf 84' lang='lat' dir='ltr'><strong>Et</strong></span> <span class='ocrx_word' id='word_1_253' title='bbox 1582 1515 1631 1555; x_wconf 89' lang='lat' dir='ltr'><strong>nos</strong></span> <span class='ocrx_word' id='word_1_254' title='bbox 1650 1501 1759 1568; x_wconf 84' lang='lat' dir='ltr'><strong>qrridem</strong></span> 
     </span>
     <span class='ocr_line' id='line_1_19' title="bbox 120 1515 1757 1641; baseline -0.001 -16"><span class='ocrx_word' id='word_1_255' title='bbox 120 1570 244 1640; x_wconf 69' lang='lat' dir='ltr'><strong>synodali</strong></span> <span class='ocrx_word' id='word_1_256' title='bbox 261 1515 474 1624; x_wconf 42' lang='lat' dir='ltr'><strong>adzudovicum</strong></span> <span class='ocrx_word' id='word_1_257' title='bbox 494 1577 575 1637; x_wconf 80' lang='lat' dir='ltr'><strong>atque</strong></span> <span class='ocrx_word' id='word_1_258' title='bbox 595 1569 751 1624; x_wconf 57' lang='lat' dir='ltr'><strong>liutharium</strong></span> <span class='ocrx_word' id='word_1_259' title='bbox 772 1571 917 1641; x_wconf 89' lang='lat' dir='ltr'><strong>imperato-</strong></span> <span class='ocrx_word' id='word_1_260' title='bbox 966 1581 1020 1620; x_wconf 88' lang='lat' dir='ltr'><strong>nou</strong></span> <span class='ocrx_word' id='word_1_261' title='bbox 1036 1568 1113 1634; x_wconf 80' lang='lat' dir='ltr'><strong>quasi</strong></span> <span class='ocrx_word' id='word_1_262' title='bbox 1125 1577 1188 1623; x_wconf 88' lang='lat' dir='ltr'><strong>ante</strong></span> <span class='ocrx_word' id='word_1_263' title='bbox 1199 1570 1367 1627; x_wconf 78' lang='lat' dir='ltr'><strong>divinitatem</strong></span> <span class='ocrx_word' id='word_1_264' title='bbox 1385 1580 1449 1625; x_wconf 89' lang='lat' dir='ltr'><strong>ante</strong></span> <span class='ocrx_word' id='word_1_265' title='bbox 1461 1571 1533 1625; x_wconf 86' lang='lat' dir='ltr'><strong>iliam</strong></span> <span class='ocrx_word' id='word_1_266' title='bbox 1549 1569 1757 1637; x_wconf 78' lang='lat' dir='ltr'><strong>prosternimur,</strong></span> 
     </span>
     <span class='ocr_line' id='line_1_20' title="bbox 120 1635 1758 1711; baseline -0.002 -17"><span class='ocrx_word' id='word_1_267' title='bbox 120 1654 185 1703; x_wconf 86' lang='lat' dir='ltr'><strong>res,</strong></span> <span class='ocrx_word' id='word_1_268' title='bbox 216 1647 278 1707; x_wconf 90' lang='lat' dir='ltr'><strong>post</strong></span> <span class='ocrx_word' id='word_1_269' title='bbox 299 1638 384 1693; x_wconf 85' lang='lat' dir='ltr'><strong>multa</strong></span> <span class='ocrx_word' id='word_1_270' title='bbox 406 1639 537 1694; x_wconf 80' lang='lat' dir='ltr'><strong>adversus</strong></span> <span class='ocrx_word' id='word_1_271' title='bbox 555 1639 666 1694; x_wconf 81' lang='lat' dir='ltr'><strong>Adriani</strong></span> <span class='ocrx_word' id='word_1_272' title='bbox 687 1640 844 1711; x_wconf 81' lang='lat' dir='ltr'><strong>Apologiam</strong></span> <span class='ocrx_word' id='word_1_273' title='bbox 866 1657 915 1711; x_wconf 86' lang='lat' dir='ltr'><strong>pro</strong></span> <span class='ocrx_word' id='word_1_274' title='bbox 966 1639 1013 1690; x_wconf 88' lang='lat' dir='ltr'><strong>sed</strong></span> <span class='ocrx_word' id='word_1_275' title='bbox 1028 1635 1102 1690; x_wconf 89' lang='lat' dir='ltr'><strong>ilium</strong></span> <span class='ocrx_word' id='word_1_276' title='bbox 1115 1639 1260 1694; x_wconf 85' lang='lat' dir='ltr'><strong>adoramus</strong></span> <span class='ocrx_word' id='word_1_277' title='bbox 1277 1656 1356 1710; x_wconf 81' lang='lat' dir='ltr'><strong>quem</strong></span> <span class='ocrx_word' id='word_1_278' title='bbox 1370 1657 1418 1711; x_wconf 92' lang='lat' dir='ltr'><strong>per</strong></span> <span class='ocrx_word' id='word_1_279' title='bbox 1437 1641 1579 1708; x_wconf 81' lang='lat' dir='ltr'><strong>imaginem</strong></span> <span class='ocrx_word' id='word_1_280' title='bbox 1595 1645 1641 1692; x_wconf 91' lang='lat' dir='ltr'><strong>aut</strong></span> <span class='ocrx_word' id='word_1_281' title='bbox 1655 1647 1758 1701; x_wconf 87' lang='lat' dir='ltr'><strong>natunr,</strong></span> 
     </span>
     <span class='ocr_line' id='line_1_21' title="bbox 119 1708 1757 1790; baseline -0.002 -27"><span class='ocrx_word' id='word_1_282' title='bbox 119 1709 230 1764; x_wconf 85' lang='lat' dir='ltr'><strong>Nieaeno</strong></span> <span class='ocrx_word' id='word_1_283' title='bbox 250 1709 393 1778; x_wconf 80' lang='lat' dir='ltr'><strong>posteriori</strong></span> <span class='ocrx_word' id='word_1_284' title='bbox 416 1708 531 1763; x_wconf 90' lang='lat' dir='ltr'><strong>concilio</strong></span> <span class='ocrx_word' id='word_1_285' title='bbox 553 1710 691 1777; x_wconf 87' lang='lat' dir='ltr'><strong>scriptam,</strong></span> <span class='ocrx_word' id='word_1_286' title='bbox 716 1711 774 1766; x_wconf 80' lang='lat' dir='ltr'><strong>haec</strong></span> <span class='ocrx_word' id='word_1_287' title='bbox 792 1711 912 1766; x_wconf 86' lang='lat' dir='ltr'><strong>habent:</strong></span> <span class='ocrx_word' id='word_1_288' title='bbox 931 1715 1138 1790; x_wconf 65' lang='lat' dir='ltr'><strong>Bautpassum,</strong></span> <span class='ocrx_word' id='word_1_289' title='bbox 1146 1709 1225 1762; x_wconf 88' lang='lat' dir='ltr'><strong>autin</strong></span> <span class='ocrx_word' id='word_1_290' title='bbox 1235 1711 1331 1766; x_wconf 90' lang='lat' dir='ltr'><strong>throno</strong></span> <span class='ocrx_word' id='word_1_291' title='bbox 1344 1713 1481 1766; x_wconf 88' lang='lat' dir='ltr'><strong>sedentem</strong></span> <span class='ocrx_word' id='word_1_292' title='bbox 1496 1710 1679 1771; x_wconf 88' lang='lat' dir='ltr'><strong>recordamur,</strong></span> <span class='ocrx_word' id='word_1_293' title='bbox 1687 1717 1757 1761; x_wconf 75' lang='lat' dir='ltr'><strong>rte.»</strong></span> 
     </span>
     <span class='ocr_line' id='line_1_22' title="bbox 123 1773 1759 1850; baseline 0 -20"><span class='ocrx_word' id='word_1_294' title='bbox 123 1797 136 1830; x_wconf 78' lang='grc' dir='ltr'><strong>ι</strong></span> <span class='ocrx_word' id='word_1_295' title='bbox 151 1778 205 1835; x_wconf 86' lang='lat' dir='ltr'><strong>Sed</strong></span> <span class='ocrx_word' id='word_1_296' title='bbox 232 1779 295 1834; x_wconf 90' lang='lat' dir='ltr'><strong>licet</strong></span> <span class='ocrx_word' id='word_1_297' title='bbox 321 1778 348 1831; x_wconf 94' lang='lat' dir='ltr'><strong>in</strong></span> <span class='ocrx_word' id='word_1_298' title='bbox 375 1778 443 1847; x_wconf 88' lang='lat' dir='ltr'><strong>ipsis</strong></span> <span class='ocrx_word' id='word_1_299' title='bbox 472 1777 673 1846; x_wconf 79' lang='lat' dir='ltr'><strong>obiectionibus</strong></span> <span class='ocrx_word' id='word_1_300' title='bbox 695 1780 730 1834; x_wconf 88' lang='lat' dir='ltr'><strong>aii</strong></span> <span class='ocrx_word' id='word_1_301' title='bbox 751 1782 840 1834; x_wconf 83' lang='lat' dir='ltr'><strong>nando</strong></span> <span class='ocrx_word' id='word_1_302' title='bbox 864 1782 913 1835; x_wconf 90' lang='lat' dir='ltr'><strong>ab·</strong></span> <span class='ocrx_word' id='word_1_303' title='bbox 967 1773 1069 1846; x_wconf 62' lang='lat' dir='ltr'><strong>(Grec,</strong></span> <span class='ocrx_word' id='word_1_304' title='bbox 1084 1776 1129 1829; x_wconf 83' lang='lat' dir='ltr'><strong>lii.</strong></span> <span class='ocrx_word' id='word_1_305' title='bbox 1147 1795 1196 1842; x_wconf 75' lang='lat' dir='ltr'><strong>vn,</strong></span> <span class='ocrx_word' id='word_1_306' title='bbox 1212 1796 1252 1850; x_wconf 82' lang='lat' dir='ltr'><strong>ep.</strong></span> <span class='ocrx_word' id='word_1_307' title='bbox 1267 1780 1311 1845; x_wconf 77' lang='lat'><strong>55,</strong></span> <span class='ocrx_word' id='word_1_308' title='bbox 1327 1782 1419 1834; x_wconf 79' lang='lat' dir='ltr'><strong>indier.</strong></span> <span class='ocrx_word' id='word_1_309' title='bbox 1431 1779 1472 1850; x_wconf 69' lang='grc' dir='ltr'><strong>ι.)</strong></span> <span class='ocrx_word' id='word_1_310' title='bbox 1488 1779 1550 1833; x_wconf 73' lang='lat' dir='ltr'><strong>lius</strong></span> <span class='ocrx_word' id='word_1_311' title='bbox 1565 1779 1601 1831; x_wconf 91' lang='lat' dir='ltr'><strong>ibi</strong></span> <span class='ocrx_word' id='word_1_312' title='bbox 1619 1777 1687 1846; x_wconf 92' lang='lat' dir='ltr'><strong>ipse.</strong></span> <span class='ocrx_word' id='word_1_313' title='bbox 1704 1777 1759 1831; x_wconf 83' lang='lat' dir='ltr'><strong>Sed</strong></span> 
     </span>
     <span class='ocr_line' id='line_1_23' title="bbox 120 1795 1760 1919; baseline -0.002 -15"><span class='ocrx_word' id='word_1_314' title='bbox 120 1863 199 1913; x_wconf 86' lang='lat' dir='ltr'><strong>sona,</strong></span> <span class='ocrx_word' id='word_1_315' title='bbox 214 1847 360 1916; x_wconf 79' lang='lat' dir='ltr'><strong>aliquando</strong></span> <span class='ocrx_word' id='word_1_316' title='bbox 377 1849 604 1912; x_wconf 77' lang='lat' dir='ltr'><strong>inconvenientia,</strong></span> <span class='ocrx_word' id='word_1_317' title='bbox 620 1795 765 1916; x_wconf 55' lang='lat' dir='ltr'><strong>aliquanao</strong></span> <span class='ocrx_word' id='word_1_318' title='bbox 777 1850 859 1903; x_wconf 87' lang='lat' dir='ltr'><strong>etiam</strong></span> <span class='ocrx_word' id='word_1_319' title='bbox 873 1866 917 1905; x_wconf 91' lang='lat' dir='ltr'><strong>re-</strong></span> <span class='ocrx_word' id='word_1_320' title='bbox 1002 1847 1087 1899; x_wconf 77' lang='lat' dir='ltr'><strong>umida</strong></span> <span class='ocrx_word' id='word_1_321' title='bbox 1110 1846 1154 1901; x_wconf 84' lang='lat' dir='ltr'><strong>hir</strong></span> <span class='ocrx_word' id='word_1_322' title='bbox 1169 1849 1214 1901; x_wconf 85' lang='lat' dir='ltr'><strong>iiia</strong></span> <span class='ocrx_word' id='word_1_323' title='bbox 1237 1865 1298 1919; x_wconf 84' lang='lat' dir='ltr'><strong>quae</strong></span> <span class='ocrx_word' id='word_1_324' title='bbox 1312 1852 1383 1904; x_wconf 86' lang='lat' dir='ltr'><strong>idem</strong></span> <span class='ocrx_word' id='word_1_325' title='bbox 1399 1850 1479 1903; x_wconf 89' lang='lat' dir='ltr'><strong>habet</strong></span> <span class='ocrx_word' id='word_1_326' title='bbox 1493 1851 1519 1901; x_wconf 85' lang='lat' dir='ltr'><strong>in</strong></span> <span class='ocrx_word' id='word_1_327' title='bbox 1531 1848 1585 1902; x_wconf 90' lang='lat' dir='ltr'><strong>line</strong></span> <span class='ocrx_word' id='word_1_328' title='bbox 1598 1862 1660 1902; x_wconf 89' lang='lat' dir='ltr'><strong>cum</strong></span> <span class='ocrx_word' id='word_1_329' title='bbox 1675 1846 1760 1915; x_wconf 88' lang='lat' dir='ltr'><strong>piuri-</strong></span> 
     </span>
     <span class='ocr_line' id='line_1_24' title="bbox 171 1915 1759 1989; baseline 0.003 -19"><span class='ocrx_word' id='word_1_330' title='bbox 171 1918 301 1973; x_wconf 82' lang='lat' dir='ltr'><strong>laensione</strong></span> <span class='ocrx_word' id='word_1_331' title='bbox 314 1917 394 1986; x_wconf 90' lang='lat' dir='ltr'><strong>digna</strong></span> <span class='ocrx_word' id='word_1_332' title='bbox 407 1918 562 1971; x_wconf 84' lang='lat' dir='ltr'><strong>testimonia</strong></span> <span class='ocrx_word' id='word_1_333' title='bbox 577 1917 741 1973; x_wconf 79' lang='lat' dir='ltr'><strong>detensionis</strong></span> <span class='ocrx_word' id='word_1_334' title='bbox 756 1920 841 1989; x_wconf 89' lang='lat' dir='ltr'><strong>gratia</strong></span> <span class='ocrx_word' id='word_1_335' title='bbox 854 1935 919 1989; x_wconf 90' lang='lat' dir='ltr'><strong>pro-</strong></span> <span class='ocrx_word' id='word_1_336' title='bbox 984 1929 1016 1968; x_wconf 80' lang='lat' dir='ltr'><strong>us</strong></span> <span class='ocrx_word' id='word_1_337' title='bbox 1037 1915 1145 1970; x_wconf 88' lang='lat' dir='ltr'><strong>disserit</strong></span> <span class='ocrx_word' id='word_1_338' title='bbox 1168 1920 1201 1972; x_wconf 87' lang='lat' dir='ltr'><strong>de</strong></span> <span class='ocrx_word' id='word_1_339' title='bbox 1216 1920 1350 1974; x_wconf 87' lang='lat' dir='ltr'><strong>sententia</strong></span> <span class='ocrx_word' id='word_1_340' title='bbox 1371 1919 1400 1973; x_wconf 86' lang='lat' dir='ltr'><strong>S.</strong></span> <span class='ocrx_word' id='word_1_341' title='bbox 1416 1918 1538 1987; x_wconf 82' lang='lat' dir='ltr'><strong>Gregorii</strong></span> <span class='ocrx_word' id='word_1_342' title='bbox 1561 1918 1634 1971; x_wconf 82' lang='lat' dir='ltr'><strong>circa</strong></span> <span class='ocrx_word' id='word_1_343' title='bbox 1656 1916 1759 1973; x_wconf 87' lang='lat' dir='ltr'><strong>cultum</strong></span> 
     </span>
     <span class='ocr_line' id='line_1_25' title="bbox 119 1933 1759 2058; baseline -0.002 -18"><span class='ocrx_word' id='word_1_344' title='bbox 119 1933 193 2041; x_wconf 45' lang='grc' dir='ltr'><strong>ἔξω</strong></span> <span class='ocrx_word' id='word_1_345' title='bbox 213 1987 352 2049; x_wconf 84' lang='lat' dir='ltr'><strong>risussit,</strong></span> <span class='ocrx_word' id='word_1_346' title='bbox 373 1986 472 2041; x_wconf 86' lang='lat' dir='ltr'><strong>iuliae</strong></span> <span class='ocrx_word' id='word_1_347' title='bbox 494 1996 584 2041; x_wconf 90' lang='lat' dir='ltr'><strong>tamen</strong></span> <span class='ocrx_word' id='word_1_348' title='bbox 601 1985 660 2054; x_wconf 87' lang='lat' dir='ltr'><strong>ejus</strong></span> <span class='ocrx_word' id='word_1_349' title='bbox 673 1987 811 2058; x_wconf 78' lang='lat' dir='ltr'><strong>apologiae</strong></span> <span class='ocrx_word' id='word_1_350' title='bbox 824 1990 865 2043; x_wconf 88' lang='lat' dir='ltr'><strong>sic</strong></span> <span class='ocrx_word' id='word_1_351' title='bbox 887 2004 919 2043; x_wconf 88' lang='lat' dir='ltr'><strong>so</strong></span> <span class='ocrx_word' id='word_1_352' title='bbox 966 1994 1120 2038; x_wconf 88' lang='lat' dir='ltr'><strong>sanctarum</strong></span> <span class='ocrx_word' id='word_1_353' title='bbox 1145 1986 1302 2057; x_wconf 84' lang='lat' dir='ltr'><strong>imaginum,</strong></span> <span class='ocrx_word' id='word_1_354' title='bbox 1329 1998 1359 2043; x_wconf 91' lang='lat' dir='ltr'><strong>ut</strong></span> <span class='ocrx_word' id='word_1_355' title='bbox 1383 2005 1414 2043; x_wconf 81' lang='lat' dir='ltr'><strong>ex</strong></span> <span class='ocrx_word' id='word_1_356' title='bbox 1442 1989 1484 2041; x_wconf 89' lang='lat' dir='ltr'><strong>his</strong></span> <span class='ocrx_word' id='word_1_357' title='bbox 1499 1993 1628 2056; x_wconf 86' lang='lat' dir='ltr'><strong>appareat</strong></span> <span class='ocrx_word' id='word_1_358' title='bbox 1654 1993 1759 2039; x_wconf 78' lang='lat' dir='ltr'><strong>tantuna</strong></span> 
     </span>
     <span class='ocr_line' id='line_1_26' title="bbox 120 2055 1760 2128; baseline -0.001 -18"><span class='ocrx_word' id='word_1_359' title='bbox 120 2057 390 2121; x_wconf 68' lang='lat' dir='ltr'><strong>sentiteetteuere,</strong></span> <span class='ocrx_word' id='word_1_360' title='bbox 406 2058 603 2124; x_wconf 86' lang='lat' dir='ltr'><strong>etpraedicare,</strong></span> <span class='ocrx_word' id='word_1_361' title='bbox 618 2072 650 2111; x_wconf 91' lang='lat' dir='ltr'><strong>ac</strong></span> <span class='ocrx_word' id='word_1_362' title='bbox 668 2058 916 2126; x_wconf 80' lang='lat' dir='ltr'><strong>praeciperedehis</strong></span> <span class='ocrx_word' id='word_1_363' title='bbox 965 2055 1062 2109; x_wconf 85' lang='lat' dir='ltr'><strong>abesse</strong></span> <span class='ocrx_word' id='word_1_364' title='bbox 1076 2062 1106 2107; x_wconf 95' lang='lat' dir='ltr'><strong>ut</strong></span> <span class='ocrx_word' id='word_1_365' title='bbox 1119 2069 1167 2122; x_wconf 88' lang='lat' dir='ltr'><strong>per</strong></span> <span class='ocrx_word' id='word_1_366' title='bbox 1180 2057 1302 2128; x_wconf 90' lang='lat' dir='ltr'><strong>Gregorii</strong></span> <span class='ocrx_word' id='word_1_367' title='bbox 1317 2059 1478 2113; x_wconf 89' lang='lat' dir='ltr'><strong>sententiam</strong></span> <span class='ocrx_word' id='word_1_368' title='bbox 1501 2056 1636 2110; x_wconf 73' lang='lat' dir='ltr'><strong>Adrianus</strong></span> <span class='ocrx_word' id='word_1_369' title='bbox 1659 2055 1760 2109; x_wconf 89' lang='lat' dir='ltr'><strong>resilie-</strong></span> 
     </span>
     <span class='ocr_line' id='line_1_27' title="bbox 120 2123 1759 2249; baseline 0 -71"><span class='ocrx_word' id='word_1_370' title='bbox 120 2139 182 2249; x_wconf 56' lang='lat' dir='ltr'><strong>auau</strong></span> <span class='ocrx_word' id='word_1_371' title='bbox 202 2126 350 2195; x_wconf 82' lang='lat' dir='ltr'><strong>agebantur</strong></span> <span class='ocrx_word' id='word_1_372' title='bbox 375 2125 513 2195; x_wconf 79' lang='lat' dir='ltr'><strong>professus</strong></span> <span class='ocrx_word' id='word_1_373' title='bbox 534 2133 585 2190; x_wconf 90' lang='lat' dir='ltr'><strong>est,</strong></span> <span class='ocrx_word' id='word_1_374' title='bbox 609 2127 678 2181; x_wconf 92' lang='lat' dir='ltr'><strong>sicul</strong></span> <span class='ocrx_word' id='word_1_375' title='bbox 704 2142 720 2180; x_wconf 88' lang='lat' dir='ltr'><strong>a</strong></span> <span class='ocrx_word' id='word_1_376' title='bbox 745 2129 825 2183; x_wconf 90' lang='lat' dir='ltr'><strong>beato</strong></span> <span class='ocrx_word' id='word_1_377' title='bbox 847 2142 915 2197; x_wconf 87' lang='lat' dir='ltr'><strong>papa</strong></span> <span class='ocrx_word' id='word_1_378' title='bbox 965 2123 1002 2178; x_wconf 89' lang='lat' dir='ltr'><strong>rit</strong></span> <span class='ocrx_word' id='word_1_379' title='bbox 1014 2139 1028 2177; x_wconf 87' lang='lat' dir='ltr'><strong>a</strong></span> <span class='ocrx_word' id='word_1_380' title='bbox 1042 2125 1270 2182; x_wconf 76' lang='lat' dir='ltr'><strong>deerettsh&#39;tcant</strong></span> <span class='ocrx_word' id='word_1_381' title='bbox 1283 2129 1399 2191; x_wconf 89' lang='lat' dir='ltr'><strong>concilii,</strong></span> <span class='ocrx_word' id='word_1_382' title='bbox 1415 2137 1499 2194; x_wconf 89' lang='lat' dir='ltr'><strong>utper</strong></span> <span class='ocrx_word' id='word_1_383' title='bbox 1511 2127 1635 2180; x_wconf 88' lang='lat' dir='ltr'><strong>eunrdem</strong></span> <span class='ocrx_word' id='word_1_384' title='bbox 1648 2123 1677 2178; x_wconf 90' lang='lat' dir='ltr'><strong>S.</strong></span> <span class='ocrx_word' id='word_1_385' title='bbox 1691 2124 1759 2179; x_wconf 90' lang='lat' dir='ltr'><strong>Gre-</strong></span> 
     </span>
     <span class='ocr_line' id='line_1_28' title="bbox 147 2193 1457 2265; baseline -0.002 -14"><span class='ocrx_word' id='word_1_386' title='bbox 147 2198 255 2265; x_wconf 86' lang='lat' dir='ltr'><strong>regorio</strong></span> <span class='ocrx_word' id='word_1_387' title='bbox 276 2194 428 2249; x_wconf 89' lang='lat' dir='ltr'><strong>institutum</strong></span> <span class='ocrx_word' id='word_1_388' title='bbox 449 2210 509 2248; x_wconf 88' lang='lat' dir='ltr'><strong>esse</strong></span> <span class='ocrx_word' id='word_1_389' title='bbox 533 2197 683 2250; x_wconf 87' lang='lat' dir='ltr'><strong>constabat.</strong></span> <span class='ocrx_word' id='word_1_390' title='bbox 703 2197 806 2263; x_wconf 81' lang='lat' dir='ltr'><strong>Quibus</strong></span> <span class='ocrx_word' id='word_1_391' title='bbox 825 2199 916 2254; x_wconf 78' lang='lat' dir='ltr'><strong>serbis</strong></span> <span class='ocrx_word' id='word_1_392' title='bbox 965 2193 1071 2264; x_wconf 87' lang='lat' dir='ltr'><strong>gorium</strong></span> <span class='ocrx_word' id='word_1_393' title='bbox 1084 2197 1177 2248; x_wconf 88' lang='lat' dir='ltr'><strong>eadem</strong></span> <span class='ocrx_word' id='word_1_394' title='bbox 1193 2195 1302 2251; x_wconf 77' lang='lat' dir='ltr'><strong>liemare</strong></span> <span class='ocrx_word' id='word_1_395' title='bbox 1315 2198 1457 2251; x_wconf 75' lang='lat' dir='ltr'><strong>studuerit.</strong></span> 
     </span>
     <span class='ocr_line' id='line_1_29' title="bbox 120 2261 1759 2336; baseline -0.002 -17"><span class='ocrx_word' id='word_1_396' title='bbox 120 2265 226 2335; x_wconf 85' lang='lat' dir='ltr'><strong>liquido</strong></span> <span class='ocrx_word' id='word_1_397' title='bbox 240 2264 454 2333; x_wconf 79' lang='lat' dir='ltr'><strong>colligiturquod</strong></span> <span class='ocrx_word' id='word_1_398' title='bbox 469 2280 523 2317; x_wconf 93' lang='lat' dir='ltr'><strong>non</strong></span> <span class='ocrx_word' id='word_1_399' title='bbox 535 2271 638 2318; x_wconf 89' lang='lat' dir='ltr'><strong>tantum</strong></span> <span class='ocrx_word' id='word_1_400' title='bbox 657 2267 773 2320; x_wconf 83' lang='lat' dir='ltr'><strong>scienter</strong></span> <span class='ocrx_word' id='word_1_401' title='bbox 785 2276 919 2335; x_wconf 73' lang='lat' dir='ltr'><strong>errantum·</strong></span> <span class='ocrx_word' id='word_1_402' title='bbox 1004 2261 1104 2317; x_wconf 87' lang='lat' dir='ltr'><strong>Sedari</strong></span> <span class='ocrx_word' id='word_1_403' title='bbox 1118 2263 1296 2321; x_wconf 78' lang='lat' dir='ltr'><strong>confutandas</strong></span> <span class='ocrx_word' id='word_1_404' title='bbox 1306 2267 1415 2336; x_wconf 89' lang='lat' dir='ltr'><strong>penitus</strong></span> <span class='ocrx_word' id='word_1_405' title='bbox 1427 2265 1643 2319; x_wconf 81' lang='lat' dir='ltr'><strong>adversariomrn</strong></span> <span class='ocrx_word' id='word_1_406' title='bbox 1654 2262 1759 2317; x_wconf 88' lang='lat' dir='ltr'><strong>calum-</strong></span> 
     </span>
     <span class='ocr_line' id='line_1_30' title="bbox 121 2331 1760 2403; baseline -0.001 -14"><span class='ocrx_word' id='word_1_407' title='bbox 121 2334 130 2389; x_wconf 92' lang='lat' dir='ltr'><strong>i</strong></span> <span class='ocrx_word' id='word_1_408' title='bbox 188 2343 279 2389; x_wconf 85' lang='lat' dir='ltr'><strong>ranter</strong></span> <span class='ocrx_word' id='word_1_409' title='bbox 300 2333 394 2388; x_wconf 90' lang='lat' dir='ltr'><strong>eodem</strong></span> <span class='ocrx_word' id='word_1_410' title='bbox 417 2332 488 2386; x_wconf 89' lang='lat' dir='ltr'><strong>iacto</strong></span> <span class='ocrx_word' id='word_1_411' title='bbox 507 2348 521 2386; x_wconf 87' lang='lat' dir='ltr'><strong>a</strong></span> <span class='ocrx_word' id='word_1_412' title='bbox 541 2343 616 2388; x_wconf 89' lang='lat' dir='ltr'><strong>roeto</strong></span> <span class='ocrx_word' id='word_1_413' title='bbox 629 2336 737 2389; x_wconf 85' lang='lat' dir='ltr'><strong>tramite</strong></span> <span class='ocrx_word' id='word_1_414' title='bbox 756 2336 913 2390; x_wconf 83' lang='lat' dir='ltr'><strong>deviaverit.</strong></span> <span class='ocrx_word' id='word_1_415' title='bbox 966 2331 1035 2394; x_wconf 89' lang='lat' dir='ltr'><strong>nias,</strong></span> <span class='ocrx_word' id='word_1_416' title='bbox 1051 2332 1077 2384; x_wconf 82' lang='lat' dir='ltr'><strong>itt</strong></span> <span class='ocrx_word' id='word_1_417' title='bbox 1091 2347 1171 2401; x_wconf 80' lang='lat' dir='ltr'><strong>quem</strong></span> <span class='ocrx_word' id='word_1_418' title='bbox 1186 2349 1294 2390; x_wconf 89' lang='lat' dir='ltr'><strong>sensum</strong></span> <span class='ocrx_word' id='word_1_419' title='bbox 1306 2336 1376 2391; x_wconf 85' lang='lat' dir='ltr'><strong>uicta</strong></span> <span class='ocrx_word' id='word_1_420' title='bbox 1396 2336 1454 2388; x_wconf 83' lang='lat' dir='ltr'><strong>aS.</strong></span> <span class='ocrx_word' id='word_1_421' title='bbox 1473 2334 1607 2403; x_wconf 85' lang='lat' dir='ltr'><strong>Gregorio</strong></span> <span class='ocrx_word' id='word_1_422' title='bbox 1624 2331 1760 2386; x_wconf 79' lang='lat' dir='ltr'><strong>Adrianus</strong></span> 
     </span>
     <span class='ocr_line' id='line_1_31' title="bbox 120 2350 1762 2473; baseline -0.002 -14"><span class='ocrx_word' id='word_1_423' title='bbox 120 2350 187 2461; x_wconf 43' lang='lat' dir='ltr'><strong>igit?</strong></span> <span class='ocrx_word' id='word_1_424' title='bbox 201 2404 273 2458; x_wconf 86' lang='lat' dir='ltr'><strong>enirn</strong></span> <span class='ocrx_word' id='word_1_425' title='bbox 295 2404 323 2457; x_wconf 91' lang='lat' dir='ltr'><strong>in</strong></span> <span class='ocrx_word' id='word_1_426' title='bbox 343 2403 517 2458; x_wconf 78' lang='lat' dir='ltr'><strong>cormiusioae</strong></span> <span class='ocrx_word' id='word_1_427' title='bbox 546 2402 726 2472; x_wconf 77' lang='lat' dir='ltr'><strong>obieeiooum</strong></span> <span class='ocrx_word' id='word_1_428' title='bbox 747 2420 856 2460; x_wconf 89' lang='lat' dir='ltr'><strong>suarum</strong></span> <span class='ocrx_word' id='word_1_429' title='bbox 877 2420 917 2460; x_wconf 88' lang='lat' dir='ltr'><strong>re·</strong></span> <span class='ocrx_word' id='word_1_430' title='bbox 966 2402 1112 2469; x_wconf 85' lang='lat' dir='ltr'><strong>acceperit,</strong></span> <span class='ocrx_word' id='word_1_431' title='bbox 1136 2411 1162 2456; x_wconf 89' lang='lat' dir='ltr'><strong>et</strong></span> <span class='ocrx_word' id='word_1_432' title='bbox 1182 2405 1310 2473; x_wconf 84' lang='lat' dir='ltr'><strong>quidnam</strong></span> <span class='ocrx_word' id='word_1_433' title='bbox 1334 2405 1460 2468; x_wconf 79' lang='lat' dir='ltr'><strong>(landus,</strong></span> <span class='ocrx_word' id='word_1_434' title='bbox 1488 2405 1586 2472; x_wconf 83' lang='lat' dir='ltr'><strong>orridre</strong></span> <span class='ocrx_word' id='word_1_435' title='bbox 1608 2402 1642 2455; x_wconf 94' lang='lat' dir='ltr'><strong>de</strong></span> <span class='ocrx_word' id='word_1_436' title='bbox 1665 2404 1762 2456; x_wconf 79' lang='lat' dir='ltr'><strong>cortem</strong></span> 
     </span>
     <span class='ocr_line' id='line_1_32' title="bbox 121 2470 1762 2545; baseline -0.002 -17"><span class='ocrx_word' id='word_1_437' title='bbox 121 2474 249 2529; x_wconf 84' lang='lat' dir='ltr'><strong>tinaculis</strong></span> <span class='ocrx_word' id='word_1_438' title='bbox 270 2472 402 2536; x_wconf 81' lang='lat' dir='ltr'><strong>veritatis,</strong></span> <span class='ocrx_word' id='word_1_439' title='bbox 421 2473 493 2527; x_wconf 89' lang='lat' dir='ltr'><strong>beati</strong></span> <span class='ocrx_word' id='word_1_440' title='bbox 514 2473 618 2528; x_wconf 88' lang='lat' dir='ltr'><strong>seilicet</strong></span> <span class='ocrx_word' id='word_1_441' title='bbox 638 2473 760 2543; x_wconf 87' lang='lat' dir='ltr'><strong>Gregorii</strong></span> <span class='ocrx_word' id='word_1_442' title='bbox 783 2475 916 2530; x_wconf 87' lang='lat' dir='ltr'><strong>institutis</strong></span> <span class='ocrx_word' id='word_1_443' title='bbox 966 2470 1040 2524; x_wconf 88' lang='lat' dir='ltr'><strong>cultu</strong></span> <span class='ocrx_word' id='word_1_444' title='bbox 1064 2470 1113 2524; x_wconf 84' lang='grc'><strong>88.</strong></span> <span class='ocrx_word' id='word_1_445' title='bbox 1131 2471 1278 2544; x_wconf 85' lang='lat' dir='ltr'><strong>imaginum</strong></span> <span class='ocrx_word' id='word_1_446' title='bbox 1303 2477 1360 2545; x_wconf 88' lang='lat' dir='ltr'><strong>ipse</strong></span> <span class='ocrx_word' id='word_1_447' title='bbox 1378 2476 1448 2530; x_wconf 87' lang='lat' dir='ltr'><strong>idem</strong></span> <span class='ocrx_word' id='word_1_448' title='bbox 1476 2474 1592 2528; x_wconf 84' lang='lat' dir='ltr'><strong>senserit</strong></span> <span class='ocrx_word' id='word_1_449' title='bbox 1610 2470 1762 2536; x_wconf 77' lang='lat' dir='ltr'><strong>nonanus,</strong></span> 
     </span>
     <span class='ocr_line' id='line_1_33' title="bbox 120 2541 1761 2612; baseline -0.004 -13"><span class='ocrx_word' id='word_1_450' title='bbox 120 2545 250 2599; x_wconf 81' lang='lat' dir='ltr'><strong>astrictus</strong></span> <span class='ocrx_word' id='word_1_451' title='bbox 269 2544 321 2597; x_wconf 87' lang='lat' dir='ltr'><strong>iter</strong></span> <span class='ocrx_word' id='word_1_452' title='bbox 340 2543 447 2596; x_wconf 85' lang='lat' dir='ltr'><strong>derium</strong></span> <span class='ocrx_word' id='word_1_453' title='bbox 462 2544 645 2610; x_wconf 79' lang='lat' dir='ltr'><strong>precavisset,</strong></span> <span class='ocrx_word' id='word_1_454' title='bbox 666 2543 695 2595; x_wconf 91' lang='lat' dir='ltr'><strong>in</strong></span> <span class='ocrx_word' id='word_1_455' title='bbox 716 2545 915 2612; x_wconf 75' lang='lat' dir='ltr'><strong>susperstitionis</strong></span> <span class='ocrx_word' id='word_1_456' title='bbox 966 2554 1020 2593; x_wconf 91' lang='lat' dir='ltr'><strong>non</strong></span> <span class='ocrx_word' id='word_1_457' title='bbox 1031 2541 1140 2595; x_wconf 86' lang='lat' dir='ltr'><strong>aliunde</strong></span> <span class='ocrx_word' id='word_1_458' title='bbox 1152 2545 1253 2599; x_wconf 88' lang='lat' dir='ltr'><strong>certius</strong></span> <span class='ocrx_word' id='word_1_459' title='bbox 1286 2562 1348 2599; x_wconf 74' lang='lat' dir='ltr'><strong>uarro</strong></span> <span class='ocrx_word' id='word_1_460' title='bbox 1370 2561 1402 2600; x_wconf 86' lang='lat' dir='ltr'><strong>ex</strong></span> <span class='ocrx_word' id='word_1_461' title='bbox 1416 2559 1508 2599; x_wconf 79' lang='lat' dir='ltr'><strong>mrum</strong></span> <span class='ocrx_word' id='word_1_462' title='bbox 1528 2543 1636 2612; x_wconf 84' lang='lat' dir='ltr'><strong>scriptis</strong></span> <span class='ocrx_word' id='word_1_463' title='bbox 1649 2541 1675 2594; x_wconf 86' lang='lat' dir='ltr'><strong>id</strong></span> <span class='ocrx_word' id='word_1_464' title='bbox 1691 2541 1761 2596; x_wconf 87' lang='lat' dir='ltr'><strong>acci·</strong></span> 
     </span>
     <span class='ocr_line' id='line_1_34' title="bbox 196 2561 1762 2683; baseline -0.001 -17"><span class='ocrx_word' id='word_1_465' title='bbox 196 2613 300 2682; x_wconf 87' lang='lat' dir='ltr'><strong>ipitium</strong></span> <span class='ocrx_word' id='word_1_466' title='bbox 322 2613 436 2667; x_wconf 83' lang='lat' dir='ltr'><strong>omuino</strong></span> <span class='ocrx_word' id='word_1_467' title='bbox 453 2612 507 2667; x_wconf 91' lang='lat' dir='ltr'><strong>labi</strong></span> <span class='ocrx_word' id='word_1_468' title='bbox 529 2613 697 2671; x_wconf 79' lang='lat' dir='ltr'><strong>potuisset.»</strong></span> <span class='ocrx_word' id='word_1_469' title='bbox 724 2613 789 2668; x_wconf 66' lang='lat' dir='ltr'><strong>llaec</strong></span> <span class='ocrx_word' id='word_1_470' title='bbox 810 2614 861 2682; x_wconf 87' lang='lat' dir='ltr'><strong>ipsi</strong></span> <span class='ocrx_word' id='word_1_471' title='bbox 882 2615 917 2670; x_wconf 91' lang='lat' dir='ltr'><strong>de</strong></span> <span class='ocrx_word' id='word_1_472' title='bbox 965 2624 1031 2678; x_wconf 86' lang='lat' dir='ltr'><strong>pere</strong></span> <span class='ocrx_word' id='word_1_473' title='bbox 1045 2625 1190 2679; x_wconf 87' lang='lat' dir='ltr'><strong>posumus;</strong></span> <span class='ocrx_word' id='word_1_474' title='bbox 1212 2614 1239 2667; x_wconf 90' lang='lat' dir='ltr'><strong>in</strong></span> <span class='ocrx_word' id='word_1_475' title='bbox 1253 2561 1348 2669; x_wconf 49' lang='lat' dir='ltr'><strong>uvtimo</strong></span> <span class='ocrx_word' id='word_1_476' title='bbox 1370 2615 1441 2669; x_wconf 84' lang='lat' dir='ltr'><strong>enim</strong></span> <span class='ocrx_word' id='word_1_477' title='bbox 1466 2612 1623 2683; x_wconf 84' lang='lat' dir='ltr'><strong>capitularis</strong></span> <span class='ocrx_word' id='word_1_478' title='bbox 1644 2609 1704 2665; x_wconf 86' lang='lat' dir='ltr'><strong>libri</strong></span> <span class='ocrx_word' id='word_1_479' title='bbox 1726 2611 1762 2664; x_wconf 87' lang='lat' dir='ltr'><strong>ab</strong></span> 
     </span>
     <span class='ocr_line' id='line_1_35' title="bbox 146 2679 1762 2752; baseline -0.002 -15"><span class='ocrx_word' id='word_1_480' title='bbox 146 2683 252 2737; x_wconf 70' lang='grc' dir='ltr'>ιιιιιιιο.</span> <span class='ocrx_word' id='word_1_481' title='bbox 968 2679 1061 2733; x_wconf 87' lang='lat' dir='ltr'><strong>eodem</strong></span> <span class='ocrx_word' id='word_1_482' title='bbox 1075 2679 1171 2735; x_wconf 87' lang='lat' dir='ltr'><strong>Carolo</strong></span> <span class='ocrx_word' id='word_1_483' title='bbox 1200 2684 1234 2738; x_wconf 90' lang='lat' dir='ltr'><strong>ad</strong></span> <span class='ocrx_word' id='word_1_484' title='bbox 1254 2684 1402 2739; x_wconf 67' lang='lat' dir='ltr'><strong>adrianum</strong></span> <span class='ocrx_word' id='word_1_485' title='bbox 1428 2683 1504 2738; x_wconf 86' lang='lat' dir='ltr'><strong>missi</strong></span> <span class='ocrx_word' id='word_1_486' title='bbox 1523 2682 1641 2752; x_wconf 75' lang='lat' dir='ltr'><strong>captitula</strong></span> <span class='ocrx_word' id='word_1_487' title='bbox 1656 2681 1708 2735; x_wconf 90' lang='lat' dir='ltr'><strong>ista</strong></span> <span class='ocrx_word' id='word_1_488' title='bbox 1723 2681 1762 2733; x_wconf 90' lang='lat' dir='ltr'><strong>le-</strong></span> 
     </span>
     <span class='ocr_line' id='line_1_36' title="bbox 159 2750 1086 2820; baseline -0.008 -13"><span class='ocrx_word' id='word_1_489' title='bbox 159 2752 213 2807; x_wconf 88' lang='lat' dir='ltr'><strong>Sed</strong></span> <span class='ocrx_word' id='word_1_490' title='bbox 231 2767 312 2820; x_wconf 79' lang='lat' dir='ltr'><strong>quam</strong></span> <span class='ocrx_word' id='word_1_491' title='bbox 331 2752 383 2807; x_wconf 90' lang='lat' dir='ltr'><strong>ista</strong></span> <span class='ocrx_word' id='word_1_492' title='bbox 401 2750 606 2806; x_wconf 83' lang='lat' dir='ltr'><strong>mendacissima</strong></span> <span class='ocrx_word' id='word_1_493' title='bbox 624 2752 688 2816; x_wconf 92' lang='lat' dir='ltr'><strong>sint,</strong></span> <span class='ocrx_word' id='word_1_494' title='bbox 710 2760 739 2804; x_wconf 91' lang='lat' dir='ltr'><strong>tu</strong></span> <span class='ocrx_word' id='word_1_495' title='bbox 757 2751 814 2819; x_wconf 85' lang='lat' dir='ltr'><strong>ipse</strong></span> <span class='ocrx_word' id='word_1_496' title='bbox 832 2752 922 2808; x_wconf 79' lang='lat' dir='ltr'><strong>laetor</strong></span> <span class='ocrx_word' id='word_1_497' title='bbox 967 2757 1086 2818; x_wconf 82' lang='lat' dir='ltr'><strong>guntur;</strong></span> 
     </span>
     <span class='ocr_line' id='line_1_37' title="bbox 122 2817 1758 2891; baseline -0.004 -15"><span class='ocrx_word' id='word_1_498' title='bbox 122 2819 259 2891; x_wconf 80' lang='lat' dir='ltr'><strong>(quisquis</strong></span> <span class='ocrx_word' id='word_1_499' title='bbox 270 2836 367 2886; x_wconf 64' lang='lat' dir='ltr'><strong>osnes</strong></span> <span class='ocrx_word' id='word_1_500' title='bbox 381 2823 535 2876; x_wconf 77' lang='lat' dir='ltr'><strong>hereticum</strong></span> <span class='ocrx_word' id='word_1_501' title='bbox 547 2821 655 2889; x_wconf 86' lang='lat' dir='ltr'><strong>quidem</strong></span> <span class='ocrx_word' id='word_1_502' title='bbox 667 2821 794 2890; x_wconf 79' lang='lat' dir='ltr'><strong>excipio),</strong></span> <span class='ocrx_word' id='word_1_503' title='bbox 803 2838 869 2876; x_wconf 82' lang='lat' dir='ltr'><strong>eum</strong></span> <span class='ocrx_word' id='word_1_504' title='bbox 878 2824 919 2878; x_wconf 90' lang='lat' dir='ltr'><strong>le-</strong></span> <span class='ocrx_word' id='word_1_505' title='bbox 1002 2817 1111 2875; x_wconf 73' lang='lat' dir='ltr'><strong>XXXV.</strong></span> <span class='ocrx_word' id='word_1_506' title='bbox 1129 2820 1195 2887; x_wconf 77' lang='lat' dir='ltr'><strong>Qua</strong></span> <span class='ocrx_word' id='word_1_507' title='bbox 1204 2824 1331 2877; x_wconf 66' lang='lat' dir='ltr'><strong>warentia</strong></span> <span class='ocrx_word' id='word_1_508' title='bbox 1343 2822 1432 2877; x_wconf 82' lang='lat' dir='ltr'><strong>Goroii</strong></span> <span class='ocrx_word' id='word_1_509' title='bbox 1446 2822 1574 2876; x_wconf 77' lang='lat' dir='ltr'><strong>desuerit</strong></span> <span class='ocrx_word' id='word_1_510' title='bbox 1590 2819 1758 2890; x_wconf 75' lang='lat' dir='ltr'><strong>imaginibus.</strong></span> 
     </span>
     <span class='ocr_line' id='line_1_38' title="bbox 121 2886 1760 2962; baseline -0.002 -17"><span class='ocrx_word' id='word_1_511' title='bbox 121 2892 195 2959; x_wconf 82' lang='lat' dir='ltr'><strong>geris</strong></span> <span class='ocrx_word' id='word_1_512' title='bbox 218 2907 279 2960; x_wconf 79' lang='lat' dir='ltr'><strong>quc</strong></span> <span class='ocrx_word' id='word_1_513' title='bbox 303 2891 438 2945; x_wconf 69' lang='lat' dir='ltr'><strong>Adrianus</strong></span> <span class='ocrx_word' id='word_1_514' title='bbox 461 2891 542 2945; x_wconf 88' lang='lat' dir='ltr'><strong>babet</strong></span> <span class='ocrx_word' id='word_1_515' title='bbox 565 2892 592 2945; x_wconf 91' lang='lat' dir='ltr'><strong>iu</strong></span> <span class='ocrx_word' id='word_1_516' title='bbox 615 2891 668 2945; x_wconf 85' lang='lat' dir='ltr'><strong>fine</strong></span> <span class='ocrx_word' id='word_1_517' title='bbox 688 2891 768 2946; x_wconf 74' lang='lat' dir='ltr'><strong>dictae</strong></span> <span class='ocrx_word' id='word_1_518' title='bbox 795 2893 916 2961; x_wconf 72' lang='lat' dir='ltr'><strong>epistolae</strong></span> <span class='ocrx_word' id='word_1_519' title='bbox 966 2886 1100 2942; x_wconf 68' lang='lat' dir='ltr'><strong>maanus</strong></span> <span class='ocrx_word' id='word_1_520' title='bbox 1122 2889 1152 2946; x_wconf 92' lang='grc'><strong>8.</strong></span> <span class='ocrx_word' id='word_1_521' title='bbox 1167 2891 1286 2962; x_wconf 83' lang='lat' dir='ltr'><strong>Gregorii</strong></span> <span class='ocrx_word' id='word_1_522' title='bbox 1306 2894 1448 2946; x_wconf 77' lang='lat' dir='ltr'><strong>seritentinr</strong></span> <span class='ocrx_word' id='word_1_523' title='bbox 1470 2891 1600 2960; x_wconf 80' lang='lat' dir='ltr'><strong>expendit.</strong></span> <span class='ocrx_word' id='word_1_524' title='bbox 1613 2907 1672 2939; x_wconf 88' lang='grc' dir='ltr'><strong>-ι</strong></span> <span class='ocrx_word' id='word_1_525' title='bbox 1689 2888 1760 2943; x_wconf 84' lang='lat' dir='ltr'><strong>Uiti-</strong></span> 
     </span>
     <span class='ocr_line' id='line_1_39' title="bbox 122 2959 1764 3030; baseline -0.004 -14"><span class='ocrx_word' id='word_1_526' title='bbox 122 2962 305 3029; x_wconf 77' lang='lat' dir='ltr'><strong>apulogeticae,</strong></span> <span class='ocrx_word' id='word_1_527' title='bbox 319 2961 385 3016; x_wconf 86' lang='lat' dir='ltr'><strong>satis</strong></span> <span class='ocrx_word' id='word_1_528' title='bbox 398 2960 531 3030; x_wconf 75' lang='lat' dir='ltr'><strong>butelliges</strong></span> <span class='ocrx_word' id='word_1_529' title='bbox 544 2978 549 3013; x_wconf 94' lang='lat'>:</span> <span class='ocrx_word' id='word_1_530' title='bbox 563 2976 658 3015; x_wconf 74' lang='lat' dir='ltr'><strong>summ</strong></span> <span class='ocrx_word' id='word_1_531' title='bbox 668 2962 740 3016; x_wconf 89' lang='lat' dir='ltr'><strong>enim</strong></span> <span class='ocrx_word' id='word_1_532' title='bbox 750 2976 781 3016; x_wconf 89' lang='lat' dir='ltr'><strong>ea</strong></span> <span class='ocrx_word' id='word_1_533' title='bbox 792 2964 916 3030; x_wconf 73' lang='lat' dir='ltr'><strong>proxime</strong></span> <span class='ocrx_word' id='word_1_534' title='bbox 967 2972 1041 3011; x_wconf 89' lang='lat' dir='ltr'><strong>muru</strong></span> <span class='ocrx_word' id='word_1_535' title='bbox 1054 2960 1201 3028; x_wconf 89' lang='lat' dir='ltr'><strong>capitulum</strong></span> <span class='ocrx_word' id='word_1_536' title='bbox 1215 2971 1256 3017; x_wconf 91' lang='lat' dir='ltr'><strong>est</strong></span> <span class='ocrx_word' id='word_1_537' title='bbox 1278 2979 1284 3014; x_wconf 93' lang='lat'>:</span> <span class='ocrx_word' id='word_1_538' title='bbox 1300 2971 1329 3016; x_wconf 95' lang='lat' dir='ltr'><strong>ut</strong></span> <span class='ocrx_word' id='word_1_539' title='bbox 1344 2964 1412 3016; x_wconf 85' lang='lat' dir='ltr'><strong>sciat</strong></span> <span class='ocrx_word' id='word_1_540' title='bbox 1426 2964 1539 3016; x_wconf 86' lang='lat' dir='ltr'><strong>domnus</strong></span> <span class='ocrx_word' id='word_1_541' title='bbox 1553 2959 1717 3028; x_wconf 89' lang='lat' dir='ltr'><strong>apostolicus</strong></span> <span class='ocrx_word' id='word_1_542' title='bbox 1735 2965 1764 3011; x_wconf 87' lang='lat' dir='ltr'><strong>et</strong></span> 
     </span>
     <span class='ocr_line' id='line_1_40' title="bbox 122 3025 1762 3128; baseline -0.003 -43"><span class='ocrx_word' id='word_1_543' title='bbox 122 3030 265 3085; x_wconf 81' lang='lat' dir='ltr'><strong>reddituri.</strong></span> <span class='ocrx_word' id='word_1_544' title='bbox 930 3065 953 3128; x_wconf 74' lang='lat' dir='ltr'><strong>c</strong></span> <span class='ocrx_word' id='word_1_545' title='bbox 968 3025 1049 3082; x_wconf 86' lang='lat' dir='ltr'><strong>Pater</strong></span> <span class='ocrx_word' id='word_1_546' title='bbox 1066 3038 1158 3102; x_wconf 87' lang='lat' dir='ltr'><strong>noster</strong></span> <span class='ocrx_word' id='word_1_547' title='bbox 1171 3039 1197 3086; x_wconf 89' lang='lat' dir='ltr'><strong>ct</strong></span> <span class='ocrx_word' id='word_1_548' title='bbox 1217 3040 1313 3086; x_wconf 90' lang='lat' dir='ltr'><strong>cuncta</strong></span> <span class='ocrx_word' id='word_1_549' title='bbox 1328 3032 1408 3086; x_wconf 89' lang='lat' dir='ltr'><strong>simul</strong></span> <span class='ocrx_word' id='word_1_550' title='bbox 1427 3033 1608 3086; x_wconf 77' lang='lat' dir='ltr'><strong>Rornanorum</strong></span> <span class='ocrx_word' id='word_1_551' title='bbox 1623 3027 1762 3092; x_wconf 83' lang='lat' dir='ltr'><strong>Ecclesia,</strong></span> 
     </span>
     <span class='ocr_line' id='line_1_41' title="bbox 158 3097 1765 3171; baseline -0.002 -18"><span class='ocrx_word' id='word_1_552' title='bbox 158 3099 276 3155; x_wconf 79' lang='lat' dir='ltr'><strong>hillilll.</strong></span> <span class='ocrx_word' id='word_1_553' title='bbox 311 3099 483 3155; x_wconf 74' lang='lat' dir='ltr'><strong>Adoeroonter</strong></span> <span class='ocrx_word' id='word_1_554' title='bbox 505 3109 569 3170; x_wconf 77' lang='lat' dir='ltr'><strong>sept.</strong></span> <span class='ocrx_word' id='word_1_555' title='bbox 595 3100 695 3170; x_wconf 73' lang='lat' dir='ltr'><strong>synodo</strong></span> <span class='ocrx_word' id='word_1_556' title='bbox 717 3098 785 3154; x_wconf 81' lang='lat' dir='ltr'><strong>rarle</strong></span> <span class='ocrx_word' id='word_1_557' title='bbox 806 3109 920 3155; x_wconf 74' lang='lat' dir='ltr'><strong>totamm·</strong></span> <span class='ocrx_word' id='word_1_558' title='bbox 941 3099 944 3104; x_wconf 82' lang='grc'><strong>’</strong></span> <span class='ocrx_word' id='word_1_559' title='bbox 968 3104 998 3150; x_wconf 91' lang='lat' dir='ltr'><strong>ut</strong></span> <span class='ocrx_word' id='word_1_560' title='bbox 1020 3101 1167 3154; x_wconf 89' lang='lat' dir='ltr'><strong>secundum</strong></span> <span class='ocrx_word' id='word_1_561' title='bbox 1190 3103 1262 3171; x_wconf 87' lang='lat' dir='ltr'><strong>quod</strong></span> <span class='ocrx_word' id='word_1_562' title='bbox 1285 3103 1407 3156; x_wconf 89' lang='lat' dir='ltr'><strong>continet</strong></span> <span class='ocrx_word' id='word_1_563' title='bbox 1426 3103 1453 3156; x_wconf 92' lang='lat' dir='ltr'><strong>in</strong></span> <span class='ocrx_word' id='word_1_564' title='bbox 1478 3099 1590 3168; x_wconf 87' lang='lat' dir='ltr'><strong>epistola</strong></span> <span class='ocrx_word' id='word_1_565' title='bbox 1614 3097 1765 3152; x_wconf 84' lang='lat' dir='ltr'><strong>beatissimi·</strong></span> 
     </span>
     <span class='ocr_line' id='line_1_42' title="bbox 123 3165 1765 3241; baseline -0.001 -18"><span class='ocrx_word' id='word_1_566' title='bbox 123 3171 281 3223; x_wconf 74' lang='lat' dir='ltr'><strong>auctoritate</strong></span> <span class='ocrx_word' id='word_1_567' title='bbox 297 3169 328 3225; x_wconf 81' lang='lat' dir='ltr'><strong>S.</strong></span> <span class='ocrx_word' id='word_1_568' title='bbox 344 3169 473 3240; x_wconf 80' lang='lat' dir='ltr'><strong>Gregorii.</strong></span> <span class='ocrx_word' id='word_1_569' title='bbox 493 3170 536 3223; x_wconf 76' lang='lat' dir='ltr'><strong>Ee</strong></span> <span class='ocrx_word' id='word_1_570' title='bbox 547 3169 672 3240; x_wconf 80' lang='lat' dir='ltr'><strong>Gregorio</strong></span> <span class='ocrx_word' id='word_1_571' title='bbox 692 3172 819 3241; x_wconf 79' lang='lat' dir='ltr'><strong>probatur</strong></span> <span class='ocrx_word' id='word_1_572' title='bbox 831 3171 918 3226; x_wconf 76' lang='lat' dir='ltr'><strong>collem</strong></span> <span class='ocrx_word' id='word_1_573' title='bbox 967 3165 1100 3237; x_wconf 80' lang='lat' dir='ltr'><strong>Gregorii,</strong></span> <span class='ocrx_word' id='word_1_574' title='bbox 1118 3184 1198 3238; x_wconf 82' lang='lat' dir='ltr'><strong>quam</strong></span> <span class='ocrx_word' id='word_1_575' title='bbox 1209 3174 1243 3227; x_wconf 87' lang='lat' dir='ltr'><strong>ad</strong></span> <span class='ocrx_word' id='word_1_576' title='bbox 1255 3170 1386 3226; x_wconf 90' lang='lat' dir='ltr'><strong>Serenum</strong></span> <span class='ocrx_word' id='word_1_577' title='bbox 1401 3170 1593 3226; x_wconf 78' lang='lat' dir='ltr'><strong>Massiliensem</strong></span> <span class='ocrx_word' id='word_1_578' title='bbox 1608 3167 1765 3236; x_wconf 84' lang='lat' dir='ltr'><strong>episcopum</strong></span> 
     </span>
     <span class='ocr_line' id='line_1_43' title="bbox 123 3237 1766 3312; baseline -0.004 -17"><span class='ocrx_word' id='word_1_579' title='bbox 123 3237 179 3295; x_wconf 88' lang='grc'><strong>88.</strong></span> <span class='ocrx_word' id='word_1_580' title='bbox 195 3239 396 3310; x_wconf 52' lang='grc' dir='ltr'>ιιιιορίιιιιιιιμ-</span> <span class='ocrx_word' id='word_1_581' title='bbox 408 3239 602 3310; x_wconf 86' lang='lat' dir='ltr'><strong>Sedprimum,</strong></span> <span class='ocrx_word' id='word_1_582' title='bbox 623 3255 683 3308; x_wconf 69' lang='lat' dir='ltr'><strong>quau</strong></span> <span class='ocrx_word' id='word_1_583' title='bbox 701 3242 805 3309; x_wconf 90' lang='lat' dir='ltr'><strong>priores</strong></span> <span class='ocrx_word' id='word_1_584' title='bbox 823 3243 921 3295; x_wconf 86' lang='lat' dir='ltr'><strong>adror-</strong></span> <span class='ocrx_word' id='word_1_585' title='bbox 968 3237 1075 3291; x_wconf 76' lang='lat' dir='ltr'><strong>thenit.</strong></span> <span class='ocrx_word' id='word_1_586' title='bbox 1089 3238 1273 3295; x_wconf 80' lang='lat' dir='ltr'><strong>Permittimus</strong></span> <span class='ocrx_word' id='word_1_587' title='bbox 1289 3242 1419 3312; x_wconf 87' lang='lat' dir='ltr'><strong>imagines</strong></span> <span class='ocrx_word' id='word_1_588' title='bbox 1430 3247 1595 3303; x_wconf 82' lang='lat' dir='ltr'><strong>sanctorum,</strong></span> <span class='ocrx_word' id='word_1_589' title='bbox 1609 3237 1766 3307; x_wconf 82' lang='lat' dir='ltr'><strong>quicunque</strong></span> 
     </span>
     <span class='ocr_line' id='line_1_44' title="bbox 123 3307 1766 3378; baseline -0.002 -15"><span class='ocrx_word' id='word_1_590' title='bbox 123 3309 192 3363; x_wconf 79' lang='lat' dir='ltr'><strong>rarii</strong></span> <span class='ocrx_word' id='word_1_591' title='bbox 217 3309 245 3362; x_wconf 90' lang='lat' dir='ltr'><strong>in</strong></span> <span class='ocrx_word' id='word_1_592' title='bbox 266 3307 413 3378; x_wconf 88' lang='lat' dir='ltr'><strong>Gapitulari</strong></span> <span class='ocrx_word' id='word_1_593' title='bbox 446 3310 516 3364; x_wconf 92' lang='lat' dir='ltr'><strong>libro</strong></span> <span class='ocrx_word' id='word_1_594' title='bbox 541 3310 624 3364; x_wconf 86' lang='lat' dir='ltr'><strong>misso</strong></span> <span class='ocrx_word' id='word_1_595' title='bbox 647 3309 761 3364; x_wconf 84' lang='lat' dir='ltr'><strong>Romam</strong></span> <span class='ocrx_word' id='word_1_596' title='bbox 784 3326 798 3364; x_wconf 90' lang='lat' dir='ltr'><strong>a</strong></span> <span class='ocrx_word' id='word_1_597' title='bbox 821 3311 921 3367; x_wconf 83' lang='lat' dir='ltr'><strong>Garoio</strong></span> <span class='ocrx_word' id='word_1_598' title='bbox 968 3321 1014 3361; x_wconf 81' lang='lat' dir='ltr'><strong>eas</strong></span> <span class='ocrx_word' id='word_1_599' title='bbox 1030 3307 1148 3365; x_wconf 78' lang='lat' dir='ltr'><strong>formare</strong></span> <span class='ocrx_word' id='word_1_600' title='bbox 1161 3310 1296 3366; x_wconf 79' lang='lat' dir='ltr'><strong>soluerint</strong></span> <span class='ocrx_word' id='word_1_601' title='bbox 1311 3319 1365 3365; x_wconf 74' lang='lat' dir='ltr'><strong>marr</strong></span> <span class='ocrx_word' id='word_1_602' title='bbox 1381 3313 1408 3365; x_wconf 93' lang='lat' dir='ltr'><strong>iu</strong></span> <span class='ocrx_word' id='word_1_603' title='bbox 1430 3310 1543 3366; x_wconf 86' lang='lat' dir='ltr'><strong>eeclesia</strong></span> <span class='ocrx_word' id='word_1_604' title='bbox 1562 3321 1697 3376; x_wconf 85' lang='lat' dir='ltr'><strong>quamque</strong></span> <span class='ocrx_word' id='word_1_605' title='bbox 1718 3323 1766 3360; x_wconf 77' lang='lat' dir='ltr'><strong>er·</strong></span> 
     </span>
     <span class='ocr_line' id='line_1_45' title="bbox 123 3377 1766 3450; baseline -0.002 -19"><span class='ocrx_word' id='word_1_606' title='bbox 123 3378 157 3433; x_wconf 78' lang='lat' dir='ltr'><strong>ad</strong></span> <span class='ocrx_word' id='word_1_607' title='bbox 170 3378 334 3443; x_wconf 71' lang='lat' dir='ltr'><strong>adrianum,</strong></span> <span class='ocrx_word' id='word_1_608' title='bbox 358 3380 385 3433; x_wconf 91' lang='lat' dir='ltr'><strong>in</strong></span> <span class='ocrx_word' id='word_1_609' title='bbox 399 3381 485 3447; x_wconf 90' lang='lat' dir='ltr'><strong>ipsum</strong></span> <span class='ocrx_word' id='word_1_610' title='bbox 498 3396 532 3434; x_wconf 84' lang='lat' dir='ltr'><strong>ex</strong></span> <span class='ocrx_word' id='word_1_611' title='bbox 545 3379 639 3434; x_wconf 89' lang='lat' dir='ltr'><strong>eodem</strong></span> <span class='ocrx_word' id='word_1_612' title='bbox 659 3380 688 3433; x_wconf 84' lang='lat' dir='ltr'><strong>S.</strong></span> <span class='ocrx_word' id='word_1_613' title='bbox 700 3381 833 3450; x_wconf 86' lang='lat' dir='ltr'><strong>Gregorio</strong></span> <span class='ocrx_word' id='word_1_614' title='bbox 843 3381 922 3450; x_wconf 72' lang='lat' dir='ltr'><strong>obie-</strong></span> <span class='ocrx_word' id='word_1_615' title='bbox 967 3382 1010 3430; x_wconf 79' lang='lat' dir='ltr'><strong>ira</strong></span> <span class='ocrx_word' id='word_1_616' title='bbox 1033 3377 1189 3445; x_wconf 76' lang='lat' dir='ltr'><strong>&#39;ecclesiam</strong></span> <span class='ocrx_word' id='word_1_617' title='bbox 1215 3390 1326 3449; x_wconf 89' lang='lat' dir='ltr'><strong>propter</strong></span> <span class='ocrx_word' id='word_1_618' title='bbox 1352 3396 1473 3435; x_wconf 88' lang='lat' dir='ltr'><strong>amorem</strong></span> <span class='ocrx_word' id='word_1_619' title='bbox 1496 3379 1542 3433; x_wconf 87' lang='lat' dir='ltr'><strong>[lei</strong></span> <span class='ocrx_word' id='word_1_620' title='bbox 1555 3386 1584 3432; x_wconf 88' lang='lat' dir='ltr'><strong>et</strong></span> <span class='ocrx_word' id='word_1_621' title='bbox 1607 3383 1766 3432; x_wconf 86' lang='lat' dir='ltr'><strong>sanctorum</strong></span> 
     </span>
     <span class='ocr_line' id='line_1_46' title="bbox 123 3445 1767 3520; baseline -0.003 -18"><span class='ocrx_word' id='word_1_622' title='bbox 123 3457 220 3502; x_wconf 84' lang='lat' dir='ltr'><strong>oerum</strong></span> <span class='ocrx_word' id='word_1_623' title='bbox 231 3448 360 3504; x_wconf 80' lang='lat' dir='ltr'><strong>adversus</strong></span> <span class='ocrx_word' id='word_1_624' title='bbox 373 3449 458 3516; x_wconf 88' lang='lat' dir='ltr'><strong>ipsam</strong></span> <span class='ocrx_word' id='word_1_625' title='bbox 470 3450 612 3519; x_wconf 86' lang='lat' dir='ltr'><strong>septimam</strong></span> <span class='ocrx_word' id='word_1_626' title='bbox 623 3451 755 3519; x_wconf 81' lang='lat' dir='ltr'><strong>synodum</strong></span> <span class='ocrx_word' id='word_1_627' title='bbox 769 3451 917 3514; x_wconf 80' lang='lat' dir='ltr'><strong>rideamus,</strong></span> <span class='ocrx_word' id='word_1_628' title='bbox 968 3445 1026 3514; x_wconf 82' lang='lat' dir='ltr'><strong>ojus</strong></span> <span class='ocrx_word' id='word_1_629' title='bbox 1039 3464 1046 3499; x_wconf 75' lang='grc' dir='ltr'>ε</span> <span class='ocrx_word' id='word_1_630' title='bbox 1062 3449 1177 3503; x_wconf 88' lang='lat' dir='ltr'><strong>adomre</strong></span> <span class='ocrx_word' id='word_1_631' title='bbox 1189 3465 1253 3504; x_wconf 81' lang='lat' dir='ltr'><strong>vero</strong></span> <span class='ocrx_word' id='word_1_632' title='bbox 1265 3466 1312 3504; x_wconf 87' lang='lat' dir='ltr'><strong>eas</strong></span> <span class='ocrx_word' id='word_1_633' title='bbox 1325 3465 1493 3520; x_wconf 76' lang='lat' dir='ltr'><strong>nequaquam</strong></span> <span class='ocrx_word' id='word_1_634' title='bbox 1507 3449 1640 3517; x_wconf 88' lang='lat' dir='ltr'><strong>cogimus,</strong></span> <span class='ocrx_word' id='word_1_635' title='bbox 1693 3445 1767 3498; x_wconf 87' lang='lat' dir='ltr'><strong>ino-</strong></span> 
     </span>
     <span class='ocr_line' id='line_1_47' title="bbox 123 3515 1762 3589; baseline -0.004 -17"><span class='ocrx_word' id='word_1_636' title='bbox 123 3517 262 3586; x_wconf 77' lang='lat' dir='ltr'><strong>timuloue</strong></span> <span class='ocrx_word' id='word_1_637' title='bbox 285 3526 312 3573; x_wconf 89' lang='lat' dir='ltr'><strong>et</strong></span> <span class='ocrx_word' id='word_1_638' title='bbox 330 3519 466 3588; x_wconf 83' lang='lat' dir='ltr'><strong>quomodo</strong></span> <span class='ocrx_word' id='word_1_639' title='bbox 484 3519 592 3574; x_wconf 86' lang='lat' dir='ltr'><strong>eosdem</strong></span> <span class='ocrx_word' id='word_1_640' title='bbox 613 3520 686 3589; x_wconf 89' lang='lat' dir='ltr'><strong>ipsos</strong></span> <span class='ocrx_word' id='word_1_641' title='bbox 703 3518 839 3574; x_wconf 74' lang='lat' dir='ltr'><strong>Adrianus</strong></span> <span class='ocrx_word' id='word_1_642' title='bbox 855 3536 920 3574; x_wconf 86' lang='lat' dir='ltr'><strong>con-</strong></span> <span class='ocrx_word' id='word_1_643' title='bbox 968 3515 1077 3569; x_wconf 84' lang='lat' dir='ltr'><strong>luerint.</strong></span> <span class='ocrx_word' id='word_1_644' title='bbox 1091 3518 1229 3588; x_wconf 82' lang='lat' dir='ltr'><strong>Frangere</strong></span> <span class='ocrx_word' id='word_1_645' title='bbox 1247 3519 1289 3574; x_wconf 82' lang='lat' dir='ltr'><strong>rei</strong></span> <span class='ocrx_word' id='word_1_646' title='bbox 1305 3523 1443 3574; x_wconf 85' lang='lat' dir='ltr'><strong>destruere</strong></span> <span class='ocrx_word' id='word_1_647' title='bbox 1464 3533 1510 3574; x_wconf 90' lang='lat' dir='ltr'><strong>eas</strong></span> <span class='ocrx_word' id='word_1_648' title='bbox 1523 3519 1544 3571; x_wconf 89' lang='lat' dir='ltr'><strong>si</strong></span> <span class='ocrx_word' id='word_1_649' title='bbox 1559 3517 1619 3586; x_wconf 84' lang='lat' dir='ltr'><strong>quis</strong></span> <span class='ocrx_word' id='word_1_650' title='bbox 1637 3530 1669 3569; x_wconf 88' lang='lat' dir='ltr'><strong>ro</strong></span> <span class='ocrx_word' id='word_1_651' title='bbox 1681 3515 1762 3578; x_wconf 89' lang='lat' dir='ltr'><strong>uerit,</strong></span> 
     </span>
     <span class='ocr_line' id='line_1_48' title="bbox 124 3582 1762 3670; baseline -0.004 -28"><span class='ocrx_word' id='word_1_652' title='bbox 124 3587 194 3642; x_wconf 76' lang='lat' dir='ltr'><strong>natet</strong></span> <span class='ocrx_word' id='word_1_653' title='bbox 204 3586 385 3651; x_wconf 79' lang='lat' dir='ltr'><strong>attendamus,</strong></span> <span class='ocrx_word' id='word_1_654' title='bbox 399 3597 429 3642; x_wconf 87' lang='lat' dir='ltr'><strong>ut</strong></span> <span class='ocrx_word' id='word_1_655' title='bbox 441 3588 546 3644; x_wconf 77' lang='lat' dir='ltr'><strong>facilior</strong></span> <span class='ocrx_word' id='word_1_656' title='bbox 559 3590 595 3642; x_wconf 82' lang='lat' dir='ltr'><strong>sit</strong></span> <span class='ocrx_word' id='word_1_657' title='bbox 609 3590 748 3670; x_wconf 84' lang='lat' dir='ltr'><strong>responsio</strong></span> <span class='ocrx_word' id='word_1_658' title='bbox 763 3589 800 3643; x_wconf 86' lang='lat' dir='ltr'><strong>ad</strong></span> <span class='ocrx_word' id='word_1_659' title='bbox 814 3605 849 3645; x_wconf 86' lang='lat' dir='ltr'><strong>ea</strong></span> <span class='ocrx_word' id='word_1_660' title='bbox 859 3605 921 3658; x_wconf 78' lang='lat' dir='ltr'><strong>orire</strong></span> <span class='ocrx_word' id='word_1_661' title='bbox 968 3599 1022 3647; x_wconf 85' lang='lat' dir='ltr'><strong>non</strong></span> <span class='ocrx_word' id='word_1_662' title='bbox 1037 3587 1228 3654; x_wconf 88' lang='lat' dir='ltr'><strong>permittimus.</strong></span> <span class='ocrx_word' id='word_1_663' title='bbox 1250 3589 1359 3657; x_wconf 77' lang='lat' dir='ltr'><strong>Elauia</strong></span> <span class='ocrx_word' id='word_1_664' title='bbox 1379 3605 1489 3644; x_wconf 89' lang='lat' dir='ltr'><strong>sonsum</strong></span> <span class='ocrx_word' id='word_1_665' title='bbox 1511 3585 1672 3642; x_wconf 84' lang='lat' dir='ltr'><strong>sanctissimi</strong></span> <span class='ocrx_word' id='word_1_666' title='bbox 1692 3582 1762 3637; x_wconf 91' lang='lat' dir='ltr'><strong>Gre-</strong></span> 
     </span>
     <span class='ocr_line' id='line_1_49' title="bbox 125 3653 1766 3727; baseline -0.002 -19"><span class='ocrx_word' id='word_1_667' title='bbox 125 3657 175 3711; x_wconf 76' lang='lat' dir='ltr'><strong>alii</strong></span> <span class='ocrx_word' id='word_1_668' title='bbox 277 3659 396 3712; x_wconf 81' lang='lat' dir='ltr'><strong>diximus</strong></span> <span class='ocrx_word' id='word_1_669' title='bbox 411 3667 473 3727; x_wconf 84' lang='lat' dir='ltr'><strong>post</strong></span> <span class='ocrx_word' id='word_1_670' title='bbox 490 3661 594 3714; x_wconf 73' lang='lat' dir='ltr'><strong>olibam</strong></span> <span class='ocrx_word' id='word_1_671' title='bbox 620 3660 777 3727; x_wconf 69' lang='lat' dir='ltr'><strong>aligerorum</strong></span> <span class='ocrx_word' id='word_1_672' title='bbox 795 3675 828 3714; x_wconf 79' lang='lat' dir='ltr'><strong>nx</strong></span> <span class='ocrx_word' id='word_1_673' title='bbox 848 3660 920 3714; x_wconf 84' lang='lat' dir='ltr'><strong>dicta</strong></span> <span class='ocrx_word' id='word_1_674' title='bbox 969 3655 1037 3722; x_wconf 87' lang='lat' dir='ltr'><strong>gorii</strong></span> <span class='ocrx_word' id='word_1_675' title='bbox 1053 3657 1129 3724; x_wconf 82' lang='lat' dir='ltr'><strong>sequi</strong></span> <span class='ocrx_word' id='word_1_676' title='bbox 1152 3657 1179 3710; x_wconf 92' lang='lat' dir='ltr'><strong>iu</strong></span> <span class='ocrx_word' id='word_1_677' title='bbox 1196 3659 1247 3712; x_wconf 88' lang='lat' dir='ltr'><strong>hac</strong></span> <span class='ocrx_word' id='word_1_678' title='bbox 1264 3659 1386 3727; x_wconf 71' lang='lat' dir='ltr'><strong>epistile,</strong></span> <span class='ocrx_word' id='word_1_679' title='bbox 1404 3657 1581 3712; x_wconf 78' lang='lat' dir='ltr'><strong>uniuersalem</strong></span> <span class='ocrx_word' id='word_1_680' title='bbox 1602 3653 1766 3710; x_wconf 84' lang='lat' dir='ltr'><strong>catholicam</strong></span> 
     </span>
     <span class='ocr_line' id='line_1_50' title="bbox 124 3723 1764 3798; baseline -0.004 -17"><span class='ocrx_word' id='word_1_681' title='bbox 124 3741 174 3797; x_wconf 78' lang='lat' dir='ltr'><strong>tyn</strong></span> <span class='ocrx_word' id='word_1_682' title='bbox 241 3726 400 3783; x_wconf 80' lang='lat' dir='ltr'><strong>Parisiensi:</strong></span> <span class='ocrx_word' id='word_1_683' title='bbox 416 3728 466 3797; x_wconf 90' lang='lat' dir='ltr'><strong>ipsi</strong></span> <span class='ocrx_word' id='word_1_684' title='bbox 477 3730 548 3784; x_wconf 89' lang='lat' dir='ltr'><strong>enim</strong></span> <span class='ocrx_word' id='word_1_685' title='bbox 560 3744 596 3784; x_wconf 73' lang='lat' dir='ltr'><strong>ee</strong></span> <span class='ocrx_word' id='word_1_686' title='bbox 607 3737 739 3798; x_wconf 82' lang='lat' dir='ltr'><strong>praetextu</strong></span> <span class='ocrx_word' id='word_1_687' title='bbox 750 3729 923 3798; x_wconf 83' lang='lat' dir='ltr'><strong>potissimum</strong></span> <span class='ocrx_word' id='word_1_688' title='bbox 969 3723 1117 3779; x_wconf 83' lang='lat' dir='ltr'><strong>Ecclesiam</strong></span> <span class='ocrx_word' id='word_1_689' title='bbox 1131 3726 1186 3780; x_wconf 85' lang='lat' dir='ltr'><strong>beo</strong></span> <span class='ocrx_word' id='word_1_690' title='bbox 1199 3728 1334 3796; x_wconf 89' lang='lat' dir='ltr'><strong>placitam,</strong></span> <span class='ocrx_word' id='word_1_691' title='bbox 1350 3729 1531 3783; x_wconf 85' lang='lat' dir='ltr'><strong>indubitanter</strong></span> <span class='ocrx_word' id='word_1_692' title='bbox 1549 3726 1632 3778; x_wconf 86' lang='lat' dir='ltr'><strong>libere</strong></span> <span class='ocrx_word' id='word_1_693' title='bbox 1653 3723 1764 3791; x_wconf 89' lang='lat' dir='ltr'><strong>prolite-</strong></span> 
     </span>
     <span class='ocr_line' id='line_1_51' title="bbox 126 3792 1762 3870; baseline -0.005 -20"><span class='ocrx_word' id='word_1_694' title='bbox 126 3797 247 3866; x_wconf 80' lang='lat' dir='ltr'><strong>aggnessi</strong></span> <span class='ocrx_word' id='word_1_695' title='bbox 259 3805 322 3853; x_wconf 86' lang='lat' dir='ltr'><strong>srurt</strong></span> <span class='ocrx_word' id='word_1_696' title='bbox 334 3799 493 3868; x_wconf 79' lang='lat' dir='ltr'><strong>impugnare</strong></span> <span class='ocrx_word' id='word_1_697' title='bbox 512 3798 648 3854; x_wconf 76' lang='lat' dir='ltr'><strong>Numnam</strong></span> <span class='ocrx_word' id='word_1_698' title='bbox 661 3801 836 3868; x_wconf 88' lang='lat' dir='ltr'><strong>posteriorem</strong></span> <span class='ocrx_word' id='word_1_699' title='bbox 856 3813 923 3870; x_wconf 71' lang='lat' dir='ltr'><strong>syn-</strong></span> <span class='ocrx_word' id='word_1_700' title='bbox 969 3809 1068 3848; x_wconf 76' lang='lat' dir='ltr'><strong>mur.»</strong></span> <span class='ocrx_word' id='word_1_701' title='bbox 1095 3794 1231 3852; x_wconf 90' lang='lat' dir='ltr'><strong>llactenus</strong></span> <span class='ocrx_word' id='word_1_702' title='bbox 1257 3798 1382 3852; x_wconf 91' lang='lat' dir='ltr'><strong>ultimum</strong></span> <span class='ocrx_word' id='word_1_703' title='bbox 1406 3797 1464 3865; x_wconf 85' lang='lat' dir='ltr'><strong>ejus</strong></span> <span class='ocrx_word' id='word_1_704' title='bbox 1487 3795 1570 3850; x_wconf 83' lang='lat' dir='ltr'><strong>libelli</strong></span> <span class='ocrx_word' id='word_1_705' title='bbox 1594 3792 1762 3862; x_wconf 87' lang='lat' dir='ltr'><strong>capitulum,</strong></span> 
     </span>
     <span class='ocr_line' id='line_1_52' title="bbox 126 3864 1763 3938; baseline -0.005 -15"><span class='ocrx_word' id='word_1_706' title='bbox 126 3866 221 3931; x_wconf 77' lang='grc' dir='ltr'>οιιιιιιι,</span> <span class='ocrx_word' id='word_1_707' title='bbox 231 3867 306 3936; x_wconf 74' lang='lat' dir='ltr'><strong>prod</strong></span> <span class='ocrx_word' id='word_1_708' title='bbox 315 3867 437 3922; x_wconf 84' lang='lat' dir='ltr'><strong>dicerem</strong></span> <span class='ocrx_word' id='word_1_709' title='bbox 451 3883 510 3923; x_wconf 89' lang='lat' dir='ltr'><strong>eam</strong></span> <span class='ocrx_word' id='word_1_710' title='bbox 523 3886 584 3924; x_wconf 86' lang='lat' dir='ltr'><strong>esse</strong></span> <span class='ocrx_word' id='word_1_711' title='bbox 594 3878 688 3923; x_wconf 87' lang='lat' dir='ltr'><strong>contra</strong></span> <span class='ocrx_word' id='word_1_712' title='bbox 700 3869 923 3924; x_wconf 85' lang='lat' dir='ltr'><strong>doctrinamsan-</strong></span> <span class='ocrx_word' id='word_1_713' title='bbox 969 3865 1043 3933; x_wconf 78' lang='lat' dir='ltr'><strong>quod</strong></span> <span class='ocrx_word' id='word_1_714' title='bbox 1053 3881 1134 3919; x_wconf 90' lang='lat' dir='ltr'><strong>unum</strong></span> <span class='ocrx_word' id='word_1_715' title='bbox 1147 3882 1206 3922; x_wconf 87' lang='lat' dir='ltr'><strong>esse</strong></span> <span class='ocrx_word' id='word_1_716' title='bbox 1221 3867 1309 3923; x_wconf 88' lang='lat' dir='ltr'><strong>Caroli</strong></span> <span class='ocrx_word' id='word_1_717' title='bbox 1322 3867 1419 3938; x_wconf 80' lang='lat' dir='ltr'><strong>lingui,</strong></span> <span class='ocrx_word' id='word_1_718' title='bbox 1437 3866 1540 3934; x_wconf 88' lang='lat' dir='ltr'><strong>reliqua</strong></span> <span class='ocrx_word' id='word_1_719' title='bbox 1554 3879 1619 3920; x_wconf 73' lang='lat' dir='ltr'><strong>sero</strong></span> <span class='ocrx_word' id='word_1_720' title='bbox 1634 3864 1763 3917; x_wconf 84' lang='lat' dir='ltr'><strong>adversa-</strong></span> 
     </span>
     <span class='ocr_line' id='line_1_53' title="bbox 126 3932 1767 4009; baseline -0.003 -18"><span class='ocrx_word' id='word_1_721' title='bbox 126 3936 245 3993; x_wconf 79' lang='lat' dir='ltr'><strong>otissinri</strong></span> <span class='ocrx_word' id='word_1_722' title='bbox 260 3951 337 4006; x_wconf 78' lang='lat' dir='ltr'><strong>papae</strong></span> <span class='ocrx_word' id='word_1_723' title='bbox 348 3936 481 4007; x_wconf 87' lang='lat' dir='ltr'><strong>Gregorii,</strong></span> <span class='ocrx_word' id='word_1_724' title='bbox 500 3941 544 3993; x_wconf 87' lang='lat' dir='ltr'><strong>rui</strong></span> <span class='ocrx_word' id='word_1_725' title='bbox 562 3954 591 3993; x_wconf 89' lang='lat' dir='ltr'><strong>se</strong></span> <span class='ocrx_word' id='word_1_726' title='bbox 613 3948 739 4009; x_wconf 71' lang='lat' dir='ltr'><strong>unquam</strong></span> <span class='ocrx_word' id='word_1_727' title='bbox 759 3939 925 3993; x_wconf 82' lang='lat' dir='ltr'><strong>hrrrrissimae</strong></span> <span class='ocrx_word' id='word_1_728' title='bbox 970 3934 1082 3999; x_wconf 88' lang='lat' dir='ltr'><strong>riorum,</strong></span> <span class='ocrx_word' id='word_1_729' title='bbox 1110 3938 1299 3992; x_wconf 76' lang='lat' dir='ltr'><strong>testificatione</strong></span> <span class='ocrx_word' id='word_1_730' title='bbox 1326 3936 1445 4005; x_wconf 83' lang='lat' dir='ltr'><strong>ejrrsdem</strong></span> <span class='ocrx_word' id='word_1_731' title='bbox 1481 3935 1617 4006; x_wconf 81' lang='lat' dir='ltr'><strong>pontilicis</strong></span> <span class='ocrx_word' id='word_1_732' title='bbox 1651 3932 1767 3987; x_wconf 76' lang='lat' dir='ltr'><strong>horiani·</strong></span> 
     </span>
     <span class='ocr_line' id='line_1_54' title="bbox 125 4007 1417 4078; baseline 0 -17"><span class='ocrx_word' id='word_1_733' title='bbox 125 4007 253 4063; x_wconf 77' lang='lat' dir='ltr'><strong>anetum</strong></span> <span class='ocrx_word' id='word_1_734' title='bbox 284 4007 416 4061; x_wconf 72' lang='lat' dir='ltr'><strong>inhaerere</strong></span> <span class='ocrx_word' id='word_1_735' title='bbox 436 4009 636 4076; x_wconf 78' lang='lat' dir='ltr'><strong>profiterentur,</strong></span> <span class='ocrx_word' id='word_1_736' title='bbox 661 4027 676 4063; x_wconf 88' lang='lat' dir='ltr'><strong>a</strong></span> <span class='ocrx_word' id='word_1_737' title='bbox 702 4024 754 4078; x_wconf 86' lang='lat' dir='ltr'><strong>qua</strong></span> <span class='ocrx_word' id='word_1_738' title='bbox 775 4008 864 4063; x_wconf 84' lang='lat' dir='ltr'><strong>divelli</strong></span> <span class='ocrx_word' id='word_1_739' title='bbox 891 4023 924 4063; x_wconf 88' lang='lat' dir='ltr'><strong>se</strong></span> <span class='ocrx_word' id='word_1_740' title='bbox 970 4013 1093 4074; x_wconf 81' lang='lat' dir='ltr'><strong>apparet,</strong></span> <span class='ocrx_word' id='word_1_741' title='bbox 1112 4007 1284 4062; x_wconf 83' lang='lat' dir='ltr'><strong>ubiaitmnx</strong></span> <span class='ocrx_word' id='word_1_742' title='bbox 1299 4009 1417 4062; x_wconf 87' lang='lat' dir='ltr'><strong>subdens</strong></span> 
     </span>
     <span class='ocr_line' id='line_1_55' title="bbox 125 4071 1768 4147; baseline -0.005 -16"><span class='ocrx_word' id='word_1_743' title='bbox 125 4076 200 4131; x_wconf 80' lang='grc' dir='ltr'>ιιιιιο</span> <span class='ocrx_word' id='word_1_744' title='bbox 213 4076 292 4131; x_wconf 56' lang='lat' dir='ltr'><strong>mo&amp;</strong></span> <span class='ocrx_word' id='word_1_745' title='bbox 305 4091 384 4144; x_wconf 82' lang='lat' dir='ltr'><strong>posse</strong></span> <span class='ocrx_word' id='word_1_746' title='bbox 393 4077 536 4147; x_wconf 72' lang='lat' dir='ltr'><strong>jactarent.</strong></span> <span class='ocrx_word' id='word_1_747' title='bbox 549 4080 644 4133; x_wconf 81' lang='lat' dir='ltr'><strong>Exstat</strong></span> <span class='ocrx_word' id='word_1_748' title='bbox 656 4080 727 4134; x_wconf 90' lang='lat' dir='ltr'><strong>enim</strong></span> <span class='ocrx_word' id='word_1_749' title='bbox 740 4080 776 4134; x_wconf 89' lang='lat' dir='ltr'><strong>ihi</strong></span> <span class='ocrx_word' id='word_1_750' title='bbox 789 4076 924 4147; x_wconf 81' lang='lat' dir='ltr'><strong>eiusmodi·</strong></span> <span class='ocrx_word' id='word_1_751' title='bbox 1009 4092 1019 4123; x_wconf 84' lang='grc' dir='ltr'><strong>ι</strong></span> <span class='ocrx_word' id='word_1_752' title='bbox 1037 4075 1093 4128; x_wconf 81' lang='lat' dir='ltr'><strong>lion</strong></span> <span class='ocrx_word' id='word_1_753' title='bbox 1116 4091 1227 4131; x_wconf 74' lang='lat' dir='ltr'><strong>satorum-</strong></span> <span class='ocrx_word' id='word_1_754' title='bbox 1245 4086 1273 4132; x_wconf 86' lang='lat' dir='ltr'><strong>rt</strong></span> <span class='ocrx_word' id='word_1_755' title='bbox 1287 4079 1468 4133; x_wconf 80' lang='lat' dir='ltr'><strong>reiterandum</strong></span> <span class='ocrx_word' id='word_1_756' title='bbox 1484 4074 1629 4146; x_wconf 87' lang='lat' dir='ltr'><strong>capitulum</strong></span> <span class='ocrx_word' id='word_1_757' title='bbox 1649 4071 1768 4126; x_wconf 87' lang='lat' dir='ltr'><strong>muitum</strong></span> 
     </span>
     <span class='ocr_line' id='line_1_56' title="bbox 126 4144 1768 4237; baseline -0.005 -35"><span class='ocrx_word' id='word_1_758' title='bbox 126 4145 284 4202; x_wconf 70' lang='lat' dir='ltr'><strong>milam</strong></span> <span class='ocrx_word' id='word_1_759' title='bbox 300 4145 487 4202; x_wconf 75' lang='lat' dir='ltr'><strong>adversarium</strong></span> <span class='ocrx_word' id='word_1_760' title='bbox 500 4167 514 4199; x_wconf 89' lang='lat' dir='ltr'><strong>u</strong></span> <span class='ocrx_word' id='word_1_761' title='bbox 539 4148 572 4204; x_wconf 88' lang='lat' dir='ltr'><strong>ad</strong></span> <span class='ocrx_word' id='word_1_762' title='bbox 592 4149 739 4203; x_wconf 72' lang='lat' dir='ltr'><strong>licilianum</strong></span> <span class='ocrx_word' id='word_1_763' title='bbox 756 4158 855 4237; x_wconf 81' lang='lat' dir='ltr'><strong>scripta</strong></span> <span class='ocrx_word' id='word_1_764' title='bbox 879 4163 922 4203; x_wconf 87' lang='lat' dir='ltr'><strong>re-</strong></span> <span class='ocrx_word' id='word_1_765' title='bbox 971 4144 1083 4199; x_wconf 86' lang='lat' dir='ltr'><strong>distata</strong></span> <span class='ocrx_word' id='word_1_766' title='bbox 1103 4147 1168 4200; x_wconf 85' lang='lat' dir='ltr'><strong>totis</strong></span> <span class='ocrx_word' id='word_1_767' title='bbox 1183 4163 1263 4215; x_wconf 88' lang='lat' dir='ltr'><strong>supra</strong></span> <span class='ocrx_word' id='word_1_768' title='bbox 1280 4149 1358 4202; x_wconf 88' lang='lat' dir='ltr'><strong>dictis</strong></span> <span class='ocrx_word' id='word_1_769' title='bbox 1377 4147 1511 4216; x_wconf 86' lang='lat' dir='ltr'><strong>capitulis.</strong></span> <span class='ocrx_word' id='word_1_770' title='bbox 1531 4147 1563 4199; x_wconf 78' lang='lat' dir='ltr'><strong>n&#39;t</strong></span> <span class='ocrx_word' id='word_1_771' title='bbox 1580 4145 1681 4199; x_wconf 85' lang='lat' dir='ltr'><strong>idcireo</strong></span> <span class='ocrx_word' id='word_1_772' title='bbox 1702 4158 1768 4197; x_wconf 77' lang='lat' dir='ltr'><strong>euna</strong></span> 
     </span>
     <span class='ocr_line' id='line_1_57' title="bbox 127 4216 1767 4298; baseline -0.001 -28"><span class='ocrx_word' id='word_1_773' title='bbox 127 4216 271 4298; x_wconf 77' lang='lat' dir='ltr'><strong>prehensio</strong></span> <span class='ocrx_word' id='word_1_774' title='bbox 284 4217 375 4271; x_wconf 79' lang='lat' dir='ltr'><strong>verbis</strong></span> <span class='ocrx_word' id='word_1_775' title='bbox 392 4217 452 4272; x_wconf 87' lang='lat' dir='ltr'><strong>istis</strong></span> <span class='ocrx_word' id='word_1_776' title='bbox 467 4235 473 4270; x_wconf 92' lang='lat'>:</span> <span class='ocrx_word' id='word_1_777' title='bbox 492 4237 501 4268; x_wconf 87' lang='grc' dir='ltr'><strong>ι</strong></span> <span class='ocrx_word' id='word_1_778' title='bbox 516 4217 593 4285; x_wconf 84' lang='lat' dir='ltr'><strong>Quod</strong></span> <span class='ocrx_word' id='word_1_779' title='bbox 605 4230 699 4274; x_wconf 86' lang='lat' dir='ltr'><strong>corrtra</strong></span> <span class='ocrx_word' id='word_1_780' title='bbox 713 4220 784 4274; x_wconf 89' lang='lat' dir='ltr'><strong>beati</strong></span> <span class='ocrx_word' id='word_1_781' title='bbox 798 4218 923 4287; x_wconf 85' lang='lat' dir='ltr'><strong>Gregorii·</strong></span> <span class='ocrx_word' id='word_1_782' title='bbox 971 4216 1129 4283; x_wconf 80' lang='lat' dir='ltr'><strong>agitorimus</strong></span> <span class='ocrx_word' id='word_1_783' title='bbox 1140 4228 1235 4272; x_wconf 67' lang='lat' dir='ltr'><strong>restrae</strong></span> <span class='ocrx_word' id='word_1_784' title='bbox 1248 4234 1264 4271; x_wconf 90' lang='lat' dir='ltr'><strong>a</strong></span> <span class='ocrx_word' id='word_1_785' title='bbox 1278 4219 1332 4273; x_wconf 81' lang='lat' dir='ltr'><strong>Deo</strong></span> <span class='ocrx_word' id='word_1_786' title='bbox 1345 4227 1456 4273; x_wconf 68' lang='lat' dir='ltr'><strong>serrata}</strong></span> <span class='ocrx_word' id='word_1_787' title='bbox 1469 4219 1678 4283; x_wconf 75' lang='lat' dir='ltr'><strong>orthodoxaeque</strong></span> <span class='ocrx_word' id='word_1_788' title='bbox 1689 4228 1767 4283; x_wconf 73' lang='lat' dir='ltr'><strong>rega-</strong></span> 
     </span>
     <span class='ocr_line' id='line_1_58' title="bbox 127 4282 1769 4360; baseline -0.004 -19"><span class='ocrx_word' id='word_1_789' title='bbox 127 4288 252 4341; x_wconf 88' lang='lat' dir='ltr'><strong>nrstituta</strong></span> <span class='ocrx_word' id='word_1_790' title='bbox 264 4286 309 4350; x_wconf 88' lang='lat' dir='ltr'><strong>sit,</strong></span> <span class='ocrx_word' id='word_1_791' title='bbox 321 4286 453 4357; x_wconf 90' lang='lat' dir='ltr'><strong>imagines</strong></span> <span class='ocrx_word' id='word_1_792' title='bbox 464 4287 588 4353; x_wconf 84' lang='lat' dir='ltr'><strong>adomre,</strong></span> <span class='ocrx_word' id='word_1_793' title='bbox 601 4305 649 4344; x_wconf 91' lang='lat' dir='ltr'><strong>seu</strong></span> <span class='ocrx_word' id='word_1_794' title='bbox 660 4289 803 4359; x_wconf 87' lang='lat' dir='ltr'><strong>irarrgere:</strong></span> <span class='ocrx_word' id='word_1_795' title='bbox 818 4297 845 4343; x_wconf 89' lang='lat' dir='ltr'><strong>et</strong></span> <span class='ocrx_word' id='word_1_796' title='bbox 858 4289 921 4358; x_wconf 81' lang='lat' dir='ltr'><strong>qrtia</strong></span> <span class='ocrx_word' id='word_1_797' title='bbox 972 4284 1184 4342; x_wconf 83' lang='lat' dir='ltr'><strong>iisexccllrntim</strong></span> <span class='ocrx_word' id='word_1_798' title='bbox 1202 4304 1261 4343; x_wconf 92' lang='lat' dir='ltr'><strong>esso</strong></span> <span class='ocrx_word' id='word_1_799' title='bbox 1278 4290 1416 4360; x_wconf 87' lang='lat' dir='ltr'><strong>proprium</strong></span> <span class='ocrx_word' id='word_1_800' title='bbox 1430 4288 1457 4341; x_wconf 94' lang='lat' dir='ltr'><strong>in</strong></span> <span class='ocrx_word' id='word_1_801' title='bbox 1478 4304 1510 4343; x_wconf 91' lang='lat' dir='ltr'><strong>eo</strong></span> <span class='ocrx_word' id='word_1_802' title='bbox 1530 4287 1576 4341; x_wconf 94' lang='lat' dir='ltr'><strong>ubi</strong></span> <span class='ocrx_word' id='word_1_803' title='bbox 1600 4292 1680 4339; x_wconf 77' lang='lat' dir='ltr'><strong>reotae</strong></span> <span class='ocrx_word' id='word_1_804' title='bbox 1702 4282 1769 4336; x_wconf 82' lang='lat' dir='ltr'><strong>lidei</strong></span> 
     </span>
     <span class='ocr_line' id='line_1_59' title="bbox 128 4351 1769 4435; baseline -0.004 -24"><span class='ocrx_word' id='word_1_805' title='bbox 128 4356 214 4411; x_wconf 74' lang='lat' dir='ltr'><strong>Vetus</strong></span> <span class='ocrx_word' id='word_1_806' title='bbox 235 4365 262 4411; x_wconf 84' lang='lat' dir='ltr'><strong>et</strong></span> <span class='ocrx_word' id='word_1_807' title='bbox 274 4357 378 4412; x_wconf 77' lang='lat' dir='ltr'><strong>horum</strong></span> <span class='ocrx_word' id='word_1_808' title='bbox 391 4358 602 4425; x_wconf 84' lang='lat' dir='ltr'><strong>Testamentum,</strong></span> <span class='ocrx_word' id='word_1_809' title='bbox 619 4368 646 4413; x_wconf 88' lang='lat' dir='ltr'><strong>et</strong></span> <span class='ocrx_word' id='word_1_810' title='bbox 664 4374 733 4429; x_wconf 89' lang='lat' dir='ltr'><strong>pene</strong></span> <span class='ocrx_word' id='word_1_811' title='bbox 746 4374 841 4413; x_wconf 90' lang='lat' dir='ltr'><strong>omnes</strong></span> <span class='ocrx_word' id='word_1_812' title='bbox 852 4373 922 4428; x_wconf 79' lang='lat' dir='ltr'><strong>prm-</strong></span> <span class='ocrx_word' id='word_1_813' title='bbox 972 4354 1062 4424; x_wconf 86' lang='lat' dir='ltr'><strong>plena,</strong></span> <span class='ocrx_word' id='word_1_814' title='bbox 1081 4360 1189 4425; x_wconf 88' lang='lat' dir='ltr'><strong>penitus</strong></span> <span class='ocrx_word' id='word_1_815' title='bbox 1201 4359 1324 4414; x_wconf 85' lang='lat' dir='ltr'><strong>contessa</strong></span> <span class='ocrx_word' id='word_1_816' title='bbox 1336 4368 1393 4423; x_wconf 87' lang='lat' dir='ltr'><strong>est,</strong></span> <span class='ocrx_word' id='word_1_817' title='bbox 1403 4373 1511 4413; x_wconf 88' lang='lat' dir='ltr'><strong>sonsum</strong></span> <span class='ocrx_word' id='word_1_818' title='bbox 1525 4354 1689 4412; x_wconf 82' lang='lat' dir='ltr'><strong>sanctissimi</strong></span> <span class='ocrx_word' id='word_1_819' title='bbox 1700 4351 1769 4435; x_wconf 77' lang='lat' dir='ltr'><strong>Gre-</strong></span> 
     </span>
     <span class='ocr_line' id='line_1_60' title="bbox 127 4411 1771 4498; baseline -0.002 -17"><span class='ocrx_word' id='word_1_820' title='bbox 127 4426 200 4495; x_wconf 87' lang='lat' dir='ltr'><strong>oipui</strong></span> <span class='ocrx_word' id='word_1_821' title='bbox 220 4427 345 4483; x_wconf 86' lang='lat' dir='ltr'><strong>doctores</strong></span> <span class='ocrx_word' id='word_1_822' title='bbox 364 4427 491 4484; x_wconf 73' lang='lat' dir='ltr'><strong>Ecclesia</strong></span> <span class='ocrx_word' id='word_1_823' title='bbox 509 4431 682 4485; x_wconf 89' lang='lat' dir='ltr'><strong>consentiunt</strong></span> <span class='ocrx_word' id='word_1_824' title='bbox 700 4431 780 4485; x_wconf 90' lang='lat' dir='ltr'><strong>beato</strong></span> <span class='ocrx_word' id='word_1_825' title='bbox 792 4428 923 4498; x_wconf 89' lang='lat' dir='ltr'><strong>Gregorio</strong></span> <span class='ocrx_word' id='word_1_826' title='bbox 937 4411 961 4471; x_wconf 75' lang='lat' dir='ltr'>ss</span> <span class='ocrx_word' id='word_1_827' title='bbox 974 4426 1042 4495; x_wconf 90' lang='lat' dir='ltr'><strong>gorii</strong></span> <span class='ocrx_word' id='word_1_828' title='bbox 1056 4428 1156 4497; x_wconf 89' lang='lat' dir='ltr'><strong>sequi:</strong></span> <span class='ocrx_word' id='word_1_829' title='bbox 1181 4429 1305 4484; x_wconf 84' lang='lat' dir='ltr'><strong>menrinit</strong></span> <span class='ocrx_word' id='word_1_830' title='bbox 1327 4438 1416 4484; x_wconf 86' lang='lat' dir='ltr'><strong>vestra</strong></span> <span class='ocrx_word' id='word_1_831' title='bbox 1436 4428 1644 4498; x_wconf 72' lang='lat' dir='ltr'><strong>praerectissima</strong></span> <span class='ocrx_word' id='word_1_832' title='bbox 1666 4422 1771 4494; x_wconf 80' lang='lat' dir='ltr'><strong>regalis</strong></span> 
     </span>
     <span class='ocr_line' id='line_1_61' title="bbox 127 4496 1766 4570; baseline -0.002 -20"><span class='ocrx_word' id='word_1_833' title='bbox 127 4496 155 4551; x_wconf 91' lang='lat' dir='ltr'><strong>in</strong></span> <span class='ocrx_word' id='word_1_834' title='bbox 168 4512 222 4552; x_wconf 91' lang='lat' dir='ltr'><strong>non</strong></span> <span class='ocrx_word' id='word_1_835' title='bbox 233 4496 378 4552; x_wconf 66' lang='lat' dir='ltr'><strong>morandis</strong></span> <span class='ocrx_word' id='word_1_836' title='bbox 388 4498 565 4569; x_wconf 87' lang='lat' dir='ltr'><strong>imaginibus;</strong></span> <span class='ocrx_word' id='word_1_837' title='bbox 581 4515 630 4555; x_wconf 90' lang='lat' dir='ltr'><strong>nec</strong></span> <span class='ocrx_word' id='word_1_838' title='bbox 641 4509 670 4555; x_wconf 90' lang='lat' dir='ltr'><strong>ut</strong></span> <span class='ocrx_word' id='word_1_839' title='bbox 682 4499 783 4568; x_wconf 86' lang='lat' dir='ltr'><strong>aliquid</strong></span> <span class='ocrx_word' id='word_1_840' title='bbox 791 4508 921 4568; x_wconf 68' lang='lat' dir='ltr'><strong>praeterea</strong></span> <span class='ocrx_word' id='word_1_841' title='bbox 972 4500 1137 4570; x_wconf 71' lang='lat' dir='ltr'><strong>praeexcelsa</strong></span> <span class='ocrx_word' id='word_1_842' title='bbox 1152 4499 1275 4564; x_wconf 89' lang='lat' dir='ltr'><strong>scientia,</strong></span> <span class='ocrx_word' id='word_1_843' title='bbox 1283 4501 1399 4568; x_wconf 77' lang='lat' dir='ltr'><strong>nataliter</strong></span> <span class='ocrx_word' id='word_1_844' title='bbox 1411 4500 1437 4553; x_wconf 93' lang='lat' dir='ltr'><strong>in</strong></span> <span class='ocrx_word' id='word_1_845' title='bbox 1446 4499 1503 4569; x_wconf 91' lang='lat' dir='ltr'><strong>ipsa</strong></span> <span class='ocrx_word' id='word_1_846' title='bbox 1517 4500 1547 4554; x_wconf 87' lang='grc'><strong>8.</strong></span> <span class='ocrx_word' id='word_1_847' title='bbox 1555 4496 1677 4567; x_wconf 89' lang='lat' dir='ltr'><strong>Gregorii</strong></span> <span class='ocrx_word' id='word_1_848' title='bbox 1689 4509 1766 4564; x_wconf 78' lang='lat' dir='ltr'><strong>papae</strong></span> 
     </span>
     <span class='ocr_line' id='line_1_62' title="bbox 128 4565 1769 4640; baseline -0.001 -20"><span class='ocrx_word' id='word_1_849' title='bbox 128 4565 244 4623; x_wconf 86' lang='lat' dir='ltr'><strong>adorare</strong></span> <span class='ocrx_word' id='word_1_850' title='bbox 256 4568 412 4631; x_wconf 90' lang='lat' dir='ltr'><strong>debeamus,</strong></span> <span class='ocrx_word' id='word_1_851' title='bbox 427 4569 454 4622; x_wconf 94' lang='lat' dir='ltr'><strong>in</strong></span> <span class='ocrx_word' id='word_1_852' title='bbox 472 4570 564 4626; x_wconf 90' lang='lat' dir='ltr'><strong>multis</strong></span> <span class='ocrx_word' id='word_1_853' title='bbox 577 4570 643 4627; x_wconf 91' lang='lat' dir='ltr'><strong>locis</strong></span> <span class='ocrx_word' id='word_1_854' title='bbox 658 4570 800 4626; x_wconf 80' lang='lat' dir='ltr'><strong>coufirmat</strong></span> <span class='ocrx_word' id='word_1_855' title='bbox 814 4569 843 4623; x_wconf 89' lang='lat' dir='ltr'><strong>S.</strong></span> <span class='ocrx_word' id='word_1_856' title='bbox 857 4570 923 4625; x_wconf 87' lang='lat' dir='ltr'><strong>Gre·</strong></span> <span class='ocrx_word' id='word_1_857' title='bbox 973 4567 1086 4640; x_wconf 87' lang='lat' dir='ltr'><strong>epistola</strong></span> <span class='ocrx_word' id='word_1_858' title='bbox 1101 4568 1203 4625; x_wconf 82' lang='lat' dir='ltr'><strong>Sereno</strong></span> <span class='ocrx_word' id='word_1_859' title='bbox 1220 4569 1379 4626; x_wconf 75' lang='lat' dir='ltr'><strong>Massiliensi</strong></span> <span class='ocrx_word' id='word_1_860' title='bbox 1392 4571 1495 4626; x_wconf 83' lang='lat' dir='ltr'><strong>directa</strong></span> <span class='ocrx_word' id='word_1_861' title='bbox 1513 4568 1609 4632; x_wconf 77' lang='lat' dir='ltr'><strong>fertur,</strong></span> <span class='ocrx_word' id='word_1_862' title='bbox 1626 4568 1696 4623; x_wconf 88' lang='lat' dir='ltr'><strong>iuter</strong></span> <span class='ocrx_word' id='word_1_863' title='bbox 1713 4580 1769 4618; x_wconf 84' lang='lat' dir='ltr'><strong>ea·-</strong></span> 
     </span>
     <span class='ocr_line' id='line_1_63' title="bbox 128 4637 1768 4710; baseline 0.001 -20"><span class='ocrx_word' id='word_1_864' title='bbox 128 4637 221 4708; x_wconf 88' lang='lat' dir='ltr'><strong>gorius</strong></span> <span class='ocrx_word' id='word_1_865' title='bbox 231 4652 310 4708; x_wconf 87' lang='lat' dir='ltr'><strong>papa.</strong></span> <span class='ocrx_word' id='word_1_866' title='bbox 326 4658 338 4688; x_wconf 70' lang='lat' dir='ltr'><strong>r</strong></span> <span class='ocrx_word' id='word_1_867' title='bbox 355 4637 418 4693; x_wconf 72' lang='lat' dir='ltr'><strong>ilaec</strong></span> <span class='ocrx_word' id='word_1_868' title='bbox 431 4639 589 4695; x_wconf 83' lang='lat' dir='ltr'><strong>aduersarii.</strong></span> <span class='ocrx_word' id='word_1_869' title='bbox 973 4651 1031 4695; x_wconf 87' lang='lat' dir='ltr'><strong>tera</strong></span> <span class='ocrx_word' id='word_1_870' title='bbox 1052 4639 1194 4704; x_wconf 86' lang='lat' dir='ltr'><strong>contineri,</strong></span> <span class='ocrx_word' id='word_1_871' title='bbox 1218 4640 1263 4695; x_wconf 92' lang='lat' dir='ltr'><strong>ubi</strong></span> <span class='ocrx_word' id='word_1_872' title='bbox 1284 4642 1408 4695; x_wconf 83' lang='lat' dir='ltr'><strong>euurdem</strong></span> <span class='ocrx_word' id='word_1_873' title='bbox 1435 4641 1589 4710; x_wconf 90' lang='lat' dir='ltr'><strong>episcopum</strong></span> <span class='ocrx_word' id='word_1_874' title='bbox 1613 4638 1768 4706; x_wconf 88' lang='lat' dir='ltr'><strong>increpans,</strong></span> 
     </span>
     <span class='ocr_line' id='line_1_64' title="bbox 164 4707 1769 4782; baseline -0.002 -20"><span class='ocrx_word' id='word_1_875' title='bbox 164 4707 212 4764; x_wconf 87' lang='lat' dir='ltr'><strong>liis</strong></span> <span class='ocrx_word' id='word_1_876' title='bbox 233 4716 325 4763; x_wconf 91' lang='lat' dir='ltr'><strong>autem</strong></span> <span class='ocrx_word' id='word_1_877' title='bbox 349 4709 507 4765; x_wconf 81' lang='lat' dir='ltr'><strong>adversatus</strong></span> <span class='ocrx_word' id='word_1_878' title='bbox 530 4710 665 4766; x_wconf 79' lang='lat' dir='ltr'><strong>Adrianus</strong></span> <span class='ocrx_word' id='word_1_879' title='bbox 691 4710 728 4764; x_wconf 91' lang='lat' dir='ltr'><strong>ita</strong></span> <span class='ocrx_word' id='word_1_880' title='bbox 757 4711 921 4780; x_wconf 86' lang='lat' dir='ltr'><strong>respondet:</strong></span> <span class='ocrx_word' id='word_1_881' title='bbox 974 4708 1195 4780; x_wconf 76' lang='lat' dir='ltr'><strong>ioquithrrgor.</strong></span> <span class='ocrx_word' id='word_1_882' title='bbox 1211 4709 1256 4764; x_wconf 86' lang='lat' dir='ltr'><strong>lib.</strong></span> <span class='ocrx_word' id='word_1_883' title='bbox 1272 4727 1310 4776; x_wconf 81' lang='grc' dir='ltr'><strong>ιι,</strong></span> <span class='ocrx_word' id='word_1_884' title='bbox 1326 4712 1400 4782; x_wconf 81' lang='lat' dir='ltr'><strong>epist.</strong></span> <span class='ocrx_word' id='word_1_885' title='bbox 1416 4712 1444 4782; x_wconf 81' lang='lat' dir='ltr'><strong>b)</strong></span> <span class='ocrx_word' id='word_1_886' title='bbox 1468 4711 1571 4765; x_wconf 79' lang='lat' dir='ltr'><strong>:Aliud</strong></span> <span class='ocrx_word' id='word_1_887' title='bbox 1585 4715 1626 4764; x_wconf 88' lang='lat' dir='ltr'><strong>est</strong></span> <span class='ocrx_word' id='word_1_888' title='bbox 1638 4709 1709 4764; x_wconf 91' lang='lat' dir='ltr'><strong>enim</strong></span> <span class='ocrx_word' id='word_1_889' title='bbox 1728 4707 1769 4774; x_wconf 92' lang='lat' dir='ltr'><strong>pi-</strong></span> 
     </span>
     <span class='ocr_line' id='line_1_65' title="bbox 132 4776 1769 4853; baseline 0 -25"><span class='ocrx_word' id='word_1_890' title='bbox 132 4795 142 4828; x_wconf 87' lang='grc' dir='ltr'><strong>ι</strong></span> <span class='ocrx_word' id='word_1_891' title='bbox 158 4776 249 4847; x_wconf 74' lang='lat' dir='ltr'><strong>Neque</strong></span> <span class='ocrx_word' id='word_1_892' title='bbox 268 4793 334 4832; x_wconf 82' lang='lat' dir='ltr'><strong>tram</strong></span> <span class='ocrx_word' id='word_1_893' title='bbox 345 4793 438 4834; x_wconf 88' lang='lat' dir='ltr'><strong>sacras</strong></span> <span class='ocrx_word' id='word_1_894' title='bbox 449 4782 610 4850; x_wconf 89' lang='lat' dir='ltr'><strong>contempsit</strong></span> <span class='ocrx_word' id='word_1_895' title='bbox 625 4782 758 4853; x_wconf 88' lang='lat' dir='ltr'><strong>imagines</strong></span> <span class='ocrx_word' id='word_1_896' title='bbox 770 4782 923 4852; x_wconf 86' lang='lat' dir='ltr'><strong>aliquando,</strong></span> <span class='ocrx_word' id='word_1_897' title='bbox 974 4789 1067 4838; x_wconf 81' lang='lat' dir='ltr'><strong>etuias</strong></span> <span class='ocrx_word' id='word_1_898' title='bbox 1082 4781 1204 4847; x_wconf 87' lang='lat' dir='ltr'><strong>adorare,</strong></span> <span class='ocrx_word' id='word_1_899' title='bbox 1221 4779 1293 4836; x_wconf 88' lang='lat' dir='ltr'><strong>aliud</strong></span> <span class='ocrx_word' id='word_1_900' title='bbox 1304 4796 1354 4852; x_wconf 92' lang='lat' dir='ltr'><strong>per</strong></span> <span class='ocrx_word' id='word_1_901' title='bbox 1367 4783 1479 4851; x_wconf 74' lang='lat' dir='ltr'><strong>picturae</strong></span> <span class='ocrx_word' id='word_1_902' title='bbox 1492 4779 1632 4835; x_wconf 88' lang='lat' dir='ltr'><strong>historiam</strong></span> <span class='ocrx_word' id='word_1_903' title='bbox 1649 4778 1769 4848; x_wconf 85' lang='lat' dir='ltr'><strong>quidest</strong></span> 
     </span>
     <span class='ocr_line' id='line_1_66' title="bbox 130 4794 1768 4926; baseline -0.001 -24"><span class='ocrx_word' id='word_1_904' title='bbox 130 4856 240 4904; x_wconf 78' lang='lat' dir='ltr'><strong>sanetus</strong></span> <span class='ocrx_word' id='word_1_905' title='bbox 250 4794 399 4918; x_wconf 48' lang='lat' dir='ltr'><strong>Gregorius</strong></span> <span class='ocrx_word' id='word_1_906' title='bbox 418 4850 529 4914; x_wconf 84' lang='lat' dir='ltr'><strong>seilicet,</strong></span> <span class='ocrx_word' id='word_1_907' title='bbox 550 4852 597 4906; x_wconf 87' lang='lat' dir='ltr'><strong>sed</strong></span> <span class='ocrx_word' id='word_1_908' title='bbox 609 4853 694 4922; x_wconf 89' lang='lat' dir='ltr'><strong>magis</strong></span> <span class='ocrx_word' id='word_1_909' title='bbox 707 4853 926 4906; x_wconf 85' lang='lat' dir='ltr'><strong>constantissime</strong></span> <span class='ocrx_word' id='word_1_910' title='bbox 975 4852 1142 4907; x_wconf 80' lang='lat' dir='ltr'><strong>adorandum</strong></span> <span class='ocrx_word' id='word_1_911' title='bbox 1168 4851 1317 4906; x_wconf 86' lang='lat' dir='ltr'><strong>addiscere.</strong></span> <span class='ocrx_word' id='word_1_912' title='bbox 1344 4851 1411 4905; x_wconf 82' lang='lat' dir='ltr'><strong>Naar</strong></span> <span class='ocrx_word' id='word_1_913' title='bbox 1437 4852 1508 4922; x_wconf 82' lang='lat' dir='ltr'><strong>quod</strong></span> <span class='ocrx_word' id='word_1_914' title='bbox 1530 4850 1680 4919; x_wconf 85' lang='lat' dir='ltr'><strong>legentibus</strong></span> <span class='ocrx_word' id='word_1_915' title='bbox 1703 4847 1768 4926; x_wconf 82' lang='lat' dir='ltr'><strong>scri-</strong></span> 
     </span>
     <span class='ocr_line' id='line_1_67' title="bbox 130 4918 1770 5007; baseline -0.002 -34"><span class='ocrx_word' id='word_1_916' title='bbox 130 4919 293 4983; x_wconf 73' lang='lat' dir='ltr'><strong>aisement,</strong></span> <span class='ocrx_word' id='word_1_917' title='bbox 308 4928 337 4974; x_wconf 89' lang='lat' dir='ltr'><strong>et</strong></span> <span class='ocrx_word' id='word_1_918' title='bbox 349 4933 444 4974; x_wconf 89' lang='lat' dir='ltr'><strong>eorum</strong></span> <span class='ocrx_word' id='word_1_919' title='bbox 456 4928 600 4976; x_wconf 73' lang='lat' dir='ltr'><strong>venustus</strong></span> <span class='ocrx_word' id='word_1_920' title='bbox 614 4930 656 4976; x_wconf 88' lang='lat' dir='ltr'><strong>est</strong></span> <span class='ocrx_word' id='word_1_921' title='bbox 670 4923 795 4993; x_wconf 78' lang='lat' dir='ltr'><strong>liguros.»</strong></span> <span class='ocrx_word' id='word_1_922' title='bbox 811 4924 846 4976; x_wconf 79' lang='lat' dir='ltr'><strong>lte</strong></span> <span class='ocrx_word' id='word_1_923' title='bbox 858 4922 926 4977; x_wconf 87' lang='lat' dir='ltr'><strong>inse·</strong></span> <span class='ocrx_word' id='word_1_924' title='bbox 975 4931 1065 5007; x_wconf 82' lang='lat' dir='ltr'><strong>ptura,</strong></span> <span class='ocrx_word' id='word_1_925' title='bbox 1077 4920 1129 4975; x_wconf 89' lang='lat' dir='ltr'><strong>hoc</strong></span> <span class='ocrx_word' id='word_1_926' title='bbox 1141 4921 1237 4975; x_wconf 88' lang='lat' dir='ltr'><strong>idiotis</strong></span> <span class='ocrx_word' id='word_1_927' title='bbox 1246 4927 1361 4989; x_wconf 83' lang='lat' dir='ltr'><strong>praestat</strong></span> <span class='ocrx_word' id='word_1_928' title='bbox 1372 4922 1478 4991; x_wconf 86' lang='lat' dir='ltr'><strong>pictura</strong></span> <span class='ocrx_word' id='word_1_929' title='bbox 1490 4918 1663 4975; x_wconf 89' lang='lat' dir='ltr'><strong>cernentibus</strong></span> <span class='ocrx_word' id='word_1_930' title='bbox 1677 4934 1684 4971; x_wconf 90' lang='lat'>:</span> <span class='ocrx_word' id='word_1_931' title='bbox 1704 4931 1770 4986; x_wconf 76' lang='lat' dir='ltr'><strong>quia</strong></span> 
     </span>
     <span class='ocr_line' id='line_1_68' title="bbox 131 4986 1768 5062; baseline -0.003 -20"><span class='ocrx_word' id='word_1_932' title='bbox 131 4989 187 5042; x_wconf 85' lang='lat' dir='ltr'><strong>rias</strong></span> <span class='ocrx_word' id='word_1_933' title='bbox 205 4989 240 5045; x_wconf 89' lang='lat' dir='ltr'><strong>de</strong></span> <span class='ocrx_word' id='word_1_934' title='bbox 257 5002 350 5044; x_wconf 88' lang='lat' dir='ltr'><strong>earum</strong></span> <span class='ocrx_word' id='word_1_935' title='bbox 369 4991 544 5045; x_wconf 80' lang='lat' dir='ltr'><strong>veneratione</strong></span> <span class='ocrx_word' id='word_1_936' title='bbox 561 4993 657 5060; x_wconf 88' lang='lat' dir='ltr'><strong>pmhut</strong></span> <span class='ocrx_word' id='word_1_937' title='bbox 676 5009 708 5047; x_wconf 83' lang='lat' dir='ltr'><strong>er</strong></span> <span class='ocrx_word' id='word_1_938' title='bbox 728 4994 817 5047; x_wconf 76' lang='lat' dir='ltr'><strong>serbis</strong></span> <span class='ocrx_word' id='word_1_939' title='bbox 841 4992 926 5062; x_wconf 87' lang='lat' dir='ltr'><strong>ipsius</strong></span> <span class='ocrx_word' id='word_1_940' title='bbox 975 5008 1003 5047; x_wconf 83' lang='grc' dir='ltr'><strong>ιιι</strong></span> <span class='ocrx_word' id='word_1_941' title='bbox 1023 4991 1081 5060; x_wconf 89' lang='lat' dir='ltr'><strong>ipsa</strong></span> <span class='ocrx_word' id='word_1_942' title='bbox 1098 4991 1181 5044; x_wconf 85' lang='lat' dir='ltr'><strong>etiarn</strong></span> <span class='ocrx_word' id='word_1_943' title='bbox 1200 4990 1355 5060; x_wconf 89' lang='lat' dir='ltr'><strong>ignorantes</strong></span> <span class='ocrx_word' id='word_1_944' title='bbox 1367 4993 1458 5045; x_wconf 86' lang='lat' dir='ltr'><strong>rident</strong></span> <span class='ocrx_word' id='word_1_945' title='bbox 1470 4990 1534 5060; x_wconf 84' lang='lat' dir='ltr'><strong>quid</strong></span> <span class='ocrx_word' id='word_1_946' title='bbox 1547 4988 1622 5057; x_wconf 87' lang='lat' dir='ltr'><strong>sequi</strong></span> <span class='ocrx_word' id='word_1_947' title='bbox 1641 4986 1768 5048; x_wconf 84' lang='lat' dir='ltr'><strong>debcant,</strong></span> 
     </span>
     <span class='ocr_line' id='line_1_69' title="bbox 130 5057 1769 5130; baseline -0.004 -16"><span class='ocrx_word' id='word_1_948' title='bbox 130 5057 253 5128; x_wconf 77' lang='lat' dir='ltr'><strong>Gregorii</strong></span> <span class='ocrx_word' id='word_1_949' title='bbox 269 5060 297 5115; x_wconf 90' lang='lat' dir='ltr'><strong>in</strong></span> <span class='ocrx_word' id='word_1_950' title='bbox 312 5060 425 5128; x_wconf 89' lang='lat' dir='ltr'><strong>epistola</strong></span> <span class='ocrx_word' id='word_1_951' title='bbox 438 5059 471 5114; x_wconf 90' lang='lat' dir='ltr'><strong>ad</strong></span> <span class='ocrx_word' id='word_1_952' title='bbox 486 5059 643 5116; x_wconf 83' lang='lat' dir='ltr'><strong>ianuarium</strong></span> <span class='ocrx_word' id='word_1_953' title='bbox 657 5061 850 5127; x_wconf 88' lang='lat' dir='ltr'><strong>Galaritanum,</strong></span> <span class='ocrx_word' id='word_1_954' title='bbox 864 5079 926 5117; x_wconf 93' lang='lat' dir='ltr'><strong>cum</strong></span> <span class='ocrx_word' id='word_1_955' title='bbox 976 5062 1076 5130; x_wconf 81' lang='lat' dir='ltr'><strong>inipso</strong></span> <span class='ocrx_word' id='word_1_956' title='bbox 1089 5060 1181 5130; x_wconf 86' lang='lat' dir='ltr'><strong>legunt</strong></span> <span class='ocrx_word' id='word_1_957' title='bbox 1193 5061 1239 5129; x_wconf 73' lang='lat' dir='ltr'><strong>opii</strong></span> <span class='ocrx_word' id='word_1_958' title='bbox 1255 5061 1359 5116; x_wconf 83' lang='lat' dir='ltr'><strong>litteras</strong></span> <span class='ocrx_word' id='word_1_959' title='bbox 1376 5062 1500 5116; x_wconf 84' lang='lat' dir='ltr'><strong>nesciunt</strong></span> <span class='ocrx_word' id='word_1_960' title='bbox 1518 5077 1525 5113; x_wconf 77' lang='grc' dir='ltr'>ι</span> <span class='ocrx_word' id='word_1_961' title='bbox 1542 5064 1613 5112; x_wconf 76' lang='lat' dir='ltr'><strong>uuile</strong></span> <span class='ocrx_word' id='word_1_962' title='bbox 1634 5058 1769 5125; x_wconf 70' lang='lat' dir='ltr'><strong>praecipue</strong></span> 
     </span>
     <span class='ocr_line' id='line_1_70' title="bbox 130 5128 1770 5203; baseline -0.001 -21"><span class='ocrx_word' id='word_1_963' title='bbox 130 5129 186 5200; x_wconf 83' lang='lat' dir='ltr'><strong>agit</strong></span> <span class='ocrx_word' id='word_1_964' title='bbox 198 5129 231 5185; x_wconf 88' lang='lat' dir='ltr'><strong>de</strong></span> <span class='ocrx_word' id='word_1_965' title='bbox 245 5130 363 5199; x_wconf 90' lang='lat' dir='ltr'><strong>imagine</strong></span> <span class='ocrx_word' id='word_1_966' title='bbox 376 5130 423 5185; x_wconf 88' lang='lat' dir='ltr'><strong>Dei</strong></span> <span class='ocrx_word' id='word_1_967' title='bbox 442 5131 580 5199; x_wconf 88' lang='lat' dir='ltr'><strong>genitricis</strong></span> <span class='ocrx_word' id='word_1_968' title='bbox 594 5141 622 5186; x_wconf 89' lang='lat' dir='ltr'><strong>et</strong></span> <span class='ocrx_word' id='word_1_969' title='bbox 634 5148 715 5188; x_wconf 89' lang='lat' dir='ltr'><strong>cruce</strong></span> <span class='ocrx_word' id='word_1_970' title='bbox 736 5133 817 5187; x_wconf 89' lang='lat' dir='ltr'><strong>illatis</strong></span> <span class='ocrx_word' id='word_1_971' title='bbox 833 5133 860 5188; x_wconf 90' lang='lat' dir='ltr'><strong>iu</strong></span> <span class='ocrx_word' id='word_1_972' title='bbox 880 5131 926 5186; x_wconf 86' lang='lat' dir='ltr'><strong>lu-</strong></span> <span class='ocrx_word' id='word_1_973' title='bbox 977 5131 1103 5203; x_wconf 87' lang='lat' dir='ltr'><strong>gentibus</strong></span> <span class='ocrx_word' id='word_1_974' title='bbox 1118 5143 1168 5198; x_wconf 85' lang='lat' dir='ltr'><strong>pro</strong></span> <span class='ocrx_word' id='word_1_975' title='bbox 1189 5129 1304 5185; x_wconf 89' lang='lat' dir='ltr'><strong>lectione</strong></span> <span class='ocrx_word' id='word_1_976' title='bbox 1315 5133 1420 5201; x_wconf 86' lang='lat' dir='ltr'><strong>pictura</strong></span> <span class='ocrx_word' id='word_1_977' title='bbox 1438 5139 1498 5185; x_wconf 90' lang='lat' dir='ltr'><strong>est:</strong></span> <span class='ocrx_word' id='word_1_978' title='bbox 1519 5128 1594 5198; x_wconf 70' lang='lat' dir='ltr'><strong>«guod</strong></span> <span class='ocrx_word' id='word_1_979' title='bbox 1605 5141 1770 5198; x_wconf 74' lang='lat' dir='ltr'><strong>magnopere</strong></span> 
     </span>
     <span class='ocr_line' id='line_1_71' title="bbox 131 5197 1769 5323; baseline -0.004 -69"><span class='ocrx_word' id='word_1_980' title='bbox 131 5197 250 5255; x_wconf 70' lang='lat' dir='ltr'><strong>ieonum</strong></span> <span class='ocrx_word' id='word_1_981' title='bbox 264 5215 439 5271; x_wconf 81' lang='lat' dir='ltr'><strong>synagogam,</strong></span> <span class='ocrx_word' id='word_1_982' title='bbox 453 5208 480 5254; x_wconf 90' lang='lat' dir='ltr'><strong>et</strong></span> <span class='ocrx_word' id='word_1_983' title='bbox 492 5209 524 5255; x_wconf 87' lang='lat' dir='ltr'><strong>ut</strong></span> <span class='ocrx_word' id='word_1_984' title='bbox 534 5202 597 5258; x_wconf 92' lang='lat' dir='ltr'><strong>inde</strong></span> <span class='ocrx_word' id='word_1_985' title='bbox 608 5201 774 5264; x_wconf 79' lang='lat' dir='ltr'><strong>auferantur,</strong></span> <span class='ocrx_word' id='word_1_986' title='bbox 790 5202 925 5265; x_wconf 84' lang='lat' dir='ltr'><strong>admonet,</strong></span> <span class='ocrx_word' id='word_1_987' title='bbox 976 5210 1005 5258; x_wconf 87' lang='lat' dir='ltr'><strong>te</strong></span> <span class='ocrx_word' id='word_1_988' title='bbox 1016 5199 1093 5268; x_wconf 80' lang='lat' dir='ltr'><strong>sequi</strong></span> <span class='ocrx_word' id='word_1_989' title='bbox 1106 5199 1152 5268; x_wconf 79' lang='lat' dir='ltr'><strong>qui</strong></span> <span class='ocrx_word' id='word_1_990' title='bbox 1167 5200 1236 5255; x_wconf 82' lang='lat' dir='ltr'><strong>irrter</strong></span> <span class='ocrx_word' id='word_1_991' title='bbox 1248 5209 1342 5323; x_wconf 64' lang='lat' dir='ltr'><strong>gentes</strong></span> <span class='ocrx_word' id='word_1_992' title='bbox 1356 5202 1471 5264; x_wconf 88' lang='lat' dir='ltr'><strong>habitas,</strong></span> <span class='ocrx_word' id='word_1_993' title='bbox 1489 5198 1590 5254; x_wconf 89' lang='lat' dir='ltr'><strong>attendi</strong></span> <span class='ocrx_word' id='word_1_994' title='bbox 1602 5197 1738 5278; x_wconf 81' lang='lat' dir='ltr'><strong>decuerat.</strong></span> <span class='ocrx_word' id='word_1_995' title='bbox 1756 5216 1769 5248; x_wconf 78' lang='lat' dir='ltr'><strong>r</strong></span> 
     </span>
     <span class='ocr_line' id='line_1_72' title="bbox 131 5267 1769 5340; baseline -0.002 -16"><span class='ocrx_word' id='word_1_996' title='bbox 131 5268 182 5324; x_wconf 84' lang='lat' dir='ltr'><strong>ista</strong></span> <span class='ocrx_word' id='word_1_997' title='bbox 197 5271 236 5326; x_wconf 87' lang='lat' dir='ltr'><strong>ait</strong></span> <span class='ocrx_word' id='word_1_998' title='bbox 254 5288 260 5322; x_wconf 75' lang='grc' dir='ltr'>ι</span> <span class='ocrx_word' id='word_1_999' title='bbox 277 5289 288 5321; x_wconf 84' lang='grc' dir='ltr'><strong>ι</strong></span> <span class='ocrx_word' id='word_1_1000' title='bbox 306 5271 356 5325; x_wconf 91' lang='lat' dir='ltr'><strong>llis</strong></span> <span class='ocrx_word' id='word_1_1001' title='bbox 368 5272 508 5326; x_wconf 90' lang='lat' dir='ltr'><strong>hortamur</strong></span> <span class='ocrx_word' id='word_1_1002' title='bbox 525 5271 660 5337; x_wconf 75' lang='lat' dir='ltr'><strong>aditibus,</strong></span> <span class='ocrx_word' id='word_1_1003' title='bbox 683 5280 716 5327; x_wconf 92' lang='lat' dir='ltr'><strong>ut·</strong></span> <span class='ocrx_word' id='word_1_1004' title='bbox 737 5273 841 5328; x_wconf 88' lang='lat' dir='ltr'><strong>sublata</strong></span> <span class='ocrx_word' id='word_1_1005' title='bbox 865 5272 928 5328; x_wconf 89' lang='lat' dir='ltr'><strong>inde</strong></span> <span class='ocrx_word' id='word_1_1006' title='bbox 977 5272 1014 5327; x_wconf 82' lang='lat' dir='ltr'><strong>tlt</strong></span> <span class='ocrx_word' id='word_1_1007' title='bbox 1025 5277 1204 5340; x_wconf 84' lang='lat' dir='ltr'><strong>postpauca:</strong></span> <span class='ocrx_word' id='word_1_1008' title='bbox 1225 5288 1233 5319; x_wconf 89' lang='grc' dir='ltr'><strong>ι</strong></span> <span class='ocrx_word' id='word_1_1009' title='bbox 1262 5271 1283 5323; x_wconf 81' lang='grc' dir='ltr'><strong>ἰ</strong></span> <span class='ocrx_word' id='word_1_1010' title='bbox 1295 5273 1357 5340; x_wconf 80' lang='lat' dir='ltr'><strong>ouria</strong></span> <span class='ocrx_word' id='word_1_1011' title='bbox 1374 5275 1401 5326; x_wconf 93' lang='lat' dir='ltr'><strong>in</strong></span> <span class='ocrx_word' id='word_1_1012' title='bbox 1413 5272 1478 5327; x_wconf 90' lang='lat' dir='ltr'><strong>loeis</strong></span> <span class='ocrx_word' id='word_1_1013' title='bbox 1492 5267 1688 5324; x_wconf 72' lang='lat' dir='ltr'><strong>venerabilibus</strong></span> <span class='ocrx_word' id='word_1_1014' title='bbox 1705 5282 1769 5322; x_wconf 89' lang='lat' dir='ltr'><strong>sun-</strong></span> 
     </span>
     <span class='ocr_line' id='line_1_73' title="bbox 131 5338 1771 5413; baseline -0.002 -19"><span class='ocrx_word' id='word_1_1015' title='bbox 131 5353 193 5394; x_wconf 80' lang='lat' dir='ltr'><strong>tam</strong></span> <span class='ocrx_word' id='word_1_1016' title='bbox 209 5357 241 5397; x_wconf 89' lang='lat' dir='ltr'><strong>ea</strong></span> <span class='ocrx_word' id='word_1_1017' title='bbox 255 5356 308 5410; x_wconf 81' lang='lat' dir='ltr'><strong>qua</strong></span> <span class='ocrx_word' id='word_1_1018' title='bbox 321 5339 433 5411; x_wconf 91' lang='lat' dir='ltr'><strong>dignum</strong></span> <span class='ocrx_word' id='word_1_1019' title='bbox 451 5351 493 5397; x_wconf 90' lang='lat' dir='ltr'><strong>est</strong></span> <span class='ocrx_word' id='word_1_1020' title='bbox 512 5343 694 5407; x_wconf 72' lang='lat' dir='ltr'><strong>reumatioue,</strong></span> <span class='ocrx_word' id='word_1_1021' title='bbox 715 5344 832 5413; x_wconf 82' lang='lat' dir='ltr'><strong>irrragine</strong></span> <span class='ocrx_word' id='word_1_1022' title='bbox 846 5352 928 5411; x_wconf 82' lang='lat' dir='ltr'><strong>atqtre</strong></span> <span class='ocrx_word' id='word_1_1023' title='bbox 977 5351 1088 5399; x_wconf 79' lang='lat' dir='ltr'><strong>omium·</strong></span> <span class='ocrx_word' id='word_1_1024' title='bbox 1108 5339 1215 5409; x_wconf 86' lang='lat' dir='ltr'><strong>depingi</strong></span> <span class='ocrx_word' id='word_1_1025' title='bbox 1231 5340 1357 5397; x_wconf 89' lang='lat' dir='ltr'><strong>historias</strong></span> <span class='ocrx_word' id='word_1_1026' title='bbox 1381 5358 1435 5398; x_wconf 90' lang='lat' dir='ltr'><strong>non</strong></span> <span class='ocrx_word' id='word_1_1027' title='bbox 1452 5341 1511 5396; x_wconf 90' lang='lat' dir='ltr'><strong>sinc</strong></span> <span class='ocrx_word' id='word_1_1028' title='bbox 1532 5338 1637 5393; x_wconf 91' lang='lat' dir='ltr'><strong>ratione</strong></span> <span class='ocrx_word' id='word_1_1029' title='bbox 1650 5345 1771 5393; x_wconf 69' lang='lat' dir='ltr'><strong>vetustas</strong></span> 
     </span>
     <span class='ocr_line' id='line_1_74' title="bbox 131 5408 1772 5481; baseline -0.002 -17"><span class='ocrx_word' id='word_1_1030' title='bbox 131 5424 223 5477; x_wconf 85' lang='lat' dir='ltr'><strong>cruce,</strong></span> <span class='ocrx_word' id='word_1_1031' title='bbox 242 5411 366 5467; x_wconf 89' lang='lat' dir='ltr'><strong>debeatis</strong></span> <span class='ocrx_word' id='word_1_1032' title='bbox 387 5411 458 5481; x_wconf 80' lang='lat' dir='ltr'><strong>quod</strong></span> <span class='ocrx_word' id='word_1_1033' title='bbox 480 5412 614 5468; x_wconf 78' lang='lat' dir='ltr'><strong>violenter</strong></span> <span class='ocrx_word' id='word_1_1034' title='bbox 632 5414 751 5467; x_wconf 82' lang='lat' dir='ltr'><strong>atriolum</strong></span> <span class='ocrx_word' id='word_1_1035' title='bbox 774 5421 817 5467; x_wconf 91' lang='lat' dir='ltr'><strong>cst</strong></span> <span class='ocrx_word' id='word_1_1036' title='bbox 844 5414 929 5468; x_wconf 84' lang='lat' dir='ltr'><strong>reiun-</strong></span> <span class='ocrx_word' id='word_1_1037' title='bbox 977 5410 1103 5473; x_wconf 85' lang='lat' dir='ltr'><strong>admisit;</strong></span> <span class='ocrx_word' id='word_1_1038' title='bbox 1124 5430 1133 5460; x_wconf 75' lang='lat' dir='ltr'><strong>a</strong></span> <span class='ocrx_word' id='word_1_1039' title='bbox 1158 5416 1188 5462; x_wconf 90' lang='lat' dir='ltr'><strong>ot·</strong></span> <span class='ocrx_word' id='word_1_1040' title='bbox 1212 5410 1353 5466; x_wconf 76' lang='lat' dir='ltr'><strong>interuallo</strong></span> <span class='ocrx_word' id='word_1_1041' title='bbox 1376 5431 1382 5465; x_wconf 92' lang='lat'>:</span> <span class='ocrx_word' id='word_1_1042' title='bbox 1405 5431 1413 5462; x_wconf 89' lang='grc' dir='ltr'><strong>ι</strong></span> <span class='ocrx_word' id='word_1_1043' title='bbox 1437 5411 1504 5478; x_wconf 80' lang='lat' dir='ltr'><strong>Quia</strong></span> <span class='ocrx_word' id='word_1_1044' title='bbox 1531 5410 1652 5480; x_wconf 82' lang='lat' dir='ltr'><strong>picurrus</strong></span> <span class='ocrx_word' id='word_1_1045' title='bbox 1679 5408 1772 5478; x_wconf 86' lang='lat' dir='ltr'><strong>imagi·</strong></span> 
     </span>
     <span class='ocr_line' id='line_1_75' title="bbox 131 5478 1772 5563; baseline -0.001 -29"><span class='ocrx_word' id='word_1_1046' title='bbox 131 5494 217 5545; x_wconf 63' lang='lat' dir='ltr'><strong>mares</strong></span> <span class='ocrx_word' id='word_1_1047' title='bbox 236 5488 316 5537; x_wconf 80' lang='lat' dir='ltr'><strong>rete.</strong></span> <span class='ocrx_word' id='word_1_1048' title='bbox 335 5481 476 5548; x_wconf 81' lang='lat' dir='ltr'><strong>Quomodo</strong></span> <span class='ocrx_word' id='word_1_1049' title='bbox 494 5482 576 5563; x_wconf 82' lang='lat' dir='ltr'><strong>igitiu·</strong></span> <span class='ocrx_word' id='word_1_1050' title='bbox 592 5484 655 5552; x_wconf 79' lang='lat' dir='ltr'><strong>ouis</strong></span> <span class='ocrx_word' id='word_1_1051' title='bbox 671 5498 771 5552; x_wconf 84' lang='lat' dir='ltr'><strong>negare</strong></span> <span class='ocrx_word' id='word_1_1052' title='bbox 786 5485 885 5553; x_wconf 87' lang='lat' dir='ltr'><strong>poterit</strong></span> <span class='ocrx_word' id='word_1_1053' title='bbox 902 5483 928 5537; x_wconf 91' lang='lat' dir='ltr'><strong>in</strong></span> <span class='ocrx_word' id='word_1_1054' title='bbox 979 5497 1054 5544; x_wconf 85' lang='lat' dir='ltr'><strong>narn,</strong></span> <span class='ocrx_word' id='word_1_1055' title='bbox 1068 5495 1128 5548; x_wconf 74' lang='lat' dir='ltr'><strong>tgna</strong></span> <span class='ocrx_word' id='word_1_1056' title='bbox 1143 5479 1177 5532; x_wconf 89' lang='lat' dir='ltr'><strong>ad</strong></span> <span class='ocrx_word' id='word_1_1057' title='bbox 1193 5481 1397 5537; x_wconf 78' lang='lat' dir='ltr'><strong>mlidcatirneru</strong></span> <span class='ocrx_word' id='word_1_1058' title='bbox 1420 5481 1537 5551; x_wconf 81' lang='lat' dir='ltr'><strong>imperiti</strong></span> <span class='ocrx_word' id='word_1_1059' title='bbox 1555 5478 1644 5549; x_wconf 87' lang='lat' dir='ltr'><strong>popuii</strong></span> <span class='ocrx_word' id='word_1_1060' title='bbox 1664 5478 1772 5534; x_wconf 87' lang='lat' dir='ltr'><strong>luerunt</strong></span> 
     </span>
     <span class='ocr_line' id='line_1_76' title="bbox 131 5547 1772 5622; baseline 0 -18"><span class='ocrx_word' id='word_1_1061' title='bbox 131 5547 265 5620; x_wconf 84' lang='lat' dir='ltr'><strong>Gregorio</strong></span> <span class='ocrx_word' id='word_1_1062' title='bbox 283 5552 484 5607; x_wconf 79' lang='lat' dir='ltr'><strong>reiterationem</strong></span> <span class='ocrx_word' id='word_1_1063' title='bbox 505 5553 663 5622; x_wconf 84' lang='lat' dir='ltr'><strong>ruraginom,</strong></span> <span class='ocrx_word' id='word_1_1064' title='bbox 679 5569 742 5608; x_wconf 88' lang='lat' dir='ltr'><strong>cum</strong></span> <span class='ocrx_word' id='word_1_1065' title='bbox 755 5555 929 5608; x_wconf 72' lang='lat' dir='ltr'><strong>veneratione</strong></span> <span class='ocrx_word' id='word_1_1066' title='bbox 979 5553 1068 5614; x_wconf 78' lang='lat' dir='ltr'><strong>laete,</strong></span> <span class='ocrx_word' id='word_1_1067' title='bbox 1084 5558 1118 5603; x_wconf 86' lang='lat' dir='ltr'><strong>ut</strong></span> <span class='ocrx_word' id='word_1_1068' title='bbox 1130 5549 1283 5606; x_wconf 76' lang='lat' dir='ltr'><strong>nescientes</strong></span> <span class='ocrx_word' id='word_1_1069' title='bbox 1298 5553 1412 5616; x_wconf 85' lang='lat' dir='ltr'><strong>litteras,</strong></span> <span class='ocrx_word' id='word_1_1070' title='bbox 1427 5552 1513 5620; x_wconf 85' lang='lat' dir='ltr'><strong>ipsam</strong></span> <span class='ocrx_word' id='word_1_1071' title='bbox 1528 5550 1669 5606; x_wconf 74' lang='lat' dir='ltr'><strong>instoriam</strong></span> <span class='ocrx_word' id='word_1_1072' title='bbox 1685 5550 1772 5604; x_wconf 87' lang='lat' dir='ltr'><strong>inten-</strong></span> 
     </span>
     <span class='ocr_line' id='line_1_77' title="bbox 132 5619 1774 5695; baseline 0.002 -20"><span class='ocrx_word' id='word_1_1073' title='bbox 132 5633 179 5675; x_wconf 76' lang='lat' dir='ltr'><strong>tas</strong></span> <span class='ocrx_word' id='word_1_1074' title='bbox 199 5619 278 5689; x_wconf 80' lang='lat' dir='ltr'><strong>jubet</strong></span> <span class='ocrx_word' id='word_1_1075' title='bbox 300 5636 466 5695; x_wconf 82' lang='lat' dir='ltr'><strong>esynagoga</strong></span> <span class='ocrx_word' id='word_1_1076' title='bbox 494 5622 560 5683; x_wconf 86' lang='lat' dir='ltr'><strong>tolli,</strong></span> <span class='ocrx_word' id='word_1_1077' title='bbox 576 5632 604 5679; x_wconf 91' lang='lat' dir='ltr'><strong>et</strong></span> <span class='ocrx_word' id='word_1_1078' title='bbox 627 5623 654 5677; x_wconf 92' lang='lat' dir='ltr'><strong>in</strong></span> <span class='ocrx_word' id='word_1_1079' title='bbox 678 5624 764 5680; x_wconf 85' lang='lat' dir='ltr'><strong>locuto</strong></span> <span class='ocrx_word' id='word_1_1080' title='bbox 785 5623 928 5694; x_wconf 87' lang='lat' dir='ltr'><strong>pristinum</strong></span> <span class='ocrx_word' id='word_1_1081' title='bbox 980 5625 1085 5683; x_wconf 75' lang='lat' dir='ltr'><strong>donms,</strong></span> <span class='ocrx_word' id='word_1_1082' title='bbox 1098 5619 1264 5689; x_wconf 79' lang='lat' dir='ltr'><strong>uniductum</strong></span> <span class='ocrx_word' id='word_1_1083' title='bbox 1277 5622 1313 5676; x_wconf 88' lang='lat' dir='ltr'><strong>sit</strong></span> <span class='ocrx_word' id='word_1_1084' title='bbox 1325 5623 1485 5678; x_wconf 78' lang='lat' dir='ltr'><strong>disserenti</strong></span> <span class='ocrx_word' id='word_1_1085' title='bbox 1499 5621 1774 5692; x_wconf 81' lang='lat' dir='ltr'><strong>lterumpostpauca:</strong></span> 
     </span>
    </p>
   </div>
   <div class='ocr_carea' id='block_1_3' title="bbox 133 5690 1771 5762">
    <p class='ocr_par' dir='ltr' id='par_1_3' title="bbox 133 5690 1771 5762">
     <span class='ocr_line' id='line_1_78' title="bbox 133 5690 1771 5762; baseline -0.001 -16"><span class='ocrx_word' id='word_1_1086' title='bbox 133 5692 286 5761; x_wconf 75' lang='lat' dir='ltr'><strong>reportant</strong></span> <span class='ocrx_word' id='word_1_1087' title='bbox 984 5713 998 5744; x_wconf 84' lang='lat' dir='ltr'><strong>r·</strong></span> <span class='ocrx_word' id='word_1_1088' title='bbox 1009 5690 1251 5750; x_wconf 76' lang='lat' dir='ltr'><strong>scomesoltetm</strong></span> <span class='ocrx_word' id='word_1_1089' title='bbox 1264 5691 1419 5751; x_wconf 76' lang='lat' dir='ltr'><strong>imternitas</strong></span> <span class='ocrx_word' id='word_1_1090' title='bbox 1432 5694 1722 5762; x_wconf 64' lang='lat' dir='ltr'><strong>manutenentes</strong></span> <span class='ocrx_word' id='word_1_1091' title='bbox 1736 5692 1771 5745; x_wconf 78' lang='lat' dir='ltr'><strong>ri·</strong></span> 
     </span>
    </p>
   </div>
   <div class='ocr_carea' id='block_1_4' title="bbox 0 0 1905 6116">
    <p class='ocr_par' dir='ltr' id='par_1_4' title="bbox 0 0 1905 6116">
     <span class='ocr_line' id='line_1_79' title="bbox 0 0 1905 6116; baseline 0 0"><span class='ocrx_word' id='word_1_1092' title='bbox 0 0 1905 6116; x_wconf 95' lang='lat' dir='ltr'><strong> </strong></span> 
     </span>
    </p>
   </div>
  </div>
 </body>
</html>
