3780 6120
153 322 207 383 lbi
595 318 625 374 il.
641 316 767 376 chaom
782 317 895 392 fllthNl
911 319 987 377 ΟΡΡ.
1007 318 1097 376 PARS
1113 318 1135 374 l.
1150 316 1271 377 sectio
1289 317 1329 373 lll.
1555 335 1557 338 ’
1731 325 1783 383 {56

153 435 190 492 [li
200 435 256 504 'ipse
265 431 388 503 prinecps
394 427 574 512 apostolarum
582 442 631 498 pro
638 427 713 482 robis
724 427 872 482 intercedat
879 436 941 483 ante
955 433 978 489 Α
991 436 1066 497 ptam
1081 443 1096 480 a
1107 425 1216 481 llicolan
1228 425 1251 480 ll
1264 424 1355 479 Siitus
1366 423 1399 480 tt'
1412 423 1534 495 perlicit,
1547 427 1677 487 l‘anuinin
1686 434 1782 490 eodem

153 504 261 563 bomini
273 502 320 557 liei
331 510 416 555 nostri
429 497 604 566 majestatem,
628 506 659 551 ut
684 496 797 567 amplius
822 506 939 551 vestrum
996 507 1064 552 teste
1077 496 1103 550 in
1116 494 1197 563 hujus
1209 494 1277 557 viii,
1287 509 1347 564 quar
1358 494 1446 564 prima
1461 504 1503 549 cst
1526 513 1559 551 ex
1583 499 1718 566 ailjiinctis
1746 503 1782 558 ad

155 575 250 632 dilatet
261 587 384 642 regnum,
398 579 426 624 et
436 569 563 623 victorias
577 568 687 621 tribnat.
708 586 718 620 i
736 567 812 621 liitto
838 566 941 636 reliqua
993 564 1125 621 Platiriam
1141 583 1147 619 :
1163 583 1173 614 i
1189 563 1382 619 bibliothecam
1397 565 1554 628 Palatinam,
1565 567 1612 630 ait,
1624 571 1652 624 in
1675 571 1783 627 Vatica-

148 659 249 702 oorrim
260 641 352 711 putida
362 648 528 702 commentm
546 639 603 692 laec
618 636 692 692 enim
719 638 786 691 satis
810 651 944 706 superque
994 650 1056 690 nam
1070 643 1127 689 toto
1137 635 1346 689 terraruiuorhe
1356 633 1499 699 celebrem,
1515 635 1619 692 Platina
1641 640 1782 708 praeterio,

178 715 274 769 robam
289 727 336 767 cos
356 725 413 792 prae
435 708 559 763 manibus
585 707 711 761 habuisse
728 707 846 775 integras
870 705 945 762 Pauli
994 705 1166 775 advectisque
1178 720 1211 759 ex
1222 704 1296 759 ouini
1306 703 1413 772 Europa
1426 703 1511 770 lihris,
1534 711 1696 774 construxit,
1721 725 1783 766 cei-

156 730 272 840 licens.
286 781 344 836 Non
356 789 393 834 ita
407 777 518 848 contigit
535 776 659 840 ilaroniu,
680 776 725 845 qui
751 776 865 857 'erigenae
887 792 945 831 rein
995 783 1091 844 tusqiic
1103 783 1259 844 proventus,
1277 774 1348 829 unde
1368 775 1494 830 custodes
1509 786 1539 836 ,ιι
1561 777 1663 835 librarii
1682 780 1782 846 Greci,

159 854 261 910 latetur
271 852 326 920 (an.
340 849 402 912 lbi,
412 863 440 901 n.
454 846 480 916 1)
502 847 535 902 de
546 847 576 902 3l
594 844 670 900 Pauli
682 845 802 914 epistolis
817 863 824 899 z
846 863 855 895 i
874 845 946 912 Qua·
995 844 1095 907 Latini,
1108 853 1135 898 et
1154 841 1278 899 llehraiei
1291 851 1429 898 menstrua
1441 844 1547 912 salaria,
1563 846 1661 916 quihus
1675 849 1711 903 ali
1719 865 1784 920 pos-

159 939 231 988 rum,
244 921 328 985 aiens,
341 920 471 975 duntaxat
484 925 641 986 arguirrenta
654 915 808 970 summatim
828 916 947 984 pnestri-
995 925 1066 978 sciit,
1080 914 1219 975 haherent,
1234 911 1350 994 librique
1361 926 1526 980 emerentur,
1538 917 1684 987 assignavit
1696 937 1703 973 :
1716 935 1786 990 opus

161 1005 207 1050 cta
223 987 518 1046 ctreocnsitaridimus
532 1003 548 1040 a
562 985 681 1040 Paurinu
692 985 719 1039 iii
734 985 796 1039 ritis
813 984 948 1040 llomauc-
995 985 1118 1042 omnium
1144 982 1379 1052 preclarissuuum
1403 992 1431 1036 et
1452 986 1579 1052 pontifice
1599 989 1717 1044 maximo
1742 989 1785 1043 di·

161 1077 222 1119 rum
234 1059 400 1130 pontilieum,
413 1071 511 1124 casque
527 1057 645 1126 integras
656 1054 749 1110 haberi
770 1053 798 1109 in
817 1053 947 1109 Vaticana
997 1069 1090 1126 gnum.
1105 1073 1115 1104 i
1130 1052 1165 1106 ιιι
1175 1062 1310 1121 perpetuae
1323 1051 1454 1107 librorum
1465 1054 1492 1108 in
1504 1055 1665 1113 bibliotheca
1678 1074 1786 1128 perura-

161 1130 323 1188 bibliotheca
339 1125 476 1182 testatur:
499 1141 592 1179 icium
615 1122 722 1178 easdem
745 1123 790 1179 diu
820 1124 947 1193 quaesitas
997 1123 1097 1180 nentina
1121 1136 1267 1190 campros
1305 1120 1376 1177 iisse
1398 1139 1451 1176 nnn
1473 1132 1590 1190 constat,
1610 1129 1787 1195 quemadme

162 1201 273 1257 minime
287 1199 406 1252 inuenire
420 1195 561 1259 valuimus,
578 1201 607 1248 ut
619 1192 716 1248 casici
737 1191 809 1248 iurtu
828 1193 870 1247 rel
895 1193 948 1247 aliu
997 1193 1061 1249 duiu
1078 1198 1138 1262 post
1150 1206 1235 1246 annos
1247 1206 1264 1260 p
1276 1205 1389 1259 usquam
1401 1200 1508 1246 centum
1530 1193 1622 1250 Sixtus
1643 1197 1667 1253 ll
1689 1197 1788 1252 biblin-

163 1271 256 1340 aliquu
273 1268 352 1322 niodo
367 1267 429 1321 iride
449 1264 570 1320 sublatas
592 1263 788 1319 existimemus.
815 1261 949 1318 Caeterum
998 1263 1084 1318 thece
1100 1277 1186 1326 nora,
1200 1260 1298 1314 etloco
1311 1268 1339 1314 ct
1349 1259 1478 1314 lihmrnm
1489 1265 1615 1334 cirogcrie
1628 1265 1787 1337 longepre-

164 1341 231 1396 nibil
244 1347 294 1400 cst,
307 1337 378 1407 quial
390 1335 448 1405 ejus
462 1333 528 1388 lides
539 1334 625 1404 possit
636 1333 662 1386 in
677 1333 856 1400 suspicionem
866 1333 951 1388 addu·
999 1331 1135 1395 stantiori,
1145 1341 1226 1400 atque
1238 1331 1348 1399 amiqua
1362 1328 1406 1383 illa
1423 1331 1563 1388 celeliriori
1579 1336 1722 1391 consuluit.
1747 1338 1786 1391 Ea

164 1411 199 1474 ci,
215 1423 276 1464 cuin
286 1416 313 1460 rt
324 1404 479 1462 carumdem
492 1403 602 1458 totidem
613 1417 725 1456 numero
734 1417 766 1455 ar
784 1409 892 1456 umeirta
903 1417 952 1471 pa·
999 1409 1110 1472 propter
1122 1399 1267 1454 Panrinius
1279 1399 1349 1454 idem
1362 1399 1425 1454 alibi
1451 1399 1528 1471 (Cod.
1565 1401 1623 1457 lai.
1648 1421 1677 1460 ii.
1704 1406 1788 1471 abii)

165 1482 233 1534 riter
244 1477 358 1532 recitem
374 1483 518 1529 novatores
535 1471 629 1543 (Cant.
643 1487 702 1536 urii,
713 1485 741 1540 p.
757 1419 819 1540 7925)
833 1471 878 1541 qui
891 1486 953 1540 pcr-
1000 1470 1136 1539 catalogos
1146 1468 1435 1550 librorumdescrlpsit,
1451 1471 1497 1538 qui
1512 1473 1546 1526 ah
1559 1472 1706 1529 iunocentii
1732 1474 1790 1530 l'lll

138 1574 142 1581 ·
166 1550 225 1604 tasi
236 1546 418 1617 prolixitatem
434 1551 515 1612 atque
529 1541 752 1611 multiplicitatem
767 1541 880 1608 pariter,
905 1541 952 1595 scil
1000 1540 1168 1607 temporibus
1181 1539 1208 1593 in
1219 1538 1381 1592 bibliotheca
1394 1548 1481 1618 eraut,
1503 1549 1531 1594 at
1553 1558 1603 1596 suu
1614 1560 1672 1599 arro
1687 1559 1789 1614 nequa-

167 1619 251 1688 rnagis
266 1615 414 1679 ueritatem,
428 1629 482 1667 nun
492 1613 562 1682 ipsas
579 1613 707 1681 integras,
720 1611 768 1666 sed
781 1611 901 1680 ipsarum
909 1625 954 1664 ar·
1001 1624 1082 1680 quam
1096 1608 1308 1674 reperiebantur.
1322 1607 1395 1687 inter
1409 1608 1560 1676 hiqusmodi
1574 1613 1657 1668 libros
1670 1617 1791 1670 codices·

166 1694 292 1759 gumenta
307 1683 490 1739 tantummodo
501 1682 609 1736 edidere
622 1700 645 1734 ι.
1002 1695 1035 1735 ve
1045 1695 1060 1733 a
1072 1678 1232 1733 bibliotheca
1245 1677 1364 1730 Palatina
1377 1686 1484 1746 ereptos
1495 1679 1569 1735 Pauli
1592 1681 1697 1739 litteras
1718 1685 1790 1739 baud

202 1757 244 1811 lll.
269 1754 344 1808 lluno
366 1751 472 1806 llaronii
499 1752 586 1805 locum
608 1749 750 1805 Grctserus
769 1746 905 1802 transtulit
925 1745 1516 1836 inunumcrari117video.Quinctiam
1537 1750 1666 1807 Pantinio
1687 1770 1722 1808 ex
1745 1769 1792 1807 co-

167 1842 244 1882 suain
256 1823 440 1893 praelationem
456 1821 489 1875 ad
515 1820 640 1874 Codicem
661 1818 831 1879 Caroliiium;
845 1826 873 1871 at
891 1818 955 1887 quia
1007 1820 1068 1873 deni
1089 1816 1173 1880 disco,
1193 1817 1220 1869 in
1249 1816 1410 1871 bibliotheca
1434 1817 1561 1873 Vaticana
1584 1835 1652 1886 esse,
1680 1833 1707 1877 et
1730 1839 1792 1877 cum

168 1894 274 1952 lhiroirii
284 1893 450 1962 diligentiam
463 1889 531 1960 higit
543 1888 673 1957 ejusmodi
684 1898 902 1956 argumentorum
911 1902 958 1941 ve·
1005 1886 1082 1942 Pauli
1093 1886 1181 1941 Vitam
1191 1885 1297 1953 scriptis
1321 1886 1475 1951 mandabat,
1490 1896 1518 1943 et
1536 1906 1597 1944 euin
1616 1890 1728 1947 Adriani
1750 1909 1794 1947 res

169 1984 198 2021 ra
213 1964 325 2025 indoles,
340 1970 367 2015 et
378 1959 496 2014 Gretseii
510 1960 542 2014 de
554 1958 648 2014 iisdem
658 1957 789 2013 sententia
802 1957 869 2011 lucis
889 1957 958 2011 indi·
1006 1964 1098 2028 gestas
1109 1956 1260 2019 enarrabat,
1273 1963 1336 2009 antc
1346 1971 1445 2010 aunum
1458 1958 1581 2014 i'ideliiet
1594 1959 1672 2014 1561,
1696 1964 1735 2017 lin
1756 1963 1793 2016 si-

168 2044 222 2108 get,
234 2032 442 2103 operaepretium
450 2044 493 2083 me
502 2027 634 2083 iacturum
643 2037 717 2096 putu,
727 2026 750 2080 si
758 2026 827 2081 hane
839 2025 957 2080 historiae
1007 2025 1115 2095 quidem
1127 2040 1207 2086 annu,
1221 2033 1342 2092 utsupra
1360 2025 1483 2091 vidimus,
1500 2028 1633 2084 fatebatur
1644 2030 1692 2084 Pin
1706 2032 1740 2087 lll
1764 2042 1792 2085 ιι

168 2113 272 2175 partem
290 2101 480 2170 explanavero.
494 2096 650 2167 Onuphrius
662 2095 808 2150 Patruinius
818 2096 851 2150 de
862 2096 958 2150 Roma·
1007 2096 1121 2151 lcctnres
1136 2095 1306 2156 admonebat,
1325 2095 1480 2149 scutarium
1492 2114 1525 2151 ea
1542 2110 1615 2168 parte
1627 2102 1793 2170 pontiliciani

169 2192 204 2230 na
218 2173 330 2227 Ιιιιιοιιι
341 2169 505 2238 profanaque
515 2168 588 2222 omni
599 2167 748 2220 eruditione
759 2166 860 2233 optime
880 2165 976 2219 ineri--
1007 2165 1148 2220 historiam
1160 2164 1317 2219 coniecisse.
1331 2163 1454 2233 Cumque
1475 2166 1533 2221 haec
1557 2183 1605 2236 per
1627 2173 1720 2224 decern
1738 2169 1794 2226 iere

171 2255 214 2300 tus
230 2239 357 2310 usquead
369 2254 468 2293 aiinuin
483 2237 551 2291 1555
566 2236 600 2291 ad
621 2235 817 2290 ecclesiasticas
834 2250 878 2289 res
900 2233 959 2288 aui-
1007 2235 1105 2290 saecula
1116 2249 1261 2289 excurrere
1272 2235 1382 2288 deberet
1394 2250 1409 2286 a
1421 2237 1489 2290 sciti
1500 2239 1681 2317 nonagesimo,
1696 2240 1795 2311 Grcgo

171 2328 245 2367 mum
262 2326 314 2363 nnn
327 2322 424 2363 conver
437 2317 505 2360 erat.
525 2306 594 2359 Tum
620 2320 684 2358 reru
705 2303 822 2359 blarcelli
849 2303 957 2359 Cerrini
1007 2305 1041 2359 rii
1053 2304 1139 2374 llagni
1155 2303 1241 2371 primo
1254 2304 1287 2358 ιιι
1299 2314 1404 2359 sextum
1416 2304 1612 2374 ileeirnumiam
1626 2320 1794 2378 protectam,

170 2379 321 2436 Cardinalis
334 2392 415 2431 suasu
426 2314 581 2445 liiijusmodi
602 2374 699 2428 studiis
719 2382 805 2428 totum
826 2388 855 2428 se
874 2373 955 2436 ilcillt,
1007 2374 1097 2445 queis
1114 2373 1243 2438 llor·ebat;
1258 2388 1292 2427 nc
1315 2375 1368 2429 duo
1396 2375 1504 2443 quidem
1527 2378 1623 2432 secula
1649 2380 1794 2435 niaximum

172 2453 301 2518 breuique
315 2455 377 2502 octn
387 2461 519 2500 annorum
528 2445 615 2513 spatio
626 2441 753 2498 nonnulla
765 2443 793 2497 in
805 2443 892 2498 lucem
905 2443 959 2497 cdi-
1007 2443 1097 2513 operis
1108 2451 1212 2512 partem
1231 2444 1265 2497 ab
1279 2458 1311 2497 co
1320 2445 1410 2498 vocari
1423 2459 1473 2498 nec
1485 2446 1547 2512 dici,
1561 2464 1611 2503 nec
1620 2449 1736 2519 cogitari
1749 2465 1795 2519 po-

171 2523 212 2576 dit
224 2517 438 2599 depantilieihus
455 2523 483 2570 et
506 2513 706 2570 cardinalibus:
733 2513 867 2583 praecipue
894 2528 959 2567 reru
1010 2521 1079 2578 test;
1096 2513 1262 2580 nequeenim
1278 2511 1370 2594 insest
1388 2513 1519 2569 mendacii
1539 2526 1640 2572 tantum
1652 2520 1739 2573 uirum
1753 2535 1796 2573 ar-

172 2587 375 2645 eonscrrbcudis
386 2584 469 2640 clluse
482 2585 551 2640 Vitis
563 2583 727 2645 eorumdem,
771 2596 819 2637 uas
839 2598 854 2636 a
877 2581 960 2637 Raro-
1008 2597 1100 2655 guero,
1114 2593 1161 2637 aut
1173 2583 1255 2637 hebes
1265 2583 1332 2637 aileu
1343 2585 1478 2653 ingenium
1491 2585 1528 2639 illi
1540 2589 1669 2652 tribuere,
1681 2597 1712 2642 iit
1725 2589 1797 2643 lente

172 2658 330 2715 uiolauilari
344 2655 468 2719 uidimus,
481 2668 591 2724 operam
611 2653 729 2708 navarit.
752 2598 861 2707 immet
882 2653 960 2707 testis
1009 2653 1153 2707 admodum
1163 2652 1321 2734 graderetur
1331 2652 1411 2719 longo
1433 2664 1557 2724 suscepto
1578 2659 1685 2713 itinere.
1706 2659 1744 2712 lta
1766 2674 1799 2714 nc

172 2730 230 2798 ipse
239 2736 281 2783 est
296 2727 322 2781 iii
333 2726 450 2780 editione
468 2724 588 2779 historia·
599 2723 755 2791 pontificum
772 2720 882 2777 Plotinae
908 2721 961 2777 Vc-
1029 2721 1253 2778 ioecrtulrahcri
1268 2723 1355 2786 debet,
1386 2724 1518 2778 ontillcins
1532 2743 1579 2780 eas
1590 2727 1694 2781 litteras
1715 2729 1742 2783 iu
1777 2731 1799 2783 i-

173 2795 498 2867 rictiisapudllieliaelem
515 2793 785 2848 Trameiinumanno
800 2791 877 2846 151ιί
897 2791 960 2847 Etc·
992 2823 996 2829 ·
1039 2793 1143 2848 iotheca
1157 2791 1345 2846 Vaticanaseu
1367 2737 1491 2849 lairadum
1513 2799 1649 2851 exstitisse
1672 2809 1736 2851 ante
1751 2816 1799 2853 an-

172 2870 229 2925 uim
245 2868 271 2922 iii
283 2864 476 2934 nuncupatoria
492 2864 525 2918 ad
536 2862 613 2917 Pium
628 2861 661 2917 tv
676 2862 800 2932 epistola,
812 2877 892 2930 quain
914 2861 961 2916 de·
1010 2877 1076 2918 uum
1089 2861 1167 2915 liibl.
1181 2860 1244 2915 lude
1258 2871 1349 2916 autem
1360 2862 1424 2930 quid
1438 2863 1471 2917 ile
1496 2864 1528 2918 iis
1539 2867 1661 2921 evenerit
1688 2869 1800 2938 triginta

173 2939 251 2992 derat
285 2933 427 2990 ιιιιιιιιιιί
442 2948 522 2997 anno,
549 2933 707 3000 cumptaelo
735 2933 870 2988 commisit
888 2929 961 2999 eitte-
1012 2931 1066 2988 illis
1075 2932 1162 2996 annis,
1176 2931 1222 3000 qui
1239 2929 1308 2985 1592
1324 2944 1528 3000 praecesserunt,
1541 2952 1602 2992 cuni
1616 2938 1745 2993 Vaticana
1760 2940 1802 2993 hi·

173 3007 236 3062 dem
257 2951 372 3059 lklatiuie
385 3003 526 3058 historiam
541 3017 602 3056 cum
616 3001 673 3056 suis
682 3002 763 3066 notis,
779 3010 806 3055 et
818 3001 961 3056 additioni-
1012 3001 1229 3059 hliothecanora
1246 3015 1313 3069 opus
1335 3001 1399 3056 illud
1422 3001 1545 3058 l⁸anrinii
1571 3008 1668 3076 adepta
1691 3015 1744 3070 est,
1768 3025 1801 3063 ac

175 3079 242 3133 qm„
258 3094 268 3129 4
287 3075 376 3129 0011oe
393 3074 511 3137 (merem,
521 3071 616 3141 inquit,
641 3086 673 3126 ea
693 3088 753 3141 quai
768 3085 819 3155 ego
844 3071 961 3128 maxima
1012 3070 1147 3144 quomodo
1157 3070 1297 3141 perierint,
1313 3070 1488 3152 divinandum
1499 3074 1559 3129 aliis
1572 3077 1703 3147 relinquo.

172 3146 229 3217 iani
246 3160 279 3199 cx
291 3151 368 3214 parte
378 3141 472 3197 codem
483 3149 640 3211 argumento
653 3142 812 3210 conscripsi.
830 3160 839 3192 ι
853 3139 886 3196 Et
910 3140 962 3195 inl-
975 3117 1000 3183 0
1049 3141 1093 3196 Vl.
1112 3140 1241 3209 Equidem
1255 3139 1426 3215 Panvinianao
1440 3145 1604 3201 recensionis
1625 3162 1723 3201 causas
1737 3159 1800 3215 ape

175 3217 214 3271 tio
231 3230 287 3269 suae
297 3211 441 3268 additionis
451 3210 641 3266 adlecturem:
661 3210 796 3265 «Librum
807 3210 893 3280 ipsum
904 3210 964 3266 lon·
986 3266 991 3275 ,
1014 3211 1094 3274 riam,
1123 3225 1191 3280 quas
1223 3209 1365 3266 rietcriisse
1386 3211 1491 3266 aiebam
1512 3212 1655 3270 Annalium
1677 3216 1805 3271 Ecclesiae
1867 3238 1869 3242 ·

175 3301 210 3358 gc
219 3282 457 3353 locupletissimum
470 3281 674 3336 accuratissiiim
686 3281 823 3350 diligentia
838 3278 895 3348 iam
907 3296 964 3335 ina·
1012 3281 1172 3352 principem.
1195 3225 1274 3334 Kane
1286 3278 1353 3334 rtet
1367 3281 1394 3334 in
1404 3280 1490 3335 lucem
1503 3286 1604 3352 prodiit
1615 3286 1744 3340 Centuria
1755 3287 1803 3339 iila

177 3370 228 3426 gna
238 3368 271 3408 ιι
281 3360 358 3434 pnite
369 3351 536 3413 concinnati,
551 3365 604 3419 qiin
617 3350 797 3404 Rornanorum
808 3350 963 3418 pontificum
1013 3366 1073 3414 ιιιιι,
1084 3349 1161 3418 cujus
1174 3349 1261 3418 capite
1275 3350 1309 3403 lll
1320 3359 1349 3404 ιι
1360 3349 1436 3404 Pauli
1446 3353 1619 3420 epistolarum
1632 3357 1663 3410 51
1683 3365 1711 3409 ιι
1725 3353 1807 3409 Ailri·

178 3435 205 3480 ct
214 3422 401 3487 cardinalium,
416 3435 531 3490 quorum
546 3421 626 3491 116
638 3420 767 3475 memoria
779 3427 877 3482 exstat,
890 3420 965 3474 Vitas
1013 3421 1059 3475 ani
1071 3419 1107 3474 11
1119 3427 1278 3489 argumenta
1291 3421 1385 3474 cadem
1398 3420 1573 3492 perleguntur
1592 3440 1652 3493 quae
1667 3426 1749 3479 hahet
1763 3425 1806 3478 hi-

177 3495 260 3551 elliisc
275 3491 383 3561 scripsi;
397 3492 469 3559 atqui
482 3504 544 3544 cum
556 3505 599 3544 res
624 3491 711 3560 magni
736 3500 763 3544 et
781 3488 896 3543 dillicilis
919 3504 965 3543 nc-
1014 3491 1097 3545 sturia
1113 3489 1286 3543 Paiiriniaua.
1325 3488 1482 3545 Nevcrlrum
1498 3494 1605 3562 quidem
1618 3503 1749 3549 mutatum
1764 3496 1807 3549 ri·

179 3565 245 3634 gutli
257 3565 303 3626 sit,
315 3578 367 3615 iiun
382 3561 419 3614 ita
434 3560 520 3622 iacilc,
542 3574 694 3628 quanquam
712 3557 815 3626 jamdiu
838 3559 966 3612 multum·
1014 3561 1078 3615 ‹lerc
1091 3567 1141 3622 est,
1152 3559 1365 3627 preterquamin
1378 3563 1532 3617 carumdem
1543 3563 1714 3625 indicatione,
1723 3578 1804 3632 quam

179 3629 780 3703 queinimelalrorai·erim,conlii·ipotuit.r
809 3627 895 3695 Quum
923 3643 967 3682 re·
1016 3628 1253 3701 rcmdatagopeia
1267 3642 1328 3684 csse
1350 3629 1540 3687 iactamnemu
1565 3635 1742 3689 nondiierit.
1773 3633 1807 3687 Et

178 3713 221 3758 ιιι
236 3703 348 3756 arduum
364 3701 500 3770 negotium
510 3707 662 3769 exaggeret,
677 3697 739 3753 inde
747 3699 884 3762 discimus,
894 3696 967 3766 quod
1016 3713 1101 3760 sane:
1132 3699 1277 3766 «Scripsit,
1300 3698 1434 3768 inquiunt,
1456 3701 1553 3756 Paulus
1566 3705 1695 3772 epistolas
1715 3703 1808 3773 plnres

180 3783 267 3828 morte
282 3771 424 3825 admodum
443 3770 587 3824 inauratura
613 3777 765 3838 praeventus
791 3784 863 3824 anno
887 3768 965 3833 1558,
1016 3770 1050 3823 ad
1064 3767 1215 3838 Pippinum,
1243 3769 1277 3822 ad
1289 3767 1525 3837 carolomannum,
1552 3782 1579 3826 ct
1597 3774 1630 3827 ιιι
1657 3774 1806 3828 exercituin

180 3852 285 3897 tautum
298 3856 365 3910 opus
384 3854 437 3893 nnn
449 3837 610 3894 coniecerat.
626 3839 721 3893 Exstat
735 3838 889 3894 illndhoilie
908 3838 968 3908 plu-
1015 3838 1192 3898 Francorum,
1212 3845 1239 3891 ct
1260 3838 1293 3891 ad
1311 3838 1378 3892 alios
1392 3840 1538 3907 qnosilam:
1555 3859 1635 3897 unam
1658 3853 1685 3896 ct
1698 3843 1809 3912 triginta

181 3914 256 3968 ribus
270 3909 449 3965 voluminibus
466 3910 689 3977 comprehensum
711 3909 737 3963 in
760 3909 883 3962 biblioth.
905 3910 966 3963 l'at.
1017 3924 1083 3964 mss.
1096 3907 1280 3975 accepimus.»
1301 3908 1354 3962 ista
1366 3908 1389 3962 si
1400 3910 1524 3965 conferas
1536 3928 1597 3966 cuni
1609 3913 1643 3966 iis
1656 3929 1717 3981 quar
1726 3928 1808 3982 supra

182 3981 258 4053 (dod.
276 3998 303 4035 n.
317 3978 407 4049 etot),
421 3995 474 4049 quo
487 3986 528 4034 est
549 3978 674 4032 collatum
696 3992 728 4032 ex
741 3979 812 4032 durio
823 3977 852 4030 P.
874 3976 968 4032 Ciaco
1016 3977 1162 4033 afferebam
1183 3990 1216 4029 ex
1243 3976 1387 4043 Panrinio,
1415 3979 1566 4036 detractum
1591 3982 1695 4037 ridebis
1725 3998 1805 4053 repca,

181 4052 220 4107 nii
231 4053 274 4106 dic
284 4049 319 4105 95
329 4049 495 4118 Septembris
506 4063 551 4101 an.
564 4048 641 4112 1592,
658 4049 804 4117 utpraesrxa
821 4048 896 4117 operi
913 4063 970 4102 me-
1017 4047 1109 4118 ignota
1120 4046 1198 4100 uobis
1210 4060 1244 4100 cx
1258 4061 1358 4111 causa;
1373 4056 1401 4102 et
1417 4064 1476 4116 pro,
1489 4051 1517 4104 in
1536 4051 1660 4105 biblioth.
1686 4050 1746 4104 l'ct.
1762 4067 1809 4105 cx·

181 4120 267 4176 moria
286 4121 373 4185 docet,
390 4126 443 4174 cta
455 4126 549 4174 sancto
560 4116 689 4186 Gregorio
711 4117 807 4187 llaguu
828 4117 968 4173 exordium
1017 4127 1096 4180 nant,
1116 4117 1216 4170 dictum
1231 4118 1385 4187 accepinrui.
1409 4118 1524 4174 Perinde
1536 4119 1740 4176 cstdehdriani
1751 4110 1809 4207 epi-

183 4191 267 4246 ducit.
1018 4186 1109 4242 stolis:
1127 4185 1178 4240 Ubi
1189 4185 1261 4240 eninr
1271 4184 1415 4242 Panvinius
1427 4189 1484 4267 (iol.
1497 4190 1576 4259 1155)
1587 4191 1714 4260 scripsit:
1732 4209 1741 4238 ι
1757 4191 1809 4244 lax-

219 4259 263 4316 tv,
275 4257 304 4313 lii
322 4254 469 4324 tertioejus
480 4255 615 4311 uolumine
636 4255 693 4326 (iol.
710 4253 788 4324 titt)
813 4255 858 4310 uhi
881 4255 971 4378 agitur·
1008 4264 1092 4321 ,stant
1105 4254 1133 4308 in
1146 4254 1270 4309 biblioth.
1290 4256 1349 4310 llat.
1364 4256 1399 4311 11
1414 4273 1473 4325 erus
1484 4260 1603 4328 epistolia
1626 4262 1660 4314 ad
1679 4260 1808 4315 Garuluiu

181 4330 216 4386 dc
234 4326 309 4382 l‘auli
339 4326 415 4389 estis,
429 4325 734 4395 paucaharevismrtur:
751 4344 760 4374 r
777 4326 892 4393 Scripsit
925 4341 971 4379 nu·
1019 4340 1109 4395 rcgcur
1130 4325 1249 4394 scriptae,
1271 4340 1386 4394 quarum
1407 4338 1564 4398 argummrta
1583 4330 1703 4384 indicare
1720 4345 1810 4398 opere

182 4400 225 4453 lus
237 4344 365 4466 epistolas
374 4396 463 4464 plures
481 4396 515 4449 ιιι
528 4395 667 4463 Pippinum
696 4404 722 4450 ct
745 4396 970 4451 carolomannum
1020 4395 1235 4465 pretiumerit,r
1257 4395 1496 4466 llagilehurgenses
1511 4400 1601 4456 aiunt:
1626 4399 1812 4469 «decepimus

183 4482 270 4537 reges,
284 4465 318 4519 ad
338 4464 486 4520 exereitum
502 4464 675 4530 Francorum,
700 4473 727 4520 ιι
741 4465 775 4520 ad
800 4464 868 4520 alios
890 4480 971 4535 quos·
986 4461 1080 4534 Dejus
1095 4462 1131 4517 ll
1144 4464 1271 4532 epistolas
1292 4481 1356 4519 mss.
1383 4477 1416 4520 an
1433 4468 1567 4532 (laridum,
1591 4485 1706 4538 quarum
1733 4485 1813 4538 argu·

185 4539 257 4599 darn,
289 4550 321 4589 cx
340 4535 439 4604 quibus
453 4549 506 4590 una
520 4544 547 4589 et
564 4534 673 4604 triginta
686 4535 713 4589 in
734 4534 896 4591 bibliotheca
919 4535 971 4590 Va·
1022 4532 1644 4658 riieirtaindieaieoperaegrretiumduximus.r
1672 4539 1739 4606 Quis
1750 4553 1814 4594 rcro

185 4607 274 4661 ticana
285 4613 402 4668 exstant,
423 4619 536 4673 quarum
552 4605 709 4659 breitssmra
732 4615 887 4676 argumenta
907 4604 973 4673 adji-
1022 4605 1086 4660 liinc
1099 4618 1153 4657 nuri
1165 4604 1247 4669 riilet,
1263 4605 1332 4659 male
1356 4608 1471 4662 eriatunr
1478 4608 1594 4677 aliquem
1610 4609 1725 4663 inrtassc
1739 4623 1815 4663 aura-

187 4677 267 4732 eiam.
280 4695 289 4727 r
304 4674 363 4729 lior
375 4674 695 4744 sequuntursingularuin
705 4685 884 4744 argumenta«
901 4691 974 4729 suni-
1022 4688 1161 4736 iiuensem,
1188 4685 1262 4729 certe
1290 4674 1386 4729 laisum
1401 4676 1522 4741 fratrem,
1550 4679 1672 4733 Parsirai
1691 4679 1816 4733 lalmrniu

186 4745 280 4800 niatlm
290 4745 451 4814 presencia,
463 4752 490 4798 ct
505 4745 647 4811 receirsita,
666 4764 675 4796 r
695 4760 754 4814 quie
767 4747 833 4800 uidit
844 4745 974 4800 llaioniiis
1022 4743 1175 4813 exemplum
1191 4743 1260 4798 clam
1279 4745 1386 4799 misisse
1404 4747 1438 4801 ad
1455 4749 1644 4803 Centuriarmn
1657 4749 1814 4817 scriptores,

187 4822 286 4870 sanctae
299 4814 426 4868 llomauie
437 4814 563 4869 Ecclesia
572 4822 627 4869 tum
640 4813 859 4871 bibliothecarius
884 4815 973 4870 acle·
1024 4820 1175 4877 uterentur,
1202 4815 1423 4881 abuterenturve
1451 4819 1531 4874 modo
1557 4817 1615 4871 auri
1632 4833 1710 4873 sacra
1730 4819 1816 4873 lumes

188 4893 280 4940 mente
295 4883 349 4938 litt
362 4884 536 4954 designatus:
555 4899 640 4953 qiiare
654 4900 716 4939 cuni
736 4896 860 4940 octamrn
885 4885 975 4939 rliiita-
1023 4883 1194 4955 expleretur?
1220 4883 1259 4938 Ex
1271 4900 1366 4955 magna
1381 4886 1507 4956 utrinque
1521 4888 1696 4943 similitudine
1706 4897 1733 4942 et
1750 4903 1816 4942 con·

190 4955 256 5009 lium
269 4955 392 5009 rulunicn
414 4971 484 5008 amin
499 4955 564 5008 15911
578 4955 723 5036 evulgavit,
739 4955 767 5009 iii
796 4956 918 5026 quongit
942 4957 976 5011 de
1025 4954 1161 5011 uenientia
1179 4951 1324 5009 Gretserus
1341 4954 1452 5020 olfecit,
1478 4957 1718 5028 llagdeburgcuses
1741 4956 1816 5014 Oriu-

190 5024 266 5080 l‘auli
281 5026 362 5078 rebus
377 5024 467 5094 gestis,
482 5024 603 5079 Panvinii
621 5034 702 5078 ctiam
714 5040 779 5080 mss.
806 5026 912 5082 codices
931 5041 976 5081 ac-
1015 5024 1169 5096 .phrianum
1179 5025 1413 5080 codieemridisse.
1429 5028 1604 5094 «Quaeram,
1619 5029 1668 5092 ait,
1679 5028 1721 5082 his
1732 5029 1818 5083 larer-

191 5102 330 5151 cesserant
340 5092 373 5147 ad
384 5107 468 5148 eain'i
485 5110 609 5164 magnam
623 5094 713 5148 rerum
726 5096 841 5165 copiam,
858 5115 868 5149 ι
895 5112 975 5165 quam
1016 5095 1161 5159 ‚itionibus
1177 5097 1522 5165 eorumquesuhaitjmtset
1532 5098 1708 5164 administris,
1720 5099 1821 5153 bibho·

174 5169 219 5222 ‘se
239 5164 406 5235 congessisse
431 5165 521 5219 aiebat
546 5165 572 5218 iu
598 5167 794 5233 nuncupatoria
811 5165 888 5220 Toni.
913 5166 922 5220 l
942 5167 976 5221 ad
1027 5167 1164 5221 thecanou
1177 5165 1305 5233 patuitlr
1326 5165 1520 5232 l'alliturrero,
1539 5168 1695 5236 dumputat,
1711 5167 1807 5237 blagdo

191 5234 478 5299 scaturrientes&
503 5253 513 5285 i
543 5243 670 5304 tanquam
696 5235 722 5288 in
743 5236 859 5306 aliquam
880 5238 975 5292 cellam
1026 5236 1186 5307 burgenses,
1203 5251 1271 5305 ipro
1286 5238 1663 5308 morcnsssuucalumirias
1675 5237 1819 5292 nonnullas

189 5305 339 5376 penariam,
357 5307 612 5374 praescitimcontra
625 5307 864 5362 novatoresnostri
876 5314 975 5377 tciirpo
1028 5305 1241 5374 intersparsisse.
1261 5325 1270 5357 r
1295 5305 1362 5360 Nam
1375 5307 1521 5363 l’arirnrius
1536 5323 1667 5379 synopses
1689 5307 1750 5363 illas
1771 5323 1819 5363 ea-

191 5376 229 5430 ris
238 5391 288 5445 pio
300 5390 437 5431 sacrarum
447 5375 622 5430 traditionum
640 5375 800 5444 antiquitate
825 5392 859 5432 ac
878 5387 978 5433 sarreria
1028 5376 1138 5445 scripsit
1151 5391 1185 5430 ex
1197 5377 1257 5430 cod.
1273 5376 1334 5431 llat-
1359 5378 1453 5445 quales
1465 5378 1536 5448 apud
1558 5377 1763 5433 centuriatores
1782 5378 1820 5432 le·

191 5443 320 5500 Romanae
331 5444 471 5502 catholicae
484 5444 611 5501 Ecclesiae
624 5452 767 5526 potestate.
787 5467 797 5502 ι
813 5447 871 5502 Duo
887 5455 977 5502 auteur
1028 5455 1141 5515 guntur,
1161 5455 1189 5499 et
1202 5462 1262 5516 quac
1278 5446 1406 5501 Gretscro
1419 5449 1544 5503 ridentur
1554 5448 1706 5512 eatuiriiiiae,
1715 5449 1820 5502 nullum

193 5514 340 5569 (brutissimi
361 5516 681 5586 scriptorisdiligcntiaui
706 5515 808 5586 fugisse
831 5518 975 5574 ridentur:
1028 5516 1110 5570 aliurn
1132 5524 1232 5570 imrunt
1255 5524 1392 5570 auctorem
1413 5530 1512 5586 practer
1533 5517 1701 5581 Panriaiuru,
1720 5519 1767 5588 qui
1788 5532 1822 5572 cx

192 5580 361 5638 bibliothecae
373 5584 511 5642 Vaticana
526 5585 624 5642 ueteris
635 5584 754 5642 conditio
766 5597 795 5644 ct
806 5587 979 5645 Pairrinianae
1031 5586 1077 5642 illo
1090 5585 1184 5641 codiee
1207 5585 1356 5655 ipsissimas
1378 5602 1425 5642 eas
1442 5589 1558 5657 excepit,
1581 5601 1634 5642 noii
1652 5589 1824 5644 aiiinradrer·

194 5649 300 5706 illomrn
307 5664 526 5733 argumentorum
536 5655 700 5713 recensionis
712 5671 811 5714 causa.
1029 5664 1100 5721 teus,
1114 5655 1275 5725 quandoque
1292 5671 1385 5710 rocem
1397 5657 1526 5728 aliquam,
1542 5658 1569 5712 iu
1587 5671 1701 5726 prauum
1714 5672 1824 5713 serasera

232 5719 515 5783 reclinatoriam
531 5727 603 5800 quod
617 5726 723 5800 attinet,
734 5727 979 5797 haaciustro‘tcte
1031 5724 1260 5794 triumuiralem,
1275 5727 1418 5789 iisiiicsse.
1452 5727 1621 5787 llbiautcni
1630 5727 1730 5800 Lipsiae
1744 5728 1825 5800 prelii
