3780 6120
42 328 95 385 tit
129 326 209 385 GOl).
230 325 318 383 Dillio.
332 357 367 368 -
383 326 531 397 timebit,
548 329 638 395 nte,
651 328 717 386 sad
733 328 847 385 cenat
860 327 1067 389 catnntta't's.
1079 364 1114 376 -
1128 334 1213 393 niss.
1229 335 1273 391 ΙΙΕ
1287 335 1375 392 nint.
1391 336 1520 395 LUDOV.
1536 337 1590 395 nit.
1627 340 1692 397 5'il·

40 445 136 517 gustis.
163 442 228 499 ilta
246 451 309 513 post
330 440 491 512 Gregorinn.
510 443 542 498 ΙΙΙ
558 459 629 499 anno
653 443 704 498 tet
730 444 836 497 instan·
849 451 873 504 Λ
887 444 971 511 dedit,
990 460 1024 501 ne
1039 462 1117 503 suam
1135 447 1293 505 electionem
1316 449 1506 517 conbrmaret;
1534 455 1582 509 sed
1601 453 1682 511 disei-

41 526 99 573 rata
120 522 164 571 est
176 512 267 583 prisca
286 512 331 567 illa
358 512 527 569 consuetudo
548 513 673 570 mittendi
696 514 836 568 decretum
907 514 1235 589 interminatusque
1254 534 1303 575 sno
1320 535 1379 575 aero
1393 520 1544 589 obtinebat,
1561 522 1681 593 primurn

41 584 181 643 deciloms
193 584 228 639 ad
240 582 405 653 principem
423 598 494 637 anno
513 584 639 639 videlicet
658 583 709 641 dli
725 585 752 640 in
771 582 837 639 Leo·
887 530 1007 650 liitebris,
1022 587 1120 644 deinde
1131 588 1282 645 constantia
1306 597 1410 646 tantum
1432 606 1502 647 onos
1515 608 1545 649 se
1559 592 1682 649 aversari

41 658 83 715 nis
95 656 129 711 ΙΙ
140 654 284 718 electione,
306 654 414 708 tametsi
432 652 498 709 Urbi
514 654 664 723 periculum
692 654 836 709 imminens
851 657 855 665 '
887 656 959 710 serio
970 664 1083 714 testatus
1096 666 1148 715 est.
1165 659 1312 728 Postquam
1326 669 1417 716 autem
1427 660 1581 719 Liiilorieus
1593 662 1614 718 ll
1629 662 1682 719 Le·

42 726 236 799 impedimento
256 722 317 788 luit,
344 721 509 790 qninjussio
531 739 564 779 ae
582 725 658 779 missi
683 723 837 794 imperiales
888 725 968 781 tbarii
987 729 1126 796 patrissui
1140 727 1406 799 jussunpostolicum
1421 732 1589 803 privilegium
1608 732 1682 789 obti-

42 803 274 869 cispectarentnr.
291 793 472 861 Quamobrem
491 795 643 865 biijnsmoili
665 794 837 849 instauratio·
887 795 956 860 nuit,
974 796 1029 853 Leo
1040 799 1084 858 ΙΙ.
1097 799 1258 855 Benedictus
1267 799 1309 864 ΙΙΙ,
1326 800 1452 857 Nicotaus
1464 801 1484 868 l,
1499 803 1636 859 Adrianus
1647 803 1679 867 ΙΙ,

42 866 83 923 iiis
100 876 170 923 :etas
187 873 230 948 est
248 865 316 920 adeo
331 871 417 929 certa,
434 872 464 918 ut
475 879 508 919 eii
523 865 692 921 documentis
709 864 836 926 sublesta
887 874 914 920 et
925 864 1043 924 loannes
1057 869 1124 934 vlit,
1147 870 1265 940 quinque
1278 880 1307 925 et
1320 870 1413 943 viginti
1434 888 1565 928 annorum
1580 874 1679 944 spatio,

42 938 101 994 adet
113 936 227 992 extundi
240 949 409 1003 nequaqnam
429 934 535 989 debeat.
744 1003 751 1015 ο
882 933 960 1004 lanta
975 940 1150 995 constitutam
1174 941 1245 997 bane
1267 941 1404 1009 pontilicia
1421 943 1584 999 auctoritate
1600 943 1682 999 disei-

75 1008 160 1090 ΠΒ
175 1004 318 1062 xxxviii.
337 1003 530 1060 Gertambane
546 1004 668 1074 pristimo
691 1003 836 1073 subiectio
886 1006 998 1075 punam,
1023 1007 1175 1080 inaugurati
1200 1010 1318 1065 luerunt.
1343 1010 1428 1068 Serus
1458 1023 1500 1069 est
1524 1015 1559 1070 de
1582 1029 1680 1070 nomm

42 1076 83 1131 uis
95 1077 321 1134 instaurationem
344 1075 483 1144 precessit
495 1089 578 1130 causa
590 1089 667 1145 teque
688 1083 773 1139 certa,
787 1090 837 1130 cur
886 1080 1089 1136 successoribus
1100 1078 1212 1136 loannis
1227 1080 1283 1137 Vlll
1298 1081 1435 1138 sexdecim
1449 1099 1583 1139 annorum
1593 1083 1681 1154 spatio

42 1145 154 1221 Sergius
170 1146 347 1230 apostolicam
361 1143 837 1270 sedemjugnmgampridcm‘eicus·
886 1146 921 1200 ab
944 1163 1016 1229 anno
1040 1149 1093 1205 tet
1107 1151 1142 1205 ad
1165 1151 1219 1207 898
1242 1151 1345 1218 electis,
1358 1152 1483 1209 videlicet
1507 1152 1623 1211 llartioo
1647 1152 1679 1217 ll,

41 1232 99 1273 tum
119 1218 215 1275 subire
233 1226 331 1273 iteruin
348 1224 495 1287 pateretur,
522 1216 687 1271 linonicum
711 1216 836 1271 videlicet
885 1214 1005 1272 adriano
1019 1219 1061 1275 ΙΙΙ.
1077 1218 1216 1290 Stephano
1240 1222 1272 1286 v,
1290 1222 1440 1289 Formosa,
1466 1222 1606 1281 Brinibieiu
1629 1224 1678 1288 l'l,

41 1294 126 1343 ratam
146 1287 278 1344 babuisse
299 1286 457 1343 eanonieini
484 1285 643 1342 electionem
659 1284 782 1357 Gregorii
801 1285 835 1341 it
886 1284 1025 1357 Stephano
1038 1289 1080 1354 Vl,
1096 1289 1228 1354 Romano,
1252 1292 1395 1349 Theodoro
1408 1293 1441 1359 ll,
1464 1304 1493 1349 et
1515 1292 1619 1350 loanne
1632 1294 1679 1357 lb,

41 1372 111 1414 anne
131 1357 197 1415 ΙΙΙ.
220 1357 442 1427 Quandoquidem
472 1355 615 1412 Valentino
657 1365 701 1411 ost
726 1357 835 1411 brci'em
885 1371 954 1424 quos
981 1375 1076 1414 omues
1093 1360 1197 1430 absque
1214 1359 1337 1429 jussione
1354 1364 1485 1434 principis
1502 1364 1682 1421 missoriimie

40 1428 219 1557 &draginta
233 1426 339 1483 dierunt
361 1426 547 1497 pontificatum
565 1426 613 1482 der
648 1434 720 1492 ente,
734 1426 836 1496 Grego·
884 1429 1028 1496 periseiitia
1041 1430 1181 1486 ordinatos
1193 1432 1511 1500 compertuineritQiite
1525 1449 1569 1490 res
1584 1432 1681 1490 Garelo

105 1496 143 1557 tt
156 1498 211 1554 rite
223 1498 327 1554 electus
340 1506 499 1553 constanter
509 1496 577 1552 arico
596 1513 733 1552 somnium
750 1496 835 1551 bono·
885 1496 985 1553 Crasso
996 1508 1024 1554 ct
1034 1500 1238 1557 suecessoribus
1252 1502 1396 1572 personale
1412 1503 1439 1558 id
1454 1502 1626 1577 priuilegium
1635 1502 1684 1559 de·

42 1583 95 1624 retii
113 1569 264 1635 reeusarit,
275 1577 306 1623 nt
319 1567 446 1623 Lndoiiei
467 1567 617 1623 auctoritas
634 1567 782 1623 accessisse
794 1565 835 1621 in·
885 1565 969 1623 tuisse
982 1570 1159 1626 demonstrat.

41 1639 165 1695 veniatur
182 1646 247 1695 ante
272 1638 351 1695 electi
376 1637 512 1709 poiitilleis
538 1637 780 1694 consecrationem.
805 1634 834 1691 ld
920 1637 977 1694 XL.
992 1638 1069 1706 Tres,
1086 1640 1184 1697 Garolo
1198 1641 1298 1699 Crasso
1315 1643 1474 1713 imperante,
1496 1642 1573 1698 electi
1588 1658 1684 1700 conse-

42 1716 157 1765 tatano
166 1707 349 1765 Astronomus
361 1709 387 1763 in
408 1708 469 1764 Vita
480 1707 608 1763 badonici
622 1708 684 1763 Pii:
706 1705 835 1777 ‹Grego-
885 1709 1007 1778 emtique
1032 1720 1096 1766 sunt
1116 1712 1268 1781 pontiliccs,
1292 1729 1407 1783 quorum
1435 1722 1601 1784 postremum
1622 1713 1685 1768 Ste-

44 1778 97 1835 n’rs
114 1780 261 1857 presbyter
275 1780 318 1833 tit.
338 1779 425 1836 sancti
441 1777 523 1833 blanci
544 1777 656 1860 electus.
668 1787 727 1845 est,
749 1776 833 1860 illlata
850 1776 1005 1900 B[thanum
1019 1781 1040 1836 v
1054 1782 1144 1863 ignota
1159 1784 1238 1839 nobis
1255 1799 1290 1839 eii
1301 1798 1382 1839 cansa
1399 1784 1546 1853 imperator
1555 1799 1628 1854 aegre
1642 1793 1693 1839 tu-.

45 1849 245 1907 imoeaadooe
259 1848 319 1919 ejus
337 1864 422 1919 osque
435 1849 469 1904 ad
483 1848 636 1905 consulturo
649 1856 832 1918 imperatoris,
897 1855 924 1909 ιι,
949 1865 979 1904 se
1004 1849 1090 1909 inscio
1112 1861 1234 1909 creatum
1259 1868 1329 1909 esse.
1354 1853 1422 1909 lieni
1443 1853 1554 1910 tradunt
1571 1854 1684 1909 anriales

46 1934 94 1991 qao
104 1928 244 1977 annuente
260 1919 457 1979 etelectionem
467 1918 531 1975 cleri
545 1926 573 1975 et
588 1918 678 1989 populi
689 1919 832 1987 probante,
884 1917 1033 1975 Fnldeiiscs
1052 1938 1099 1992 ap.
1115 1922 1264 1979 Frebenim
1280 1923 1365 1995 (tom.
1390 1923 1409 1989 l,
1427 1938 1454 1992 p.
1472 1923 1528 1995 db)
1548 1923 1684 1990 simulque

47 1988 183 2049 edraim
201 1990 284 2049 estin
306 1989 365 2047 loco
377 1990 485 2061 prioris.
504 2010 514 2044 i
537 1987 623 2057 Quam
646 2004 702 2045 rem
722 1988 834 2045 annales
883 1988 992 2055 dotent,
1014 2006 1095 2061 quain
1114 1992 1218 2049 inutilis
1234 1992 1316 2048 luerit
1338 1992 1379 2047 bn
1400 1993 1454 2049 usti
1473 1993 1654 2065 expostulatio
1673 2012 1680 2049 :

48 2058 196 2131 dgiobardo
222 2060 328 2125 tributi,
342 2068 370 2118 et
386 2059 536 2116 Bertiniani
557 2059 647 2115 nciliis
661 2058 722 2114 aliis
736 2060 834 2114 contii·
887 2058 1026 2115 ‹llomani
1039 2062 1176 2132 pontilicis
1193 2063 1235 2119 sui
1249 2062 1333 2132 (ddr.
1359 2063 1370 2118 l
1398 2062 1408 2133 l
1426 2070 1514 2119 morte
1530 2071 1682 2145 comperta,

50 2140 135 2187 naut:
153 2148 163 2187 t
179 2128 240 2187 Non
253 2130 329 2200 prius
349 2131 491 2187 ordinatus
502 2146 554 2194 esi,
569 2145 651 2200 quain
666 2129 771 2198 legatus
784 2129 834 2184 iin·
885 2126 1052 2200 Stephanum
1068 2132 1198 2191 inlocum
1211 2131 1271 2202 eins
1284 2134 1492 2189 constituerunt.
1509 2131 1585 2188 liude
1598 2148 1684 2202 impe

52 2200 174 2271 patens
196 2199 313 2257 Romam
327 2201 410 2269 reiiit,
424 2209 452 2256 ct
469 2200 630 2257 eiectionem
642 2199 733 2282 populi
745 2199 834 2269 qualis
884 2207 959 2255 rator
971 2200 1066 2269 iratus,
1082 2202 1153 2272 qiiod
1167 2219 1200 2259 eo
1213 2203 1366 2259 inconsulto
1378 2202 1462 2259 ullum
1479 2203 1606 2258 ordinare
1616 2218 1684 2272 prn-

54 2278 127 2337 uet,
139 2269 317 2327 examinarit.
336 2292 345 2323 ι
360 2270 408 2326 llis
426 2272 534 2343 quidem
552 2270 716 2326 testimoniis
736 2269 835 2341 Pagius
884 2282 1068 2341 sumpserunt,
1093 2273 1167 2329 misit
1187 2273 1387 2339 Liutwardum,
1404 2283 1432 2329 et
1450 2274 1582 2343 quosdam
1600 2272 1681 2329 iloni.

56 2338 141 2412 aliique
154 2350 270 2397 utuntur
292 2342 326 2398 ad
341 2342 507 2410 suppositam
522 2340 636 2413 Eugeiiii
662 2348 690 2396 et
710 2339 835 2395 Lotbaiii
884 2340 958 2397 sedis·
970 2341 1123 2414 episcopos,
1146 2344 1191 2413 qui
1215 2359 1278 2400 euni
1302 2343 1468 2413 deponerent
1484 2361 1491 2397 ε
1507 2344 1580 2413 quod
1601 2343 1684 2413 perd-

57 2411 274 2476 ttastitutiouem,
297 2412 331 2467 dc
373 2427 406 2467 ua
424 2412 553 2476 diximus,
569 2411 764 2475 roborandam
786 2408 834 2465 scd
884 2423 947 2465 cere
973 2411 1084 2467 mininie
1109 2422 1265 2483 potnerunt.
1294 2413 1363 2469 Nam
1388 2415 1533 2484 praedictus
1559 2413 1691 2484 pontifex.

59 2493 112 2563 tau·
124 2480 206 2540 iidem
229 2479 341 2536 annales
354 2427 488 2541 gotranni
505 2482 668 2537 electionem
688 2489 717 2536 et
738 2496 834 2562 conse-
885 2479 1042 2549 imperatori
1058 2498 1108 2553 per
1126 2485 1230 2555 legates
1241 2500 1316 2549 suos,
1334 2484 1478 2554 plusquam
1494 2484 1684 2554 abepiscopo

60 2558 211 2615 arbonem,
242 2551 317 2615 nulla
341 2567 491 2608 consensus
521 2551 669 2622 imperialis
696 2559 835 2606 mentione
885 2565 945 2605 rum
969 2553 1089 2617 nomina,
1107 2563 1135 2609 et
1152 2554 1272 2609 omniurn
1294 2555 1524 2624 presbyterorum,
1548 2563 1577 2612 et
1590 2554 1683 2611 anco

60 2616 125 2685 setta,
138 2622 269 2686 reteraiu,
279 2620 403 2692 Gregorii
414 2620 507 2705 potius
527 2621 666 2677 renuentis
681 2636 762 2676 causa
782 2621 833 2675 iui-
884 2635 982 2676 norum
993 2623 1180 2689 cardinalium,
1193 2633 1274 2693 atque
1291 2623 1427 2681 inferioris
1441 2624 1542 2695 gradus
1551 2639 1683 2694 persona·

95 2700 173 2753 ,iatam
195 2692 389 2747 auctoniatem
414 2693 595 2762 imperatoris,
620 2699 650 2747 nt
673 2692 833 2747 canionieaoi
884 2706 955 2757 runi,
969 2706 1073 2747 necnon
1095 2701 1123 2749 et
1136 2694 1267 2751 laieomm
1279 2693 1431 2763 principum
1447 2693 1567 2765 regionis
1578 2693 1683 2763 scripta

141 2776 194 2835 que
212 2762 373 2819 electionem
385 2771 515 2829 tueretur,
535 2762 733 2826 denienstrant,
751 2777 833 2832 quani
884 2760 1039 2827 destinarit,
1053 2763 1100 2832 qui
1113 2778 1209 2821 omnes
1223 2764 1388 2819 unanimiter
1401 2779 1464 2821 eum
1482 2763 1633 2834 elegerunt,
1653 2770 1686 2818 et

62 2828 270 2903 tinimpcratori
298 2832 424 2907 injustam
455 2831 607 2903 hujusmodi
631 2831 833 2901 usurpationem
883 2828 944 2886 e'us
963 2832 1044 2957 ¹¹3
1063 2834 1227 2890 ordinationi
1258 2834 1509 2905 subscripserunt·
1534 2832 1682 2904 opiniones

62 2900 188 2957 mabam
206 2902 391 2973 Preterquam
409 2904 482 2979 qnod
502 2904 525 2959 si
549 2902 702 2972 hujusmodi
728 2902 833 2958 artibus
884 2901 999 2958 aiomm
1042 2904 1091 2968 ias,
1113 2905 1250 2975 praeeipue
1264 2903 1372 2959 illoniru
1397 2903 1443 2974 qui
1455 2902 1576 2959 Adriano
1585 2902 1617 2957 ΙΙΙ
1635 2902 1684 2959 de-

62 2966 210 3040 dteiplinam
233 2973 384 3029 abeodem
408 2972 545 3036 liuderico
557 2973 627 3044 bug.
645 2971 833 3031 confirmatam
884 2974 1126 3030 eretumtribuunt
1147 2974 1408 3031 deconsecrationis
1426 2974 1553 3030 libertate
1567 2972 1684 3046 pristina

62 3042 173 3098 usadl'l
186 3043 214 3097 in
227 3041 376 3113 diplomate
390 3044 424 3100 de
435 3059 490 3114 quo
502 3044 615 3115 agimus,
636 3043 834 3113 posterioribus
884 3042 1011 3114 deinceps
1031 3044 1196 3115 recipienda,
1214 3045 1355 3100 brevitatis
1370 3059 1436 3116 ergo
1457 3042 1682 3114 praetermittam

62 3107 120 3181 litte
141 3115 308 3183 argumentis
329 3114 468 3170 infirmare
492 3114 673 3178 contendunt,
694 3111 751 3182 jam
776 3112 832 3168 diii
884 3113 911 3168 id
927 3124 1016 3171 antoni
1029 3112 1164 3170 affirmare
1183 3115 1273 3170 nullus
1291 3114 1394 3182 dubito,
1419 3113 1493 3184 qnod
1514 3113 1684 3196 Garoliiigios

62 3181 139 3253 (nbi)
150 3184 245 3255 quanti
263 3192 386 3256 oporteat
405 3184 464 3239 lieri
479 3185 630 3253 argumenti
644 3184 714 3239 istu-l
735 3198 830 3253 genus.
846 3196 870 3267 c
885 3181 956 3238 inter
969 3186 1104 3254 dugiistos
1124 3186 1246 3255 praedicti
1260 3186 1314 3241 duo
1326 3185 1458 3240 duntaxat
1472 3183 1613 3255 priuilegio
1629 3192 1683 3241 isto

62 3248 175 3309 laetum
198 3268 281 3309 eausa
310 3262 384 3310 certa
407 3254 564 3310 instaurata
593 3252 768 3323 subiectionis
791 3263 834 3309 est
885 3254 1021 3322 personali
1033 3256 1074 3310 nsi
1089 3265 1162 3311 snut.
1178 3256 1247 3313 Guni
1260 3269 1325 3310 nero
1348 3255 1482 3313 sexdecim
1494 3254 1528 3311 iis
1541 3254 1621 3309 anuis
1634 3255 1682 3325 qui

61 3322 169 3389 wicta
185 3322 335 3395 imperialis
351 3325 523 3381 auctoritatis
540 3324 714 3394 imploratio:
728 3325 833 3379 instau-
884 3325 973 3380 oetan
985 3323 1097 3382 loannis
1107 3328 1211 3383 obitum
1222 3325 1361 3383 consecuti
1376 3332 1450 3389 saut,
1461 3339 1548 3394 usque
1557 3324 1593 3381 ad
1602 3322 1683 3381 loan-

61 3398 119 3447 riter
134 3399 225 3449 autem
248 3394 399 3467 Sergiosll
422 3402 531 3467 petente
553 3394 680 3450 botliario
703 3394 834 3451 Lndoriei
883 3392 926 3449 nis
939 3393 975 3450 ΙΙΙ
987 3394 1151 3452 creationem
1172 3412 1244 3453 anno
1264 3396 1318 3453 898
1329 3395 1415 3451 multa
1436 3394 1508 3450 mala
1529 3394 1680 3460 evenerint,

61 3458 111 3519 iliu.
123 3462 173 3518 llic
185 3464 305 3535 quandiu
316 3466 377 3536 pins
390 3466 497 3536 genitor
511 3465 579 3520 sirit
597 3463 634 3519 nil
648 3465 710 3520 nori
724 3465 834 3519 niolitus
882 3461 1057 3535 eiusdemque
1079 3464 1191 3522 loannis
1204 3467 1365 3523 electionem
1386 3465 1547 3536 sergianum
1561 3465 1682 3521 sebisma

61 3540 103 3599 tit,
122 3534 258 3593 luderico
270 3544 361 3592 autem
375 3545 484 3592 mortno
504 3550 577 3591 anno
590 3534 652 3600 8Ιο,
676 3542 704 3590 et
724 3533 834 3589 incunte
882 3535 1059 3603 perturbant,
1076 3538 1162 3592 sensit
1177 3536 1222 3592 liie
1237 3536 1360 3609 pontifex
1374 3552 1429 3593 rion
1443 3550 1503 3592 esse
1514 3535 1611 3591 inutile
1629 3536 1681 3591 iiu-

10 3652 12 3657 .
62 3600 250 3682 llldeoedcnte
272 3606 355 3661 etiam
366 3604 498 3678 Gregorio
511 3606 556 3671 tt,
569 3621 630 3661 cuni
651 3605 765 3659 Romani
784 3619 834 3675 pro
882 3604 978 3672 periali
1011 3605 1173 3662 auctoritate
1202 3615 1307 3664 tantuin
1336 3606 1474 3679 negotium
1501 3613 1681 3675 pertractare.

10 3674 13 3695 ¹
62 3670 115 3731 ibit
132 3676 255 3746 emporis
276 3675 417 3746 disciplina
445 3676 570 3748 Sergium
592 3675 738 3744 elegissent
751 3683 834 3744 atque
883 3672 1064 3741 Quamobrem
1078 3676 1173 3731 eodeni
1186 3691 1257 3730 anno
1271 3677 1385 3732 concilio
1400 3683 1566 3746 congregato
1582 3673 1681 3747 (Cone.

63 3742 222 3811 timeat,
244 3746 399 3803 inconsulto
420 3746 594 3817 imperatore,
609 3746 654 3802 bie
666 3744 833 3800 Ludoricum
883 3752 951 3803 tom.
966 3744 1010 3807 ix,
1026 3759 1054 3814 p.
1067 3744 1136 3818 502)
1159 3746 1357 3816 praegravibus
1373 3746 1435 3803 aliis
1448 3744 1539 3801 causis
1552 3746 1585 3799 de
1597 3744 1683 3814 priui-

64 3808 168 3871 tii-to
189 3812 291 3872 Urbem
314 3817 400 3885 misit,
425 3827 455 3872 ut
478 3817 635 3888 praedictum
660 3815 833 3886 priuilegium
882 3812 1623 3885 tegioistomnovaiiuodaernens:‹0ota,inqotteap.
1636 3813 1682 3879 itt,

64 3882 176 3941 dt'uierct
188 3888 224 3943 ab
236 3886 384 3957 apostoliea
403 3890 477 3944 sede.
883 3892 978 3940 sancta
1001 3886 1122 3940 ltoiiiana
1143 3885 1264 3941 Ecclesia
1284 3884 1327 3939 eni
1351 3886 1407 3942 lieo
1428 3891 1539 3940 auctore
1552 3883 1684 3954 praeside-

87 3952 196 4011 xxxix.
215 3956 347 4027 Equidem
371 3957 483 4014 delinire
508 3972 561 4011 non
586 3956 683 4019 ausim,
699 3971 764 4009 num
782 3953 834 4010 Lo-
883 3968 955 4020 iiius,
994 3954 1106 4011 lurimas
1128 3956 1231 4025 patitur
1244 3953 1387 4010 violentias
1406 3953 1535 4026 pontillee
1551 3955 1680 4016 obcunte,

64 4020 144 4081 bitur
159 4028 195 4083 ob
207 4028 370 4094 simultates,
382 4045 443 4099 qino
455 4027 507 4083 sibi
526 4043 587 4082 cuni
607 4026 738 4098 Gregorio
750 4026 834 4080 iuter·
883 4040 944 4108 qua
957 3970 993 4081 οε
1003 4025 1055 4081 hoe
1067 4023 1230 4091 inferuntur,
1248 4024 1312 4095 quia
1325 4025 1429 4095 absque
1449 4023 1621 4093 imperatoris
1633 4039 1683 4079 no-

64 4104 186 4161 meram,
201 4098 266 4168 quia
287 4097 414 4154 badonici
467 4097 569 4153 trissui
585 4097 732 4152 amicitiam
756 4096 835 4151 desc·
883 4095 943 4151 titia
966 4105 994 4151 et
1018 4111 1130 4151 suornm
1156 4097 1306 4166 legatorum
1329 4095 1473 4166 prasentia
1492 4094 1629 4163 pontibeis
1651 4095 1683 4150 sit

64 4174 161 4231 terrac
173 4168 226 4224 sibi
241 4169 382 4225 adlirorcre
401 4184 436 4224 no
448 4176 539 4234 nerat;
556 4183 590 4222 an
609 4182 709 4223 areana
723 4165 776 4221 alia
798 4166 833 4221 de
883 4168 1062 4231 consecratio,
1086 4182 1137 4223 nee
1154 4168 1286 4223 canonico
1299 4166 1364 4233 ritu,
1383 4175 1410 4223 et
1428 4164 1623 4222 consuetudine
1646 4166 1682 4219 ab

64 4245 134 4313 tetta,
146 4239 272 4308 exemplo
289 4236 412 4310 Gregorii
434 4236 555 4308 eiusdem
579 4236 713 4308 imperiali
739 4243 834 4292 aneto-
884 4237 1048 4307 imperatorc
1061 4234 1155 4294 directi
1175 4236 1309 4292 intersunt
1330 4237 1429 4303 nuntii,
1456 4236 1503 4304 qui
1524 4234 1682 4290 uiolentiam

63 4311 123 4361 date
140 4308 330 4379 puritideatum
352 4308 493 4365 subeuntis
513 4307 606 4373 allato,
631 4308 665 4363 ab
684 4307 833 4377 apostolica
883 4316 913 4365 et
935 4306 1060 4362 scandala
1087 4307 1115 4362 iu
1133 4305 1192 4377 ejus
1216 4308 1420 4363 consecratione
1445 4321 1499 4362 noti
1524 4303 1683 4376 permittant

63 4374 323 4461 *lcidpririlegium
338 4379 485 4448 quaesierit.
506 4378 564 4434 lloe
575 4385 679 4434 certum
693 4378 761 4442 scio,
783 4393 834 4434 nce
884 4378 944 4435 lieri
957 4396 964 4432 a
978 4378 1102 4434 uolumus
1122 4378 1160 4444 id,
1179 4386 1209 4434 ut
1220 4376 1349 4446 deinceps
1364 4376 1515 4442 abdicetur,
1540 4383 1569 4431 et
1580 4374 1686 4444 mirati:

63 4438 210 4516 lethalem,
227 4448 369 4520 liliumque
392 4449 451 4520 eins
472 4448 639 4504 Ludorieum
659 4464 695 4504 ea
710 4446 834 4503 Garolin-
884 4448 1001 4504 tuendus
1023 4447 1154 4520 pontifex,
1178 4447 1401 4504 convenientibus
1418 4446 1553 4518 episeopis
1575 4451 1603 4501 et
1621 4444 1684 4501 oni-¹

74 4512 126 4571 “b
179 4518 344 4589 stis,neque
361 4536 395 4575 ex
419 4519 562 4576 Germanis
586 4518 704 4588 aliquem
731 4516 834 4573 Gothos
848 4518 1049 4603 Drersoelero
1064 4516 1191 4590 eligatur,
1206 4525 1350 4590 expetente
1364 4524 1458 4573 senatu
1472 4516 1620 4586 etpopulo,
1655 4515 1685 4572 ui

61 4585 93 4662 ‚'
124 4534 228 4647 mare
249 4590 429 4661 imperatores
438 4590 578 4671 imitatum
594 4588 732 4670 essenbae·
752 4588 831 4658 117
884 4588 1050 4670 ordinandus
1071 4596 1123 4656 cst,
1149 4597 1177 4644 et
1200 4588 1241 4645 sie
1262 4589 1291 4643 iii
1310 4595 1457 4669 conspeetu
1474 4530 1684 4667 onininnieufle-

61 4666 122 4714 bia.
135 4658 194 4716 don
206 4660 280 4715 cuim
292 4661 376 4715 teluti
395 4675 502 4719 aniiexe
513 4668 694 4729 imperatorin
706 4658 832 4729 dignitati
884 4659 1002 4715 berrinie
1019 4657 1121 4714 electus
1136 4660 1171 4714 ab
1182 4658 1318 4723 omnibns,
1331 4658 1511 4727 presentibus
1525 4655 1620 4727 legatis
1633 4672 1686 4713 nn-.

57 4727 110 4792 μί’
154 4732 191 4799 io,
204 4730 254 4785 scd
273 4731 448 4787 concessione
472 4728 635 4800 apostolica,
648 4728 737 4799 quoad
758 4729 834 4784 viiic-
884 4727 1031 4798 perialibus
1043 4737 1228 4785 consecretur.
1246 4728 1393 4797 Nullusque
1407 4727 1467 4783 sine
1478 4725 1684 4797 perieutojura·

56 4806 114 4863 int,
154 4815 318 4856 omanorum
340 4802 497 4870 pontibeuin
517 4800 663 4855 electiones
689 4806 764 4853 ratas
783 4799 832 4854 lia·
885 4806 1015 4862 mentum,
1042 4798 1085 4854 rel
1106 4800 1300 4869 promissiones
1316 4799 1431 4870 aliquas,
1457 4812 1526 4852 nera
1553 4797 1684 4851 adinten-

53 4862 173 4937 lteruot,
188 4871 263 4941 quod
285 4872 443 4941 pontilicuin
458 4871 644 4927 eoruindems
678 4868 759 4925 etatis
779 4868 834 4923 ele-
886 4869 959 4923 tione
976 4867 1010 4923 ab
1020 4882 1054 4924 co
1063 4872 1161 4924 audeat
1171 4878 1344 4939 extorquere,
1357 4869 1410 4925 nisi
1420 4883 1482 4937 quae
1493 4867 1604 4935 antiqua
1623 4865 1683 4920 cni-

50 4936 175 4997 eionibus
189 4940 469 5012 plaouiuiict.Garoli
492 4940 534 4995 lla
555 4941 581 4995 ni
595 4948 623 4993 ct
664 4939 770 4994 udovici
793 4937 831 5023 pii
885 4940 926 5009 git
939 4937 1115 5001 consuetudo,
1129 4955 1164 4993 ne
1178 4939 1298 4995 Ecclesia
1314 4938 1524 5002 scandalizetur,
1535 4937 1578 4992 rel
1593 4934 1680 5005 impo-

50 5010 209 5091 mporiima
221 5009 279 5067 Leo
300 5010 351 5076 tlt,
365 5011 519 5083 Stephanus
533 4955 578 5076 ft,
594 5008 730 5065 Pascbalis
743 5008 763 5074 l,
779 5008 833 5062 liii-
885 5009 984 5064 ratoris
996 5009 1200 5064 lionoribeentia
1214 5010 1358 5065 minuatur.
1375 5027 1386 5062 i
1637 5070 1644 5085 .

45 5090 133 5149 gntus
145 5080 187 5148 ll,
200 5080 380 5147 Valentinus,
404 5091 433 5137 et
443 5080 589 5154 Gregorius
603 5079 636 5136 lt
651 5086 714 5136 sunt
731 5079 830 5143 electi;
921 5078 989 5134 xit.
1003 5078 1088 5145 Quam
1112 5078 1244 5135 inutiliter
1261 5079 1331 5134 laeta
1350 5077 1433 5136 luerit
1448 5075 1582 5148 privilegii
1600 5074 1681 5143 buius

43 5164 90 5207 aar
105 5152 161 5207 nisi
178 5150 259 5221 liujus
276 5152 405 5222 postremi
417 5151 569 5209 necessaria
583 5150 711 5220 predicta
726 5148 834 5205 electio
886 5148 1058 5213 instauratio,
1083 5150 1231 5218 comperiet
1243 5148 1397 5221 quicunque
1417 5148 1562 5204 historiam
1584 5158 1681 5211 eorum

42 5219 81 5277 ἡ
100 5220 276 5278 oonllruiatio
303 5224 446 5293 reperitur,
462 5238 542 5293 quani
567 5221 688 5285 fortuito,
704 5234 834 5289 meroque
888 5228 1040 5288 tciiipornm
1062 5220 1196 5275 consulat.
1222 5221 1300 5274 iliano
1324 5218 1456 5288 siquidem
1485 5218 1540 5275 ttae
1564 5222 1682 5275 exeunte

39 5306 69 5349 tt
85 5291 254 5348 uecemitate
270 5291 350 5348 electi
373 5292 638 5363 renuentispetitam
661 5290 833 5345 esseaclero
886 5288 1043 5358 Ariinlpbns
1063 5288 1133 5359 bug.
1156 5289 1374 5359 Ganilingiomm
1399 5297 1538 5347 extremus
1564 5292 1682 5342 mortem

35 5362 186 5435 etpopulo,
199 5361 373 5418 ineluctabile
392 5373 582 5435 argumentum
597 5370 639 5416 est
660 5361 757 5417 electio
771 5361 836 5415 Ser·
887 5360 1014 5415 occuluit
1030 5357 1134 5414 ioaune
1147 5359 1182 5414 ΙΙ
1193 5360 1338 5430 superstite
1352 5377 1359 5414 :
1378 5376 1388 5410 t
1404 5359 1482 5415 Circa
1493 5356 1611 5413 conbuia
1625 5370 1684 5411 mee

53 5432 107 5489 ”ll
124 5432 174 5517 qui
186 5430 319 5504 Gregorio
328 5433 362 5489 ΙΙ
372 5434 514 5500 surressit,
529 5433 571 5504 eju
606 5446 641 5487 ue
653 5432 832 5495 consecratio,
886 5430 985 5486 morati
1012 5429 1075 5484 anni
1089 5428 1245 5499 brnnlpbus
1262 5430 1327 5499 imp.
1348 5429 1505 5499 migravita
1523 5425 1634 5491 medlo,
1651 5440 1681 5506 ιιιΙ

33 5448 167 5561 Πὼηο
189 5503 344 5559 nullatenus
368 5505 502 5561 consulto.
525 5504 587 5558 dliu
624 5516 730 5572 quoque
757 5517 834 5572 argu·
886 5500 946 5557 lial.
963 5500 1039 5563 Dee,
1052 5498 1225 5569 sepultusque
1242 5497 1482 5556 estbonorillcein
1500 5495 1624 5565 Oditigit,
1637 5495 1684 5550 ubi

32 5584 160 5631 uentum
178 5574 296 5645 suppetit
309 5590 343 5630 cx
366 5575 498 5645 Gregorio
519 5576 614 5631 eodem
629 5588 637 5627 t
652 5588 706 5629 non
720 5571 793 5627 enim
805 5580 835 5627 ut
885 5581 914 5626 et
933 5579 1010 5639 pater
1025 5567 1084 5638 ejus
1104 5568 1290 5640 (Garolonian.
1304 5569 1341 5623 ir.
1354 5567 1445 5624 Caroli
1468 5566 1577 5638 Grassil
1591 5577 1683 5623 tuinu-

32 5656 149 5701 naeus
160 5644 309 5715 Gregorius
323 5645 435 5719 llagnus
445 5646 636 5714 onadecessor,
651 5645 708 5699 sire
722 5653 752 5697 iit
772 5657 835 5697 saii-
886 5641 958 5696 latus
966 5639 1048 5709 iacet,
1067 5658 1077 5692 ι
1090 5649 1119 5694 ιιι
1132 5641 1241 5696 trudunt
1253 5638 1365 5695 annales
1378 5637 1522 5695 lietenses.
1533 5636 1554 5692 F
1555 5636 1685 5695 uidentes

31 5716 259 5787 emGregorius
269 5714 313 5772 t'tt
324 5731 440 5787 quorum
458 5726 579 5786 tempore
599 5712 769 5770 einibrinatio
783 5713 834 5768 iui-
886 5727 929 5779 ap.
947 5712 1057 5767 Fri-liet.
1076 5712 1176 5767 liabent
1187 5710 1248 5774 edd,
1263 5724 1347 5781 pario
1361 5710 1442 5765 unius
1458 5709 1569 5767 circiter
1583 5707 1684 5766 mensis

30 5786 175 5859 penuria
200 5784 324 5859 rigebat,
346 5787 482 5869 supplices
498 5788 532 5843 ad
554 5786 703 5861 alugiistnin
729 5783 835 5853 litteras
885 5783 1052 5851 dlenrimiac.
1066 5782 1168 5841 Eodem
1179 5797 1250 5839 aiino
1264 5779 1416 5851 declinante
1428 5778 1547 5843 ioriaitea
1557 5780 1682 5843 meridi,
