3780 6120
82 228 150 288 teta

435 223 523 278 tlttnt
543 219 714 278 enuntiat.
735 251 770 259 -
788 220 933 276 nermo.
955 253 988 261 ·-—
1007 223 1215 282 contentus
1234 224 1344 282 PdeS.

1646 230 1716 287 istd

80 337 268 402 adunandam,
282 350 363 404 otram
388 334 501 388 Domino
516 333 571 386 lieo
590 332 733 386 ordinante
760 331 872 401 regitis,
889 340 910 392 Α
927 335 1169 403 mirumpreiulolici
1177 338 1323 392 conditioni
1334 341 1460 408 prostrati
1470 356 1522 396 nou
1530 346 1716 413 succumbitis,

82 411 239 470 Ecclesiam,
256 405 399 461 eonsilium
410 405 486 457 tatius
498 419 549 456 urm
565 411 656 456 nostra
670 402 872 466 adinventione,

80 480 129 538 scd
145 479 236 535 diuina
260 476 421 530 auctoritate
436 475 501 527 illud
528 471 594 526 dare
618 473 804 526 debuissemus
827 486 875 540 per

82 551 154 621 quod
167 548 260 603 eadem
277 553 368 600 saneta
383 554 470 598 mater
486 542 605 597 Ecclesia
621 543 657 595 ita
668 542 718 596 sibi
733 550 825 594 mutuo
847 543 874 594 iu

82 637 146 676 uera
161 635 226 690 paee
242 615 367 671 foederari
381 615 531 677 debuisset,
546 612 663 680 qualiter
676 619 703 665 et
716 611 743 665 ιιι
760 612 810 665 boc
825 627 876 665 sm·

81 691 151 754 culo,
167 701 193 743 et
206 691 232 743 in
245 686 335 740 futuro
346 685 370 738 ei
386 685 492 753 plaeere
504 682 577 751 potui
594 689 645 745 set,
660 681 875 749 qtriusecusurus

84 761 117 816 de
137 761 237 815 mnodo
252 757 308 812 suis
321 755 445 824 promisit
458 752 552 807 diceus
563 767 570 804 ι
581 752 676 804 l’ncrm
691 767 774 803 aream
789 751 821 804 do
835 767 876 804 ro-

83 832 131 894 ln's,
145 846 235 900 parent
253 827 370 895 redirique
396 825 466 878 rodis
491 822 580 893 (doun.
597 826 662 889 ιιι).
681 821 714 873 Et
732 819 794 888 quia
808 829 876 875 otte·

83 909 172 955 stante
192 898 275 952 Paulo
291 898 470 950 intercutem
484 908 576 946 rerum
595 900 651 954 cst,
667 891 697 944 Si
715 892 773 960 ouis
790 890 876 943 trodi-

83 971 149 1025 derit
162 985 255 1039 corpus
274 983 351 1020 suam
370 975 396 1018 ut
415 963 528 1025 ardent,
549 962 702 1014 clamatam
723 969 810 1013 autem
824 977 876 1014 iton

83 1039 220 1100 lanisterii,
234 1037 299 1092 ιιιιιιι
313 1045 349 1088 est
363 1034 389 1104 (l
405 1034 466 1087 Cor.
479 1033 550 1102 riri).
568 1031 629 1085 ldeo
641 1029 797 1100 praedictam
811 1045 875 1083 sau·

84 1118 155 1164 etam
174 1109 221 1162 oei
235 1106 382 1161 Ecclesiam
396 1105 422 1158 iu
436 1119 505 1157 rerae
524 1102 599 1171 pacis
624 1100 795 1155 concordiam
811 1102 877 1154 adu-

85 1182 143 1235 nari
159 1179 223 1232 totis
236 1178 339 1230 uiribus
354 1173 493 1244 optamus',
511 1174 572 1240 unia
589 1170 724 1240 quomodo
748 1171 806 1225 sinc
832 1171 876 1224 illa

84 1250 244 1304 charitatem
260 1254 379 1300 mutuam
407 1245 506 1298 babere
524 1242 624 1310 pot-sit,
642 1242 714 1295 uullo
739 1242 818 1295 niodo
834 1242 876 1294 in-

86 1319 241 1388 telligimus.
259 1317 351 1370 Potest
364 1315 435 1368 enim
448 1314 522 1378 lieri,
545 1321 574 1366 ut
594 1313 691 1382 aliquis
713 1327 773 1365 cum
792 1312 877 1366 altero

926 403 972 457 sed
988 406 1150 459 auctoriam
1163 409 1295 462 bonorum
1309 409 1427 463 omnium
1445 410 1559 466 Domino
1572 414 1626 468 lieo
1638 423 1718 472 ιιιιιιιιι

926 475 1062 543 spurcitiae
1080 476 1152 531 celso
1173 478 1200 531 in
1214 479 1354 532 cacumine
1366 483 1567 549 praeeminentis
1581 487 1718 555 corrigere

926 544 1059 608 rarleums,
1078 546 1100 599 si
1116 562 1175 616 quac
1188 549 1223 601 sit
1235 547 1315 617 lmjus
1332 549 1489 618 perditionis
1497 554 1573 625 origo
1584 553 1626 607 rel
1634 555 1719 611 lomes

925 614 1077 684 detegendo
1093 618 1252 684 pamlamus.

961 684 1056 738 Nullus
1069 702 1164 755 nempe
1178 703 1241 741 sana
1257 688 1418 756 sapientium
1445 689 1617 761 fideliumque
1627 694 1654 747 iu
1666 695 1719 748 Do·

926 754 1000 808 mino
1016 754 1129 835 fratrum
1145 766 1295 811 vestrorum
1321 759 1445 812 dubitare
1459 762 1632 830 perruittitur,
1659 780 1720 819 csse

925 825 1016 892 piures
1030 841 1057 878 m
1070 827 1121 880 bac
1136 835 1226 881 sancta
1240 836 1267 881 et
1286 845 1301 880 a
1315 829 1369 882 Deo
1381 833 1564 886 conservanda
1587 834 1718 900 Ecclesia,

927 895 973 963 qui
989 902 1068 949 tante
1085 897 1202 951 miseriae
1219 900 1395 952 succumbere
1407 900 1592 970 dedignentur,
1607 904 1670 959 licet
1680 907 1719 960 eis

927 980 1023 1018 uranus
1036 966 1153 1021 buurana
1171 968 1338 1031 ualidior,ne
1352 969 1388 1030 id,
1412 974 1482 1039 quod
1497 972 1594 1029 exinde
1615 972 1718 1042 justum

926 1048 986 1088 esse
999 1051 1051 1089 uon
1064 1036 1197 1101 dubitant,
1213 1047 1366 1093 restaurare
1385 1042 1425 1094 rel
1448 1042 1578 1109 perficere
1601 1045 1719 1108 valeant,

927 1105 1050 1159 obsistat.
1088 1105 1268 1172 Quamobrem
1288 1109 1440 1165 amabiliter
1458 1113 1627 1167 ammonendi
1641 1115 1717 1178 estis,

927 1183 958 1227 ut
972 1176 1036 1229 totis
1048 1176 1150 1233 uiribus
1162 1177 1372 1245 omnipotentem
1383 1181 1526 1235 Ιιιιιιιιιιιιιιι
1537 1199 1650 1238 exorare
1663 1193 1720 1237 stu·

928 1245 1023 1322 picatis,
1039 1254 1069 1300 ut
1084 1255 1186 1301 tantam
1195 1248 1229 1302 ab
1240 1248 1292 1302 boe
1303 1264 1386 1319 regno
1399 1250 1581 1306 infelicitatem
1595 1268 1722 1308 amorerc

924 1316 1028 1381 rubeat,
1044 1315 1162 1382 etillam,
1178 1333 1258 1386 quam
1269 1323 1385 1374 mundus
1408 1322 1473 1374 dare
1487 1337 1540 1376 uon
1554 1331 1653 1393 potest,
1673 1341 1719 1394 pa·

86 1397 207 1458 exparte
220 1387 262 1440 rel
277 1386 366 1439 lictum
379 1400 472 1453 pacem
487 1383 672 1452 teurporaliter
686 1383 792 1443 babeat,
809 1397 877 1449 otro·
928 1399 985 1438 cem
1012 1401 1060 1439 sua
1070 1387 1146 1441 robis
1161 1390 1292 1441 immensa
1307 1388 1449 1444 clementia
1466 1396 1607 1446 concedat·

86 1461 168 1514 modo
180 1466 269 1512 autem
285 1459 414 1510 sinerem
429 1462 521 1507 nmma
533 1468 598 1520 paee
612 1453 703 1507 habita
717 1467 779 1505 cum
792 1452 878 1504 altero
964 1455 997 1508 Et
1009 1456 1072 1524 troia
1084 1464 1166 1511 tautae
1178 1459 1347 1512 auctoritatis
1361 1462 1437 1519 ordo,
1449 1462 1490 1514 rel
1503 1471 1585 1516 tautae
1597 1462 1721 1517 sublimi*

86 1544 178 1583 reram
211 1528 277 1582 ossit
289 1527 389 1581 babere
405 1524 575 1584 charitatem,
597 1522 668 1576 nulla
689 1524 767 1576 ducet
783 1529 877 1575 aucto·
929 1526 993 1579 tatis
1010 1529 1078 1579 ratio
1089 1528 1201 1581 necdum
1211 1530 1346 1596 poscebat,
1362 1540 1391 1583 ut
1402 1531 1557 1600 priusquam
1569 1533 1720 1595 illaomuia,

88 1601 165 1654 ritas.
208 1599 259 1652 nde
285 1610 447 1666 magnopere
472 1594 696 1648 considerandum
711 1600 762 1655 est,
778 1599 877 1660 quatita
929 1597 1100 1717 prraernerito
1120 1598 1307 1677 praemittenda
1329 1609 1415 1660 eraut,
1434 1613 1665 1669 proponerentur,
1693 1610 1723 1654 nt

88 1669 258 1731 temeritate,
277 1675 410 1736 quautat'c
424 1665 536 1718 audacia
557 1664 591 1718 ad
608 1672 736 1717 aeternam
757 1663 802 1743 ille
817 1678 877 1731 per·
896 1686 916 1743 Β
942 1665 1035 1720 acilius
1047 1680 1142 1734 quorrs
1154 1668 1182 1736 iu*
1192 1667 1251 1721 loco
1262 1671 1408 1722 secruulum
1420 1671 1460 1723 sui
1472 1672 1627 1740 qrrrrlitatcm
1643 1673 1724 1727 babe-

89 1739 182 1794 renire
204 1753 232 1792 se
255 1752 331 1807 posse
360 1735 513 1800 existimat,
541 1733 586 1803 qui
610 1733 877 1801 praesentemmboc
932 1748 1025 1789 remur
1045 1737 1099 1799 illa,
1120 1738 1217 1805 ortibus
1233 1737 1304 1791 saba
1319 1737 1380 1801 lide,
1395 1754 1452 1806 spe,
1468 1741 1508 1793 rel
1530 1743 1661 1797 elmritate
1679 1751 1721 1794 to-

87 1808 186 1864 szcculo
206 1823 299 1878 pacem
329 1806 434 1861 Domini
456 1820 505 1873 per
534 1805 682 1872 ourrudibet
708 1803 878 1857 occasionum
930 1805 984 1858 tius
997 1804 1123 1860 Ecclesia
1135 1814 1220 1860 status
1235 1823 1329 1861 carere
1344 1810 1483 1878 potuisset,
1509 1822 1619 1882 propter
1643 1812 1723 1865 satis·

88 1880 201 1934 scissam
216 1886 368 1931 restaurare
389 1891 450 1929 curn
470 1875 592 1943 proximo
607 1889 659 1927 uou
682 1881 768 1937 eruat,
798 1887 878 1941 rpruu
930 1874 1073 1930 l'actiouem
1088 1886 1177 1930 tamen
1199 1877 1225 1929 iu
1240 1879 1291 1931 boc
1304 1893 1384 1947 opere
1396 1879 1574 1935 laborantium
1588 1881 1724 1952 principa-

88 1949 207 2018 primum
239 1962 337 2000 munus
366 1946 483 1999 humauo
510 1945 601 2013 generi
634 1943 761 1997 collatum
791 1941 878 2012 augeli
930 1944 1375 2015 listurjassapaltczaediseoroiae
1398 1959 1505 2015 restrae,
1529 1965 1609 2006 eausa
1630 1951 1725 2018 iungi·

90 2019 290 2073 nuntiautmox
310 2016 503 2071 natollomino
526 2016 552 2068 iu
572 2014 681 2077 ntundo,
702 2013 880 2081 camderuque
930 2030 994 2068 num
1016 2017 1152 2071 exstitisse
1184 2019 1308 2071 traditur.
1354 2017 1479 2086 Ejusdem
1506 2037 1613 2091 ‹puorpue
1635 2035 1724 2074 causae

90 2089 236 2143 novissime
259 2087 382 2141 fidelibus
403 2086 459 2140 suis
484 2086 510 2138 iu
524 2085 584 2139 rice
601 2100 648 2138 sua
663 2084 733 2137 idem
751 2083 881 2137 Dominus
930 2087 1006 2154 origo
1028 2087 1055 2139 in
1068 2102 1101 2141 eo
1112 2088 1256 2157 contigisse
1279 2088 1375 2152 fertur,
1404 2089 1636 2158 quodimperaror
1660 2105 1723 2143 con-

90 2158 199 2226 reliquit
213 2158 381 2212 discessurus
394 2156 426 2209 de
444 2155 554 2208 ruuudo.
571 2154 604 2208 Et
617 2168 770 2224 qrrarrquam
795 2152 879 2205 multa
931 2155 1052 2209 siderans
1070 2158 1199 2225 quosdam
1212 2159 1239 2210 iu
1250 2159 1344 2212 eadem
1357 2158 1434 2227 plebe
1448 2159 1592 2213 indiscreto
1613 2159 1670 2214 zelo
1684 2161 1725 2213 iu·

88 2236 118 2282 et
128 2243 194 2297 pene
206 2225 411 2281 innumerabilia
427 2233 528 2289 esseut,
541 2241 600 2293 quae
618 2227 650 2277 de
664 2232 738 2277 tauta
754 2237 783 2274 re
795 2222 880 2275 subti-
931 2224 1082 2281 llammatos
1096 2227 1167 2280 ultra
1180 2241 1260 2295 quam
1276 2228 1449 2298 oportuisset,
1464 2228 1506 2283 vel
1522 2230 1724 2298 utiquamprius

90 2298 161 2361 liter,
178 2298 339 2360 sublimiter,
355 2303 380 2350 et
393 2297 473 2349 nimis
485 2294 641 2350 terribiliter
652 2294 705 2348 dici
720 2293 879 2363 potuissent,
932 2303 1020 2349 aetum
1033 2305 1114 2360 esset,
1136 2297 1162 2350 iu
1185 2297 1329 2364 imaginum
1356 2297 1471 2361 cultura,
1495 2299 1667 2352 reiteratione
1680 2297 1724 2352 rel

89 2369 239 2423 carendum
256 2376 297 2421 est
315 2366 478 2434 uuicuique,
507 2381 541 2419 ue
556 2365 608 2420 boc
632 2364 773 2432 qrrisquam
790 2362 823 2417 de
836 2361 881 2415 illa
932 2365 1090 2419 adoratione
1103 2368 1173 2420 ultra
1189 2366 1361 2436 progredere,
1377 2376 1497 2436 quamut
1512 2379 1591 2422 aritea
1606 2383 1725 2437 unquam

90 2437 260 2493 solummodo
278 2452 343 2506 pace
366 2434 568 2504 intelligendum
582 2443 667 2504 putet,
684 2449 744 2502 quar
767 2433 883 2487 habetur
933 2435 958 2487 in
979 2436 1104 2490 universa
1116 2436 1235 2492 Ecclesia
1248 2437 1347 2492 lactum
1363 2446 1443 2500 essct,
1458 2439 1552 2493 rolens
1563 2437 1726 2493 ut'tunesibi

90 2508 218 2562 incoelis.
248 2506 317 2572 Quia
345 2514 371 2559 et
390 2506 519 2559 Douriuus
544 2507 672 2559 recedens
687 2505 725 2556 ait
749 2521 756 2555 ι
784 2502 881 2555 Pacem
932 2519 993 2558 cum
1006 2506 1067 2568 illis,
1094 2507 1141 2576 qui
1160 2507 1185 2561 ei
1209 2506 1346 2570 favebant,
1367 2508 1488 2562 eamdem
1504 2509 1725 2576 superstitionem

90 2594 175 2631 utemu
191 2575 391 2646 relinqueretis
409 2576 500 2644 (decu.
516 2575 584 2645 ιιι).
601 2574 633 2628 Et
659 2573 745 2643 augeli
762 2573 882 2650 pranmit-
932 2575 1125 2645 qualiseuutpue
1139 2585 1220 2641 esset,
1248 2578 1281 2631 ab
1306 2577 1425 2631 Ecclesia
1444 2579 1552 2646 penitus
1574 2586 1723 2641 amoveret,

90 2657 181 2702 tentes
199 2662 206 2700 :
221 2646 312 2700 Gloria
337 2647 364 2698 ιἰι
389 2644 496 2699 ἐπειδὴ
512 2643 586 2708 ⁰2⁰·
607 2660 668 2698 trior
689 2658 741 2697 mm
765 2659 792 2694 ιιι
812 2641 882 2694 reba
932 2647 1081 2714 postposita
1094 2649 1144 2701 bac
1155 2648 1182 2701 in
1197 2663 1224 2700 re
1236 2647 1337 2702 salubri
1353 2648 1515 2702 discretione
1530 2649 1587 2703 siue
1603 2663 1654 2716 orta
1670 2664 1727 2702 om-

89 2716 272 2787 subjungunt,
293 2715 338 2768 sed
353 2716 379 2768 iu
391 2724 462 2770 terro
475 2730 528 2784 poa
540 2713 688 2768 bominibus
704 2713 778 2766 boue
793 2710 883 2765 colito·
934 2716 975 2769 uis
989 2716 1113 2770 luunanae
1131 2717 1246 2772 actionis
1258 2718 1344 2771 rictus
1360 2718 1385 2771 ιιι
1400 2718 1492 2772 vitium
1509 2722 1633 2781 uertitur,
1647 2717 1728 2787 clegit

89 2789 154 2841 tatis
167 2787 242 2859 (Lite.
253 2787 294 2857 ιι).
309 2784 404 2855 Cogita
417 2785 499 2852 igitur
508 2794 606 2846 tecum,
618 2802 634 2836 o
644 2783 719 2905 plebs
732 2793 759 2834 et
768 2780 884 2850 papulus
932 2787 1099 2853 praemissam
1107 2787 1326 2857 superstitionem
1337 2788 1416 2841 aliter
1426 2788 1564 2842 emendari
1572 2805 1625 2842 nou
1635 2802 1725 2857 posse,

91 2856 151 2922 Dei,
163 2859 185 2912 si
198 2856 398 2926 adperpetuam
408 2855 448 2907 vis
461 2855 601 2922 peruenire
616 2869 644 2906 su
657 2863 739 2916 utem,
754 2862 783 2904 ut
795 2852 820 2903 iu
833 2850 884 2905 boc
934 2856 985 2909 uisi
998 2871 1093 2911 omnes
1106 2857 1237 2927 iuragines
1248 2858 1354 2925 penitus
1367 2857 1531 2912 delerentur.
1563 2858 1644 2927 Atqui
1657 2859 1679 2912 si
1692 2859 1728 2911 ita

90 2928 191 2982 saecnlo
202 2928 364 2990 nonlictam,
375 2925 421 2979 sed
432 2924 630 2978 rerambabcrc
643 2934 763 2976 mutuam
776 2923 884 2975 studea·
934 2935 1002 2989 crat,
1022 2935 1051 2979 ut
1066 2927 1166 2980 dictum
1188 2937 1238 2991 est,
1264 2928 1386 2982 illicitum
1401 2929 1503 2981 cultram
1514 2930 1541 2982 iu
1559 2928 1726 2990 bominibus,

91 3011 271 3069 tnuspaeem.
653 3062 659 3074 ·
709 3062 714 3072 .
846 3061 851 3072 ι
898 2995 977 3093 crel
990 2996 1024 3050 ab
1038 2997 1192 3052 iteruinibus
1208 2997 1434 3066 compescendum
1448 3006 1516 3062 erat,
1529 3014 1582 3052 rann
1595 2998 1620 3050 iu
1634 2997 1730 3066 imagi-

129 3067 182 3122 Sed
198 3068 287 3122 minus
303 3067 418 3121 sortasse
434 3064 560 3134 prodesse
574 3071 681 3134 potent,
698 3061 763 3115 bbet
786 3070 884 3114 mento
936 3081 1000 3119 num
1016 3067 1209 3134 destructione,
1234 3083 1294 3136 qum
1311 3068 1377 3121 nibil
1404 3076 1599 3137 peceaveruut;
1626 3068 1680 3120 imo
1693 3081 1726 3120 co

93 3149 169 3194 tanta
180 3136 295 3207 talisque
319 3136 467 3191 auctoritas
483 3150 563 3189 causa
576 3133 680 3188 consilii
697 3130 820 3186 sullleere
835 3132 883 3185 dc·
935 3151 1026 3200 seusu,
1048 3151 1101 3204 qrro
1111 3152 1191 3205 supra
1205 3139 1374 3207 praemissum
1387 3147 1438 3202 est,
1463 3136 1610 3191 scientibus
1624 3151 1672 3205 pro
1684 3137 1728 3205 pia

92 3211 206 3271 buisset,
224 3222 334 3262 necesse
349 3209 415 3271 erit,
435 3212 464 3258 ut
483 3205 545 3259 buie
560 3202 702 3258 assertioni
721 3211 818 3256 caetcru
834 3202 883 3255 ad·
935 3207 1074 3268 meritoria,
1090 3207 1273 3262 nescientibus
1284 3224 1348 3262 rero
1359 3222 1409 3275 pro
1420 3208 1543 3262 doctrina
1556 3207 1639 3261 utiles
1651 3214 1730 3260 crant

88 3279 246 3349 inrigantur,
267 3293 326 3346 quse
350 3290 520 3345 nequaquam
536 3273 609 3341 juste
624 3274 804 3340 adderentur,
826 3271 849 3325 si
868 3285 883 3324 a
935 3275 1111 3347 infrangendo
1125 3276 1329 3399 piusriugendo]
1349 3277 1391 3331 rel
1416 3277 1572 3345 dissipando
1589 3276 1729 3330 sinistram

93 3350 148 3404 lleo
163 3349 197 3403 ab
213 3348 290 3401 initio
305 3347 445 3401 catholicae
468 3344 526 3398 lidei
549 3345 612 3398 data
638 3343 714 3397 robis
735 3342 883 3411 sapientia,
935 3347 1055 3401 extendit
1066 3362 1114 3415 pro
1143 3356 1246 3401 extera.
1259 3348 1292 3403 Et
1303 3348 1349 3416 oui
1365 3349 1401 3400 ita
1415 3351 1466 3403 bac
1479 3347 1505 3400 iu
1515 3363 1544 3400 rc
1554 3348 1675 3400 incautos
1687 3361 1731 3400 re·

93 3420 166 3473 sicut
183 3419 312 3488 oportuit,
331 3432 379 3485 pro
393 3415 470 3469 robis
498 3415 611 3468 sollicita
638 3427 697 3466 csse
725 3413 882 3466 studuisset.
934 3416 1034 3469 ducere
1061 3417 1162 3480 debuit,
1184 3419 1254 3471 sicut
1275 3417 1355 3481 sorte,
1371 3418 1433 3484 quia
1449 3432 1545 3470 recens
1563 3424 1727 3478 erateausa,

93 3489 166 3544 ιιιιιι
184 3487 427 3556 enimdpostolus,
460 3484 549 3538 Jadrei
577 3485 653 3552 ripun
675 3490 776 3550 petant,
800 3481 885 3534 Greci
934 3484 1061 3538 facillime
1072 3487 1168 3554 potuit,
1183 3486 1328 3557 instigante
1343 3488 1388 3555 qui
1398 3500 1469 3539 nuuc
1483 3486 1536 3540 late
1548 3492 1630 3554 patet,
1645 3486 1731 3540 cccle-

92 3560 378 3629 sanctasanctorum
394 3556 418 3626 (l
434 3553 495 3614 Cor,
513 3553 542 3624 ι),
562 3555 606 3608 ubi
621 3559 662 3606 est
677 3566 741 3620 ergo
754 3551 885 3619 sapientia
935 3554 1049 3608 siasticae
1060 3555 1134 3624 pacis
1144 3556 1184 3608 rel
1199 3556 1471 3610 claritatisinimico.

93 3639 194 3690 restra,
212 3630 258 3698 qui
272 3646 288 3697 p
304 3636 382 3696 opter
397 3623 542 3695 quamlibet
558 3623 728 3679 occasionem
748 3621 813 3675 illud
837 3619 885 3672 ba·
971 3624 1046 3679 llauc
1060 3625 1085 3678 ci
1097 3640 1129 3679 ac
1139 3625 1161 3678 si
1173 3623 1247 3697 [etsi]
1262 3625 1505 3679 luculentissimam
1515 3624 1635 3679 ostendit
1647 3625 1730 3680 semi-

93 3700 160 3754 bcrc
175 3699 357 3760 corrtrmuitis,
377 3697 435 3750 sine
446 3710 499 3776 quo
514 3693 547 3747 ad
563 3708 644 3762 regua
659 3691 778 3746 cotesto
790 3706 807 3758 p
817 3704 886 3743 rte·
935 3701 1000 3758 taur,
1021 3695 1074 3748 beu
1089 3709 1169 3763 quatu
1183 3694 1260 3764 longe
1275 3695 1309 3749 ab
1321 3695 1365 3747 illa
1383 3695 1501 3749 sinistris
1513 3693 1679 3749 arrbactibus
1690 3695 1730 3749 in·

94 3769 154 3823 nire
172 3768 245 3823 nullo
259 3768 338 3821 molo
355 3765 493 3819 valebitis?
512 3765 544 3816 Et
557 3765 614 3817 lrauc
628 3779 681 3817 uon
693 3763 830 3829 arguendo
844 3757 886 3813 rel
935 3765 1084 3830 cederrtem,
1099 3779 1159 3832 ottae
1170 3764 1202 3819 de
1209 3765 1354 3832 semetipso
1362 3766 1412 3818 ait:
1427 3764 1548 3834 Eponam
1560 3764 1612 3826 oio,
1624 3765 1727 3831 veritur,

94 3839 280 3906 increpando,
301 3837 348 3891 sed
367 3835 536 3889 adumnendo
560 3835 668 3887 interim
694 3831 829 3893 dieiums,
857 3838 887 3883 ut
935 3844 958 3889 ιι
973 3835 1023 3887 rita
1040 3833 1130 3899 (donat.
1145 3834 1212 3903 ιιι),
1232 3835 1296 3902 quid
1307 3844 1384 3902 putas
1396 3849 1476 3903 quarn
1489 3833 1578 3887 dulcia
1592 3847 1729 3915 tritamque

96 3924 144 3962 vos
156 3909 190 3962 ad
211 3908 367 3962 interiorem
383 3905 665 3965 h0¹¹¹l¹10ffive⁵ltt¹1ssr
692 3901 719 3954 in
747 3917 800 3968 ouo
816 3902 886 3954 Deus
936 3904 1145 3974 religiosissima,
1164 3905 1218 3958 imo
1229 3904 1397 3958 sanctissima
1418 3904 1556 3973 satagebat
1570 3902 1671 3972 dingere
1685 3904 1730 3958 ιιι-

94 3993 144 4048 per
160 3977 249 4041 fidem,
264 3993 349 4046 spent,
363 3984 390 4030 et
403 3974 562 4029 charitatem
576 3973 726 4027 inhabitare
736 3970 883 4034 consuerit,
935 3990 1021 4039 nera,
1045 3982 1074 4029 ut
1100 3988 1150 4042 per
1170 3973 1215 4027 illa
1228 3974 1336 4039 adbaec,
1352 3989 1412 4042 ortae
1436 3989 1508 4028 nune
1523 3986 1618 4027 ontues
1627 3974 1730 4044 plangi-

95 4062 263 4103 revocemus.
276 4049 360 4113 Quem
375 4045 398 4100 si
409 4046 446 4098 ita
460 4045 616 4108 secuudum,
633 4051 663 4096 ut
681 4058 762 4110 supra
785 4042 885 4097 dictum
936 4061 1006 4108 tuus,
1032 4045 1190 4114 pertrahere
1215 4044 1345 4114 potuisset
1372 4043 1499 4098 dissidia?
1537 4043 1590 4097 Sed
1614 4045 1728 4100 uccboc

94 4126 147 4182 est,
163 4118 346 4187 sapientiama
360 4115 606 4177 Deorobisdatam,
622 4113 750 4182 cogitare,
763 4111 884 4178 diligere,
935 4115 1082 4169 ullomodo
1094 4115 1173 4169 aliter
1192 4115 1342 4170 aestimatur
1367 4128 1497 4183 peragere
1518 4113 1650 4182 potuisse,
1676 4113 1729 4169 nisi

96 4188 138 4241 rol
151 4196 271 4242 metuere
285 4186 375 4245 sultis,
393 4186 489 4239 mirum
505 4193 560 4247 est,
575 4184 710 4254 qtreunodo
724 4198 784 4237 cum
798 4180 887 4235 bairi·
936 4185 1010 4240 illmu
1024 4184 1099 4254 prius
1121 4201 1182 4238 cum
1200 4185 1361 4253 sequacibus
1380 4186 1436 4238 suis
1461 4183 1534 4238 illius
1560 4183 1650 4251 impiae
1669 4184 1729 4237 dul-

95 4258 147 4312 bus
158 4258 273 4312 inuicem
288 4254 425 4324 tantojam
438 4263 557 4323 tempore
573 4253 728 4323 scandalum
747 4253 887 4306 etdiscor·
936 4254 1039 4309 eediuis
1064 4255 1241 4310 demulcendo
1255 4270 1303 4308 cor
1328 4261 1460 4323 tangeret,
1488 4252 1565 4321 ertjus
1590 4253 1661 4308 idem
1675 4254 1731 4308 dia·

95 4327 168 4380 diam
182 4328 281 4382 babere
296 4341 349 4380 non
363 4325 492 4380 nteluitis·
505 4325 575 4379 Ecce
589 4323 705 4385 etenim,
721 4323 743 4377 si
759 4337 811 4376 uon
827 4337 884 4374 am-
936 4325 1013 4379 bolus
1025 4323 1153 4395 pestiiero
1169 4324 1222 4379 telo
1240 4325 1403 4393 perforatus,
1420 4325 1453 4379 dc
1465 4323 1533 4378 coelo
1547 4323 1644 4378 merito
1656 4324 1729 4378 ceci-

96 4397 181 4466 plius,
199 4395 256 4464 jam
281 4411 366 4450 annus
384 4405 441 4460 est,
456 4410 489 4448 ex
507 4409 560 4462 quo
581 4395 651 4448 banc
677 4392 746 4447 inter
770 4407 818 4446 ros
831 4393 884 4445 mi-
900 4373 1029 4450 1)‹lissot.

96 4467 239 4521 serrimam
250 4466 443 4520 dissensionem
463 4464 605 4534 pullulasse
620 4463 781 4517 audiviums.
799 4464 885 4528 Quam
972 4465 1024 4520 Sed
1038 4464 1102 4535 quid
1117 4465 1232 4534 agimus,
1245 4463 1309 4533 qrrid
1324 4463 1459 4518 dicimus?
1493 4461 1532 4516 ud
1546 4461 1730 4531 comparatio.

95 4535 222 4591 videlicet
243 4535 406 4590 discordiam
425 4536 480 4589 Deo
499 4536 547 4606 (ut
570 4533 680 4604 dignum
699 4532 758 4605 ιιι)
779 4547 886 4600 semper
935 4549 996 4589 nent
1008 4550 1124 4604 natuque
1143 4535 1276 4589 malorum
1289 4534 1420 4598 omnium,
1437 4548 1496 4603 quae
1508 4532 1730 4600 biccongruentc

95 4607 243 4670 odibilem,
263 4605 370 4661 diabolo
388 4621 470 4669 uero,
493 4613 522 4658 ut
546 4605 571 4659 ei
584 4606 676 4662 decet.
690 4618 796 4672 semper
809 4618 885 4656 arria·
936 4607 1032 4673 spatio,
1049 4606 1119 4674 qrrod
1131 4607 1241 4661 omniuo
1260 4620 1315 4659 nou
1336 4603 1420 4668 deest,
1440 4618 1493 4657 non
1505 4602 1592 4658 solum
1616 4604 1649 4656 de
1669 4603 1729 4657 din·

95 4675 195 4740 bilem,
216 4690 311 4731 ornnes
330 4683 515 4731 antecessores
534 4675 585 4729 mei
616 4677 650 4728 ad
675 4673 885 4741 corrigendum,
935 4675 1007 4739 bolo,
1024 4677 1072 4729 scd
1091 4676 1172 4730 etiarn
1192 4677 1225 4730 de
1240 4675 1299 4744 ipso
1314 4675 1550 4742 imperatoremm
1576 4672 1730 4727 lautoribus

95 4755 175 4815 prout
187 4746 227 4800 eis
242 4746 369 4814 possibile
384 4745 449 4810 init,
462 4747 575 4800 multum
592 4745 728 4799 laborasse
743 4760 795 4797 non
809 4744 885 4812 iguo·
936 4747 993 4801 suis
1012 4744 1065 4801 dici
1090 4754 1225 4816 poteraut,
1247 4745 1313 4800 nibil
1341 4752 1381 4798 est
1404 4744 1477 4815 quod
1502 4743 1527 4797 di
1546 4744 1626 4798 imus.
1664 4741 1730 4798 Uni-

97 4826 182 4870 ratur.
935 4831 1013 4870 rersa
1034 4815 1150 4884 denique
1168 4816 1247 4880 mala,
1271 4831 1331 4885 ortae
1351 4829 1384 4868 ex
1395 4829 1428 4868 eo
1438 4814 1556 4881 usquein
1568 4822 1729 4881 praeseutctn

132 4887 194 4942 liae
209 4886 235 4940 in
250 4887 343 4956 paucis
365 4887 398 4941 ad
416 4886 558 4940 excitanda
581 4884 637 4939 Deo
654 4883 779 4937 amabilia
804 4882 885 4937 corda
936 4886 1007 4940 diem
1022 4901 1070 4955 per
1086 4885 1238 4955 hujusmodi
1255 4885 1417 4940 discordiam
1429 4885 1456 4937 in
1480 4883 1556 4937 robis
1575 4890 1729 4951 perpetrata

96 4966 187 5011 restra
203 4956 264 5011 ideo
279 4957 443 5024 praemittere
455 4955 619 5017 eurariums,
639 4961 668 5006 ut
682 4969 723 5015 ea,
739 4968 799 5021 que
810 4953 886 5007 robis
936 4964 1013 5019 sunt,
1035 4955 1099 5010 binc
1130 4970 1268 5024 sumpsere
1299 4953 1472 5022 principium.
1503 4951 1632 5016 Quamuis
1656 4951 1728 5005 enim

95 5027 244 5083 studiosius
256 5042 306 5095 pro
321 5027 407 5081 salute
420 5027 543 5080 omuinm
558 5025 709 5077 animarum
732 5038 886 5076 nosrarum
936 5037 1047 5095 propter
1076 5025 1223 5094 singultum
1239 5024 1398 5094 plorationis
1416 5031 1507 5076 tacere
1522 5037 1574 5075 non
1587 5020 1729 5089 permitta-

95 5097 209 5152 dicenda
222 5097 401 5165 providimus,
415 5097 550 5151 auctiores
560 5093 662 5165 idere,
676 5093 823 5148 acutiores.
835 5091 888 5146 ιιι·
937 5111 1005 5158 rrius,
1022 5097 1084 5151 licet
1096 5102 1206 5164 propter
1219 5093 1402 5148 arctissimum
1417 5092 1546 5159 temporis
1562 5091 1689 5159 spatium,
1702 5096 1729 5144 et

95 5184 167 5232 ron,
177 5165 324 5238 aridiores]
338 5183 386 5222 ros
399 5168 431 5221 ad
447 5167 609 5220 audiendum
618 5173 645 5217 et
658 5163 802 5233 peremnia
817 5162 888 5216 solli·
936 5174 1048 5233 propter
1064 5164 1265 5219 innormitatem
1279 5163 1436 5217 carumdem
1451 5163 1633 5223 miseriarum,
1646 5169 1677 5213 ut
1689 5160 1730 5215 lu-

94 5237 165 5292 citos
181 5238 208 5291 in
220 5236 334 5293 Domino
350 5237 534 5302 redderemus.
552 5233 605 5289 Sed
628 5235 698 5289 sicut
725 5249 778 5287 nou
800 5232 887 5287 solum
938 5236 1062 5304 genitibus
1087 5249 1145 5289 ruos
1176 5242 1237 5297 cst,
1257 5235 1397 5288 innumera
1414 5232 1448 5286 ad
1473 5230 1615 5287 dicendum
1630 5228 1729 5284 llebilia

94 5307 489 5370 sacraauctoritatediscimus,
503 5320 717 5374 eorumquoque
732 5305 887 5358 ethumana
936 5305 1116 5368 occurrerint,
1151 5304 1226 5358 aucis
1241 5305 1274 5359 ad
1294 5302 1493 5358 incboationcm
1515 5299 1595 5368 hujus
1618 5298 1726 5359 infelici·

93 5379 253 5448 quotidiana
280 5378 346 5431 bene
374 5378 570 5432 consuetudine
604 5377 708 5444 agendo
734 5376 887 5440 cernimus,
938 5376 1001 5428 tatis
1022 5376 1109 5429 redire
1125 5320 1228 5446 ιιιιιιιι)
1241 5375 1339 5443 placet,
1355 5382 1384 5427 ut
1398 5381 1576 5426 contueamur
1592 5371 1729 5426 diabolum

93 5449 159 5518 cuia
177 5448 259 5502 arbor
271 5445 375 5502 fructus
391 5448 476 5502 malas
492 5447 602 5511 lacinus,
619 5446 691 5499 nullo
716 5445 795 5499 ruodo
814 5445 888 5498 salu·
939 5445 1056 5514 inhujus
1071 5445 1133 5499 rite
1147 5460 1263 5500 escuem
1276 5445 1304 5499 in
1318 5443 1390 5497 birio
1403 5449 1537 5507 stantem,
1554 5441 1599 5495 ubi
1612 5441 1730 5511 impera-

94 5517 171 5573 brius
185 5516 360 5585 exstirpatur,
392 5533 453 5571 uani
464 5518 485 5572 si
500 5517 628 5571 radicitus
640 5515 780 5580 evellatur,
794 5515 889 5570 melius
939 5525 983 5570 tor
1010 5531 1025 5570 e
1045 5516 1148 5570 duobus
1171 5531 1254 5570 uuum
1271 5515 1304 5569 ad
1325 5513 1478 5581 eligendum
1506 5511 1729 5569 imleelinabilitet

94 5588 274 5670 sepedictam
285 5535 445 5643 ιιιειοιιιιιιιι
455 5596 572 5642 uestram
583 5587 768 5656 omnipotente
777 5586 889 5640 Domino
938 5587 1052 5655 cogitur,
1068 5594 1114 5639 aut
1125 5586 1207 5640 cultui
1223 5586 1317 5640 illicito
1332 5583 1445 5637 latendo
1460 5583 1622 5652 imaginibus
1633 5591 1728 5636 contra

95 5660 245 5728 cpuulante
260 5673 315 5712 uua
335 5659 493 5726 vobiscum,
515 5659 560 5728 qui
577 5657 640 5712 buic
663 5657 822 5713 miserrume
846 5656 889 5711 ni·
935 5652 981 5725 jus
994 5657 1206 5714 ecelesiasticam
1231 5655 1365 5714 ceruicem
1380 5653 1497 5719 flectere,
1513 5659 1558 5707 aut
1580 5661 1653 5708 certe
1679 5651 1728 5708 bu-
