3780 6120
125 178 196 235 tata
427 180 515 238 ttutd
534 181 706 241 cruditur.
723 214 759 226 -
777 182 923 241 Arunda.
943 215 979 226 -
998 184 1110 241 EPIST.
1127 184 1269 241 Abbdht
1288 183 1401 243 ΡΜΣ.
1683 196 1752 255 libb

122 291 226 347 macula
240 289 353 346 alduens
365 290 472 360 eripiet,
486 295 626 350 sedetiam
644 296 670 350 iu
689 297 741 351 huc
754 296 855 351 mundo
867 309 912 349 su·
927 299 949 360 Α
963 301 991 350 ει
1001 293 1087 350 uirtus
1100 310 1153 365 qaia
1168 304 1224 350 tota
1239 304 1363 352 creatura
1377 295 1436 352 lieri
1459 300 1555 368 potuit.
1570 299 1654 359 lilius
1672 324 1752 365 ierus

121 377 171 433 per
184 376 279 418 unrncs
303 362 432 416 barbaras
453 372 547 430 gentes
569 380 628 420 cmii
653 379 685 420 ea
711 367 911 421 committentes
963 364 1030 430 reri,
1044 365 1270 421 etinvisihilisex
1285 366 1421 431 invisibili,
1445 376 1473 422 et
1495 369 1705 444 incorruptibilis
1718 394 1751 434 ei

123 431 258 500 suffragiis
278 432 335 485 suis
358 431 485 487 uictorias
503 434 602 489 tribuet
618 435 778 501 immensas,
803 435 912 504 insuper
964 433 1168 504 incorruptibili,
1182 443 1210 489 ει
1224 435 1384 490 immortalis
1397 452 1430 492 eii
1443 437 1599 506 immortali,
1616 454 1645 502 ei
1657 450 1753 516 sempr.

122 510 149 557 et
164 517 276 570 reguum
289 501 419 556 caelorum
437 503 494 557 sine
516 503 578 559 dne.
594 502 729 560 Praeterea
745 505 876 560 directum
896 518 911 557 a
965 511 1057 558 ternus
1069 520 1101 557 ex
1115 505 1286 574 sempiterno.
1300 506 1374 560 Urius
1393 506 1511 576 Spiritus
1522 519 1640 575 sanctus,
1652 531 1685 568 ea
1697 516 1752 572 boo

121 579 212 625 restra
227 571 436 626 clementissima
450 574 578 641 praecelsa
595 574 676 644 regali
689 575 807 656 potentia
820 588 912 629 susce-
964 574 1140 628 substantiam
1163 575 1282 640 habeus,
1307 584 1334 630 et
1358 577 1404 646 qui
1427 593 1476 658 per
1496 577 1593 634 filium
1609 587 1750 654 apparuit,

132 642 211 696 rimus
226 641 331 696 fidelem
350 640 510 695 familiarem
524 652 653 707 restrum,
675 643 800 699 uidelicet
818 643 911 714 Engil-
964 642 1053 713 imago
1066 642 1126 697 filit
1136 642 1261 726 perfecti,
1277 644 1393 714 perlecta
1412 648 1558 703 uiuentium
1577 667 1669 718 causa,
1690 671 1752 711 san-

157 721 228 766 rtum
242 711 366 767 abbatem
377 718 405 765 et
419 712 571 766 ministrum
591 713 714 782 capellae,
737 714 783 783 qui
798 729 866 783 peiie
878 714 913 768 ab
964 712 1045 767 etitas
1057 714 1276 769 sanctificationis
1289 716 1450 796 praestatrix,
1469 733 1518 787 per
1528 736 1607 789 quem
1625 722 1695 779 licus
1708 742 1752 780 su-

121 781 187 852 ipsis
201 781 321 836 infantiae
340 782 500 835 rudimentis
521 781 546 836 iii
562 783 662 851 palatiu
678 784 913 838 restroeiiutritus
983 799 1013 836 er
1025 785 1115 837 oiiinia
1134 793 1159 838 et
1177 784 1203 837 iii
1224 786 1349 839 oninibus
1370 788 1548 855 cognoscitur,
1568 810 1578 843 ι
1597 799 1624 846 ει
1643 803 1751 852 caetera,

121 859 173 917 εει,
187 862 214 907 ει
229 852 256 906 ιιι
271 852 396 906 οιιιιιιιιιιε
411 851 530 906 εοιιειΙιιε
542 853 640 907 restris
655 861 792 921 receptus,
805 863 835 908 ut
851 853 913 908 ideo
963 797 998 905 St
1022 868 1074 906 iion
1098 853 1184 907 soluiu
1208 854 1366 923 bistiiriugra
1387 855 1438 910 lius
1456 857 1507 913 iste
1527 858 1598 916 banc
1622 875 1753 921 memorat

121 921 191 977 sieut
204 936 219 976 a
231 922 308 977 robis
321 922 348 975 in
360 922 433 975 omni
448 919 631 976 familiaritate
646 923 791 993 recipitur,
805 922 841 976 ita
856 930 882 976 et
897 937 913 976 a
964 922 1050 976 saneti
1070 920 1191 994 Gregorii
1215 923 1304 987 bdeiii,
1328 870 1385 978 serf

121 992 199 1047 nohis
221 992 386 1060 reciperetur
397 999 426 1046 et
438 992 616 1047 condecenter
630 992 817 1048 honoraretur.
838 992 913 1049 Unde
964 999 1074 1046 sanetus
1088 991 1234 1064 Gregorius
1246 992 1381 1063 llyssenus
1395 994 1422 1048 iii
1435 1010 1559 1054 sermone
1574 999 1668 1058 Graco
1679 1006 1755 1061 miri·

120 1077 172 1132 pro
184 1063 268 1117 nimio
283 1076 465 1130 amureqiiem
482 1075 545 1133 erga
562 1070 678 1117 uestram
698 1063 851 1118 mellifluam
868 1077 915 1132 ge-
965 1062 1016 1116 lice
1037 1069 1117 1130 atque
1139 1062 1277 1132 splendide
1296 1078 1328 1118 ea
1347 1064 1511 1144 explauarit,
1533 1069 1665 1139 qiialiter,
1688 1083 1717 1130 et
1738 1091 1754 1132 a

123 1130 208 1187 rimus
222 1132 337 1204 regalem
349 1132 547 1197 excellentiam,
555 1132 625 1187 sieut
635 1132 748 1188 misistis
758 1150 819 1188 eum
830 1132 914 1187 nimio
965 1131 1063 1199 quihus
1073 1131 1160 1186 eidem
1172 1140 1265 1187 sancto
1276 1132 1405 1204 Gregorio
1415 1135 1542 1206 disposita
1553 1149 1633 1210 atquc
1645 1151 1754 1200 ostensa

122 1217 215 1258 amore
236 1201 385 1258 dulcedinis
404 1201 519 1266 eximiae,
540 1217 601 1257 euni
625 1202 812 1272 suscipientes,
832 1210 915 1271 prout
965 1208 992 1254 et
1007 1202 1063 1256 risa
1075 1210 1126 1257 cst.

121 1273 216 1337 uoluit,
233 1281 261 1327 ει
283 1272 399 1341 qualiter
411 1270 513 1336 roluit,
533 1287 594 1327 cum
619 1287 715 1343 magra
731 1272 914 1328 familiaritate
1001 1269 1067 1326 ltem
1087 1271 1172 1326 sancti
1189 1271 1284 1326 llilarii
1307 1287 1341 1327 ex
1357 1272 1404 1327 lib.
1428 1289 1476 1330 riri
1496 1276 1528 1331 dc
1541 1279 1607 1334 fide
1618 1279 1690 1352 (Lib.
1703 1298 1753 1340 uiri

121 1342 202 1397 uobis
214 1351 394 1406 enarrantem,
420 1356 485 1396 aure
503 1341 628 1411 placabili
648 1351 676 1397 et
691 1352 781 1399 mente
799 1342 914 1413 benigna
966 1338 999 1394 de
1012 1340 1163 1424 Trinitate),
1177 1340 1247 1395 inter
1258 1352 1356 1397 celcra
1375 1360 1382 1396 :
1399 1362 1408 1393 ι
1426 1343 1492 1398 Cum
1507 1345 1625 1416 Spiritus
1634 1361 1753 1418 sauctus,

120 1428 183 1467 eum
192 1413 371 1483 susrepiiuus,
385 1421 412 1467 et
422 1414 499 1481 quasi
510 1424 598 1467 restra
609 1413 742 1483 corporali
754 1412 914 1469 excellentia
965 1411 1057 1479 qui-et
1074 1409 1192 1480 Spiritus
1206 1410 1308 1466 Christi
1321 1421 1348 1466 ct
1362 1411 1480 1481 Spiritus
1494 1415 1541 1470 liei
1562 1426 1619 1483 est,
1640 1435 1684 1476 res
1705 1439 1754 1477 na-

121 1482 201 1537 iiohis
225 1493 369 1548 nari-aute,
396 1493 518 1537 nostrum
540 1483 565 1537 ei
588 1482 734 1553 patientius
750 1483 915 1539 credidimus
966 1487 1034 1535 turae
1048 1495 1108 1535 csse
1131 1481 1331 1536 demonstretur
1353 1483 1452 1547 unius,
1479 1500 1571 1554 quaro
1588 1488 1670 1557 igitur
1688 1506 1755 1561 quu-

122 1552 279 1616 eoiisilium,
305 1554 337 1607 ad
361 1551 511 1623 profectum
538 1561 639 1608 sanetae
663 1562 762 1608 nostre
787 1555 914 1609 Romanae
967 1549 1047 1605 modo
1065 1566 1118 1606 non
1137 1565 1171 1605 ex
1189 1561 1285 1604 natura
1301 1568 1382 1605 unum
1396 1553 1476 1607 suiitl
1499 1553 1622 1614 Al‘atre
1633 1562 1756 1628 procedit

122 1623 249 1679 Ecclesiae
266 1632 292 1676 et
306 1632 429 1678 i'estraea
451 1622 506 1676 lieo
525 1631 655 1692 protectae
676 1623 775 1691 regalis
788 1624 915 1746 potentiae
931 1642 954 1704 B
967 1618 1085 1688 Spiritus
1100 1620 1230 1683 veritatis,
1244 1637 1259 1675 a
1272 1619 1341 1675 Filio
1356 1622 1481 1685 mittitur,
1496 1632 1523 1678 et
1534 1640 1550 1679 a
1563 1625 1631 1682 Filio
1646 1631 1753 1700 accipit,

122 1694 323 1749 exaltationem.
344 1692 415 1747 luter
433 1708 493 1764 quae
510 1692 593 1746 edidit
609 1693 687 1748 nohis
699 1694 788 1763 capitu
800 1709 847 1749 are
867 1695 915 1748 ad·
969 1691 1016 1745 sed
1033 1690 1123 1744 omnia
1137 1691 1288 1759 quae'liahet
1298 1690 1389 1756 Pater,
1403 1701 1430 1746 et
1444 1691 1538 1749 fitius.
1551 1695 1584 1749 Et
1595 1696 1696 1754 idcireo
1707 1702 1754 1771 qui

122 1779 230 1818 tersum
246 1763 377 1832 synodum
395 1779 455 1832 que
468 1777 516 1831 pro
530 1777 668 1818 sacrarum
689 1762 835 1836 imaginum
857 1778 916 1818 ere-
926 1789 930 1798 ·-
967 1761 1002 1814 ab
1016 1773 1049 1814 eo
1064 1760 1173 1830 accipit,
1187 1760 1235 1814 Dei
1249 1758 1366 1829 Spiritus
1381 1769 1432 1828 εει,
1454 1764 1502 1818 sed
1515 1763 1585 1819 idem
1597 1775 1625 1822 et
1638 1766 1755 1839 Spiritus
1792 1776 1797 1787 '

122 1835 212 1891 ctione
225 1835 251 1889 iu
266 1833 353 1888 Nicaea
376 1843 437 1887 acta
452 1842 502 1887 est.
525 1832 601 1888 Unde
615 1847 665 1901 pro
680 1842 769 1889 restra
789 1832 916 1889 melliflua
968 1829 1067 1885 Christi
1078 1840 1155 1885 est.»
1176 1829 1285 1954 Ειροει
1309 1846 1395 1900 pauca
1414 1850 1421 1885 :
1443 1855 1451 1884 i
1466 1833 1514 1888 Est
1540 1834 1655 1892 enimin
1678 1841 1756 1898 nolis

123 1905 206 1975 regali
220 1905 362 1959 dilectione
371 1918 420 1973 per
430 1903 639 1973 unumquodque
648 1903 794 1972 capitulum
806 1918 916 1974 respou-
968 1898 1086 1968 Spiritus
1105 1901 1167 1965 liei,
1186 1915 1216 1954 se
1246 1907 1274 1954 et
1291 1909 1333 1954 est
1347 1902 1374 1955 in
1399 1903 1477 1957 nobis
1502 1902 1619 1976 Spiritus
1638 1907 1754 1975 Christi,

122 1990 182 2030 sum
203 1975 386 2029 reddidimus:
406 1989 458 2028 non
480 1972 644 2044 quemlihet,
668 1974 753 2040 absit,
779 1975 915 2029 homiuem
967 1979 995 2024 et
1005 1970 1195 2042 euurSpiritus
1206 1969 1306 2025 Christi
1320 1971 1399 2037 inest,
1416 1972 1486 2029 iuest
1506 1972 1623 2046 Spiritus
1637 1978 1695 2034 bot.
1716 1982 1756 2037 lta

123 2044 306 2109 defendentes,
321 2044 368 2098 sed
382 2044 510 2098 olitanam
527 2043 698 2100 traditionem
710 2051 811 2101 sanctae
824 2045 917 2100 catho-
967 2055 1028 2094 curu
1039 2047 1110 2109 quod
1125 2041 1172 2094 Dei
1185 2049 1264 2095 estet
1278 2040 1379 2096 Christi
1392 2050 1443 2107 est,
1457 2052 1485 2098 et
1497 2059 1557 2099 euin
1571 2047 1642 2117 quod
1653 2048 1754 2108 Cbristi

123 2115 182 2170 licre
195 2123 222 2169 et
236 2114 388 2185 apostolicae
405 2114 532 2169 llomauae
550 2113 676 2169 Ecclesiae
696 2123 827 2178 tenentes,
864 2114 915 2169 iis·
967 2118 1008 2164 est
1022 2110 1129 2172 beiest,
1143 2127 1197 2165 noti
1212 2117 1299 2179 polest
1314 2109 1385 2166 aliud
1399 2112 1611 2182 quiddirersum
1631 2115 1755 2178 Christus

124 2201 182 2240 eam
195 2187 421 2254 predecessorum
432 2192 585 2238 nostrorum
595 2194 747 2239 sanctor-uu
758 2131 916 2256 pontilstum
967 2195 1025 2235 esse
1037 2197 1117 2249 quatu
1129 2181 1199 2235 Deus
1213 2189 1264 2234 cst.
1280 2180 1351 2236 Deus
1366 2181 1448 2252 igitur
1464 2183 1591 2242 Christus
1608 2195 1756 2254 estunam

122 2257 262 2325 sequimur
280 2256 442 2319 doctrinam,
459 2261 540 2308 rcere
561 2253 624 2308 lldei
644 2255 815 2311 traditionem
829 2256 916 2313 modis
967 2266 1027 2305 erun
1052 2251 1107 2305 lieo
1120 2250 1245 2305 Christus
1266 2265 1273 2303 :
1296 2258 1323 2305 et
1339 2250 1403 2306 illud
1427 2252 1610 2324 evangelicum
1634 2274 1642 2312 a
1658 2256 1716 2330 llpo
1731 2271 1756 2318 et

123 2327 250 2383 uiuiiihus
262 2325 441 2381 vindicantes.
967 2317 1048 2374 Pater
1060 2336 1249 2384 anomaamria,
1263 2329 1316 2376 etc.
1331 2340 1341 2373 ι
1357 2320 1447 2392 (dean.
1463 2322 1503 2394 ii.)

512 2435 519 2457 ,
1001 2389 1067 2444 item
1082 2391 1115 2445 de
1134 2390 1247 2462 epistola
1267 2391 1354 2446 sancti
1373 2390 1462 2447 liasilii
1487 2392 1521 2448 ad
1537 2392 1755 2466 Amphilochium

341 2437 375 2492 'N
393 2434 542 2493 Aeuom
562 2436 699 2492 mm·
967 2459 1122 2530 episcopum
1139 2460 1221 2516 leonii
1240 2459 1310 2532 (Lib.
1323 2460 1409 2516 raes
1428 2462 1590 2518 irituaorrcto
1603 2466 1756 2540 addmplii·

160 2531 188 2584 lii
208 2529 296 2600 primo
315 2528 422 2598 quidem
443 2526 561 2598 capitulo
579 2526 730 2594 ferebatur,
747 2528 774 2583 in
793 2543 826 2584 co
843 2530 916 2600 quud
967 2527 1046 2594 furh,
1073 2531 1135 2600 itt),
1149 2530 1222 2585 iuter
1233 2542 1354 2586 caetera:
1373 2548 1383 2581 ι
1421 2547 1484 2586 num
1497 2533 1566 2589 idem
1579 2543 1606 2590 ει
1623 2535 1756 2606 Spirituui

123 2600 208 2655 dicit:
232 2618 242 2652 ι
259 2600 292 2655 Et
312 2599 338 2653 ιιι
355 2597 486 2668 Spiritum
502 2605 625 2658 sanctum
644 2598 785 2653 Dominum
798 2616 831 2655 ac
846 2601 915 2657 riri·
967 2610 1100 2660 sanctuni,
1116 2609 1143 2654 et
1163 2601 1250 2682 ipsimi
1264 2600 1405 2655 inanitate
1422 2601 1525 2657 dictum
1546 2619 1596 2674 per
1612 2622 1695 2662 unum
1707 2608 1755 2664 Fi.

125 2672 274 2735 beatorem,
286 2685 317 2725 eii
333 2668 413 2723 Patre
445 2667 581 2724 erFilium
595 2668 795 2738 procedentem.
815 2691 825 2724 ι
967 2667 1032 2723 ιιιιιιι
1048 2670 1094 2724 mii
1106 2668 1180 2724 Patri
1195 2668 1384 2738 coniunctum,
1404 2679 1431 2726 ει
1448 2673 1597 2754 peripsum
1619 2678 1758 2749 couipleos

160 2740 345 2811 lieprelreario.
364 2684 444 2807 Quos
454 2738 582 2794 Tarasius
597 2754 651 2792 noii
666 2747 739 2795 recte
749 2740 857 2804 sentiat,
870 2741 916 2811 qui
967 2739 1210 2809 superlaudabilem
1235 2750 1263 2795 et
1284 2740 1391 2795 beataui
1413 2741 1584 2798 Trinitatem.
1603 2766 1613 2799 r
1639 2745 1673 2801 Et
1696 2760 1758 2819 post

1389 933 1416 979 et
1438 928 1572 985 maximus
1594 933 1755 1000 praedicator

124 2808 255 2893 Spiritum
273 2818 397 2866 sanctum
412 2826 464 2865 non
478 2825 511 2864 eii
525 2807 605 2864 Patre
620 2816 649 2863 et
666 2808 745 2875 filio,
769 2812 916 2887 secundum
967 2825 1052 2934 Rauca
1070 2825 1078 2863 ι
1095 2829 1103 2860 ι
1121 2809 1265 2865 Eiiiinrero
1280 2826 1334 2865 uua
1358 2810 1406 2865 hei
1434 2812 1545 2868 scientia
1565 2826 1625 2884 est,
1646 2818 1681 2873 ah
1703 2835 1757 2878 uno

124 2879 224 2937 dicant
242 2881 356 2951 symboli
371 2879 460 2944 fldem,
476 2880 523 2934 sed
538 2895 571 2934 eii
585 2877 666 2935 Patre
678 2894 727 2948 per
746 2879 841 2935 Filium
855 2896 918 2950 pro-
979 2879 1071 2948 'piritu
1090 2896 1139 2950 per
1160 2880 1357 2935 uiinml‘ilium
1375 2880 1469 2937 inuno
1497 2883 1615 2940 Patre.»
1645 2887 1678 2942 Ει
1704 2890 1756 2944 ite·

123 2954 263 3007 cedentem
277 2952 304 3007 iii
318 2967 374 3007 suae
392 2950 560 3005 credulitatis
578 2949 693 3005 lectione
705 2950 874 3020 profiteatur.
930 2965 1028 3050 crum
1051 2966 1057 3004 :
1080 2969 1088 3000 i
1106 2949 1244 3006 Naturalis
1261 2951 1368 3006 bonitas
1391 2961 1418 3006 ει
1437 2954 1584 3008 secundum
1606 2959 1758 3017 naturalem

160 3022 313 3093 lleapuaiio.
328 3022 385 3077 lloe
398 3021 493 3090 dogma
510 3021 638 3076 'larasius
653 3036 706 3074 nou
721 3037 769 3090 per
783 3035 812 3074 se
823 3021 916 3092 expia·
969 3020 1210 3075 sanctificationem
1223 3062 1230 3087 ,
1254 3027 1282 3077 et
1304 3034 1332 3074 rc
1351 3019 1421 3076 alem
1442 3023 1621 3093 dignitatem,
1648 3042 1679 3081 ει
1706 3029 1758 3084 Pa·

124 3093 207 3156 iiarit,
216 3092 262 3147 sed
273 3107 323 3163 per
332 3091 482 3148 doctrinam
494 3097 649 3145 sanctorum
657 3089 768 3145 Patium
778 3091 918 3148 coiifessrrs
969 3101 1010 3145 tre
1027 3105 1076 3161 p..·r
1095 3090 1268 3161 Unigenitum
1287 3090 1314 3144 in
1334 3037 1436 3161 Spiritu
1456 3096 1618 3162 pertransit,
1638 3105 1691 3152 etc.
1710 3117 1720 3150 ι

124 3173 183 3218 est:
206 3179 322 3234 quorum
340 3161 457 3230 capitula
470 3175 520 3231 pro
533 3170 623 3216 restro
635 3159 719 3215 nimio
732 3175 834 3225 amore,
846 3159 918 3232 quod
1003 3160 1069 3216 ltein
1081 3160 1170 3216 sancti
1192 3160 1328 3216 Ambrosii
1345 3176 1378 3216 eii
1392 3161 1439 3216 lib.
1453 3179 1460 3216 i
1473 3163 1544 3236 (cap.
1558 3165 1586 3237 ὅ)
1600 3166 1634 3221 (ιε
1655 3165 1758 3249 Spiritu

139 3234 292 3302 l'roquem.
311 3231 410 3304 ilerd]
430 3230 917 3301 ergarestrampraeerectissiinama
969 3239 1071 3296 saneto,
1086 3232 1157 3286 inter
1178 3239 1300 3288 catera:
1324 3230 1406 3287 «los
1435 3241 1525 3288 autem
1556 3235 1758 3305 baptizabimini

124 3235 179 3359 bria
194 3311 345 3373 protectam
357 3302 474 3383 regalem
487 3301 673 3358 excellentiam
687 3300 815 3372 gerimus,
828 3301 919 3356 breri-
969 3299 1070 3368 Spiritu
1091 3311 1194 3357 sancto.
1213 3320 1223 3353 ι
1239 3302 1273 3357 Et
1284 3309 1442 3371 postpauca
1462 3317 1470 3357 a
1490 3322 1499 3355 i
1516 3303 1611 3361 Uiritus
1620 3321 1685 3376 ergo
1695 3323 1759 3378 ope-

124 3383 165 3428 ter
177 3389 339 3428 examinas:
358 3372 462 3427 scilieet
484 3372 570 3427 sancti
592 3371 735 3425 Athanasii
757 3372 790 3426 de
811 3372 918 3441 appari·
969 3370 1099 3436 radonis,
1118 3372 1208 3426 unitas
1218 3373 1433 3443 praedicationis,
1447 3388 1507 3442 qiue
1518 3389 1572 3428 non
1585 3385 1673 3446 potest
1684 3393 1761 3449 sepa·

125 3445 197 3498 tione
208 3443 315 3498 Domini
330 3443 357 3496 iu
374 3456 456 3498 came
467 3441 511 3513 (la
522 3456 640 3496 senuaar
653 3441 685 3494 dr
694 3441 811 3496 frumario
821 3452 918 3496 natata
968 3441 1035 3496 rari.
1051 3440 1128 3507 Quod
1140 3442 1163 3496 si
1175 3442 1226 3496 hoc
1239 3453 1299 3497 ioco
1315 3454 1456 3511 separetur
1468 3442 1585 3511 Spiritus
1602 3446 1636 3500 ab
1659 3462 1758 3516 opera-

123 3531 197 3569 iirsee
226 3513 284 3567 aab
298 3513 431 3583 unigenito
453 3509 556 3581 Verbo),
569 3512 762 3566 intercutem.
787 3529 796 3562 i
811 3511 845 3564 Et
856 3527 919 3581 pro·
970 3510 1040 3565 tione
1054 3510 1144 3565 Patris
1158 3519 1185 3565 et
1197 3509 1275 3576 Filii,
1291 3512 1354 3581 quia
1366 3511 1529 3576 dictumest,
1542 3513 1581 3568 Eii
1593 3514 1757 3582 Deooiunia,

123 3595 184 3656 pter
196 3524 246 3639 mic
256 3582 374 3638 insulllat
387 3582 413 3636 in
426 3581 495 3638 facie
506 3580 701 3652 apostolurum,
720 3581 828 3636 dicens:
842 3583 917 3634 Acci·
968 3589 1005 3644 et,
1021 3578 1071 3633 Per
1082 3579 1180 3634 Filium
1197 3581 1297 3646 omnia,
1311 3595 1376 3651 ergo
1393 3589 1421 3635 et
1435 3580 1481 3647 ibi,
1495 3582 1557 3652 quia
1568 3583 1713 3654 Apostolus
1726 3587 1761 3643 de

123 3656 175 3726 pite
196 3653 215 3709 S
237 3655 324 3707 ‘ritum
343 3662 464 3707 ranetam
478 3653 568 3724 (ioan.
587 3651 651 3723 xx),
674 3661 704 3705 ut
724 3666 918 3722 cognoscamus
967 3649 1163 3705 Ghristodixit.
1174 3648 1228 3714 Qui
1239 3660 1365 3720 estsuper
1377 3652 1465 3704 amaia
1481 3651 1550 3706 Deus
1569 3653 1759 3711 benedictoria

124 3725 187 3793 quia
205 3671 242 3778 dg
250 3722 415 3792 plenitudine
432 3723 541 3777 deitatis
554 3732 596 3777 est
610 3723 656 3791 qui
667 3720 783 3776 dabatur
800 3720 918 3790 Spiritus
967 3716 1161 3790 raculafflom.
1173 3717 1223 3790 iii),
1242 3735 1295 3774 non
1310 3720 1396 3774 solum
1407 3735 1468 3775 eum
1479 3723 1611 3777 creaturis
1623 3725 1758 3790 omnibus,

125 3795 274 3863 discipulis.
291 3792 325 3846 lri
344 3791 540 3856 christocolae,
556 3792 651 3860 iuquit,
674 3790 785 3855 habitat,
808 3791 860 3845 hoc
877 3799 919 3845 εει
968 3791 1015 3844 scd
1026 3790 1108 3843 etiam
1119 3788 1209 3853 Patri,
1225 3792 1297 3860 quud
1311 3790 1383 3844 dictu
1396 3796 1438 3843 est
1456 3790 1541 3856 iielas,
1555 3794 1688 3860 pratalia
1711 3797 1759 3851 scd

126 3866 153 3920 iii
174 3879 256 3919 earne
270 3862 346 3931 ejus,
370 3863 453 3916 omnis
469 3861 603 3932 plenitudo
622 3861 726 3914 deitatis
748 3860 920 3930 corporaliter
968 3857 1116 3916 abstalton
1131 3860 1204 3915 enini
1218 3859 1387 3914 interoainia
1400 3857 1490 3926 Pater,
1505 3877 1559 3916 uon
1569 3861 1640 3917 inter
1655 3862 1759 3934 plebem

126 3934 239 4003 (Colore.
254 3935 294 4004 ιι),
316 3934 386 3987 ειειιι
400 3941 427 3986 ει
442 3932 604 4003 euangelista
618 3929 735 3986 loaiiiies
755 3930 820 3985 dicit
832 3949 838 3984 :
864 3931 918 3985 d'oa
968 3931 1112 4002 quamdam
1123 3937 1311 3984 creaturarum
1324 3944 1443 3983 suarum.
1456 3929 1554 3986 Suliter
1565 3941 1688 3988 creatura
1701 3949 1760 3990 oni-

125 4022 213 4060 omues
229 4022 261 4059 ea
274 4002 500 4074 plenitudineejits
511 4002 657 4074 accepimus
667 4001 757 4074 (icari.
772 4001 803 4073 ι).
819 4000 920 4071 Corpo-
969 4000 1021 4060 iiis,
1036 4015 1117 4071 supra
1130 3999 1258 4054 diuinitas
1270 3999 1368 4060 Patris,
1379 3998 1484 4066 siritii,
1496 4010 1524 4056 et
1535 4002 1652 4074 Spiritus
1662 4006 1759 4060 saneti,

127 4076 175 4130 rati
190 4075 263 4128 euim
275 4073 364 4146 specie
376 4073 446 4128 sieut
460 4074 584 4128 columba
596 4071 720 4143 apparuit
730 4071 846 4140 Spiritus
857 4086 919 4126 san·
967 4070 1014 4125 llla
1028 4070 1123 4136 seruit,
1137 4070 1196 4125 haec
1216 4078 1328 4140 regnat;
1350 4068 1398 4124 illa
1422 4069 1551 4140 subiacet,
1567 4073 1620 4130 ista
1640 4075 1761 4131 domina-

125 4156 186 4201 ctus
200 4144 277 4217 (Aac.
295 4146 348 4215 ui),
362 4143 528 4200 descendens
543 4153 571 4197 et
585 4159 698 4197 maneus
708 4157 789 4211 super
803 4157 875 4197 eum.
889 4143 918 4198 ln
969 4149 1022 4205 tur,
1037 4148 1090 4196 ειε.
1105 4159 1115 4192 ι

126 4217 204 4271 ιιιιιιιε
227 4216 326 4271 etenim
341 4214 466 4284 primitiae
486 4223 513 4267 et
537 4214 634 4283 pignus
650 4212 758 4267 ileiratis
774 4211 917 4277 inhabitat,
1003 4212 1068 4266 ltem
1081 4208 1167 4265 sancti
1180 4206 1305 4278 Gregorii
1319 4210 1447 4284 Tlieulogi
1470 4212 1503 4268 de
1515 4214 1640 4270 secundis
1651 4214 1693 4285 epi
1714 4214 1762 4271 lia·

125 4287 153 4342 iii
170 4287 279 4341 Christo
302 4296 392 4338 autem
415 4283 504 4336 oannis
526 4283 663 4351 plenitudo
687 4282 807 4337 deitatis.
827 4283 862 4337 Et
885 4299 918 4338 ire
969 4279 1120 4352 niisfdrot.
1133 4281 1264 4334 frasaneto
1286 4279 1416 4356 lumina),
1437 4283 1507 4338 inter
1522 4293 1620 4340 caetera
1635 4301 1642 4340 ι
1659 4304 1668 4335 ι
1701 4286 1762 4342 obis

126 4357 187 4426 quis
204 4357 350 4410 arbitretur
363 4353 425 4421 quia
441 4353 518 4421 quasi
532 4368 584 4406 nori
607 4353 709 4406 liabens
728 4353 785 4421 ιρεε
799 4353 917 4424 εεειριε-
933 4339 1060 4407 Dantem
1071 4366 1141 4406 unus
1158 4350 1230 4406 Deus
1245 4348 1334 4418 Pater,
1353 4369 1387 4408 ex
1398 4369 1451 4423 quo
1463 4354 1563 4419 omnia,
1577 4363 1605 4410 et
1623 4371 1692 4410 unus
1705 4355 1760 4409 liu·

125 4429 190 4481 hat:
207 4427 264 4495 ipse
278 4426 349 4480 euim
363 4423 414 4479 sibi
426 4423 541 4490 desuper
558 4422 692 4484 mittebat,
704 4422 775 4477 sieut
788 4423 869 4485 Deus,
890 4430 919 4478 et
969 4423 1059 4477 minus
1076 4419 1156 4477 lesus
1169 4420 1303 4486 Christus,
1318 4438 1457 4493 perquem
1471 4424 1572 4490 omnia,
1585 4436 1612 4480 et
1623 4440 1693 4479 unus
1703 4424 1762 4495 Spi-

126 4497 183 4566 ipsc
202 4497 252 4551 sibi
270 4496 395 4550 deorsum
416 4493 589 4562 suscipiebat,
614 4493 682 4548 sicut
700 4494 790 4547 lioiiio.
807 4493 847 4547 Ab
859 4494 918 4562 ipso
970 4493 1038 4548 ritus
1051 4501 1170 4556 sanetus,
1193 4491 1220 4543 iu
1234 4506 1287 4560 quo
1308 4493 1407 4546 omnia.
1425 4493 1481 4549 llue
1498 4495 1557 4565 ipso
1574 4503 1663 4549 autern
1688 4494 1762 4564 quud

125 4581 190 4637 eigo
214 4568 240 4619 in
256 4568 345 4635 ipsuiir
360 4562 546 4626 descendebat,
571 4577 603 4617 ex
624 4564 723 4617 deitate
740 4562 798 4631 iius
819 4563 847 4617 in
867 4565 918 4617 hu-
970 4562 1094 4625 dicimus,
1105 4561 1145 4615 Ex
1162 4575 1224 4630 quo,
1239 4569 1266 4615 ct
1276 4560 1329 4615 Per
1339 4576 1431 4631 quem,
1447 4572 1474 4617 et
1484 4563 1512 4619 ln
1528 4580 1592 4645 qiio,
1609 4580 1663 4619 uon
1678 4573 1760 4619 natu·

126 4637 283 4690 niauitaiein
299 4637 367 4701 egos.
386 4634 443 4687 alit
456 4643 516 4701 pust
535 4632 630 4701 plura:
655 4652 664 4683 i
692 4631 862 4688 llariifestum
878 4641 919 4687 est
970 4647 1028 4687 ram
1043 4646 1183 4696 secamus,
1202 4646 1290 4699 neque
1312 4633 1384 4686 euim
1410 4634 1630 4703 praepositionum
1653 4634 1763 4705 syllaba

125 4707 188 4775 quia
207 4722 257 4775 per
269 4706 355 4774 ipsum
373 4704 463 4759 oiniiia
482 4702 546 4758 fecit
563 4702 658 4767 lhiter,
680 4718 729 4771 per
751 4704 837 4772 ipsum
855 4718 920 4774 ergo
970 4702 1338 4756 niutatcenaturaereritateiu
1351 4704 1648 4771 mutabuiit,scduiiius
1659 4713 1763 4760 araturae

125 4792 187 4833 cum
202 4776 325 4841 suscitat,
335 4790 382 4845 per
393 4774 481 4843 ipsum
495 4789 556 4827 euin
569 4772 730 4838 sanctificat,
738 4783 765 4826 et
774 4788 822 4846 per
832 4773 920 4842 ipsum
971 4771 1013 4827 sni
1031 4770 1161 4840 cujusque
1174 4771 1291 4826 nominis
1302 4774 1494 4842 proprietatem
1524 4774 1658 4845 desigirat.
1686 4773 1763 4841 Quod

125 4862 187 4900 eum
202 4847 313 4909 enabat,
327 4854 355 4899 ει
368 4861 416 4915 ρει
431 4844 517 4912 ιρειιιιι
533 4843 615 4897 ritain
629 4843 701 4898 dati
971 4840 1190 4898 manifestissime
1204 4841 1338 4896 iudicatur
1351 4856 1385 4896 ex
1397 4859 1430 4898 eu
1444 4845 1515 4914 quod
1528 4861 1622 4899 rursus
1637 4845 1665 4898 in
1678 4859 1762 4899 uuum

161 4916 228 4970 ltciri
242 4915 361 4984 ejusdem
377 4914 463 4969 sancti
478 4912 618 4968 Athanasii
639 4911 673 4968 de
688 4912 858 4982 virgiiitiaio,
879 4912 920 4966 iu·
971 4922 1113 4967 revocatur
1124 4912 1175 4965 ista
1185 4911 1241 4980 ipsa
1253 4911 1410 4977 dii·ersitas;
1421 4914 1443 4967 si
1456 4914 1518 4982 qiiis
1530 4922 1680 4968 tamennon
1691 4920 1765 4966 traii-

125 4996 168 5042 ter
183 4995 302 5041 caetera:
324 5005 334 5036 i
356 4984 390 5038 bi
405 4984 432 5038 iu
451 4981 471 5037 S
490 4983 581 5037 iritum
594 4992 729 5046 sanctum,
741 4983 787 5053 qui
800 4983 827 5036 in
841 4981 920 5036 Patre
972 4982 1066 5039 sitorie
1081 4982 1152 5050 apud
1165 4980 1253 5052 ipsum
1267 4980 1425 5050 Apostolum
1452 4982 1522 5052 legat
1534 4983 1600 5037 illud
1613 4984 1684 5053 quod
1696 4981 1764 5037 scri-

125 5065 152 5111 et
167 5057 236 5112 l'ilio
246 5057 373 5120 existens,
389 5053 435 5124 qui
449 4997 558 5108 aff‘atre
570 5053 715 5119 emittitur,
726 5061 753 5108 et
763 5068 812 5124 per
822 5051 921 5107 Filium
972 5061 1047 5123 ptum
1066 5061 1118 5115 est,
1136 5065 1202 5131 cuiii¹
1224 5049 1314 5103 diat:
1336 5050 1405 5115 Quia
1424 5069 1456 5106 ea
1473 5053 1540 5176 {fw’
1560 5061 1584 5105 et
1665 5052 1762 5131 ipsura,

126 5129 217 5183 datur.
234 5146 243 5179 ι
972 5132 996 5176 et
1013 5121 1040 5175 irr
1057 5121 1112 5191 ipso
1132 5136 1221 5173 umora
1241 5119 1331 5190 (dom.
1343 5117 1393 5190 xi),
1409 5129 1437 5175 et
1455 5137 1471 5174 a
1490 5121 1574 5176 didit:
1612 5122 1652 5192 pai
1677 5119 1763 5191 glorta

161 5198 229 5252 ltem
243 5197 277 5253 de
290 5196 392 5251 llistor.
406 5194 515 5257 eccles,
530 5193 577 5250 lib.
590 5210 640 5260 rii,
655 5193 763 5250 Eusebii
777 5189 923 5248 Gaesarien·
972 5193 1000 5246 ιιι
1010 5190 1108 5246 iacula
1125 5189 1398 5261 recurrentibus.
1427 5211 1436 5242 ι

125 5268 174 5332 ειε,
188 5276 249 5338 ροει
262 5268 357 5338 plura:
380 5286 389 5318 ι
407 5265 460 5321 Gre
478 5265 530 5319 urii
545 5265 672 5336 martyris
683 5274 710 5319 ει
722 5263 841 5333 episcopi
856 5264 924 5320 h'eo·
1008 5262 1075 5317 lteiii
1088 5259 1174 5315 sancti
1186 5258 1329 5329 Augustini
1344 5276 1376 5314 eii
1393 5275 1517 5316 εεειιιοιιε
1542 5261 1575 5317 de
1599 5258 1764 5315 Ascensione

126 5355 251 5394 casareae
266 5338 352 5392 tides:
375 5336 450 5392 Urius
507 5351 539 5390 us
550 5333 631 5390 Pater
643 5335 723 5390 Verbi
738 5334 863 5398 virentis,
883 5349 924 5388 sa-
973 5331 1080 5388 bonitut
1103 5331 1173 5384 inter
1199 5329 1295 5400 plura:
1319 5348 1328 5381 i
1351 5330 1429 5385 Dedit
1445 5331 1471 5384 in
1495 5338 1566 5386 terra
1590 5330 1763 5400 conspicuus,

127 5410 235 5532 pientiae
259 5404 601 5471 subsistentis,etrirtutis
616 5420 680 5467 suae,
697 5413 724 5459 et
743 5404 846 5475 figurae,
881 5420 925 5458 er·
973 5400 1296 5526 etproxiinisproirinius
1318 5399 1448 5470 Spiritum
1460 5399 1765 5466 sanctum,insulllaiidu

138 5505 144 5528 i

147 5490 214 5534 icius
234 5476 346 5548 perfecti
359 5477 481 5548 genitor,
505 5475 584 5530 Pater
603 5474 662 5530 lilii
687 5475 829 5545 unigeniti.
873 5488 925 5528 nus
974 5474 1001 5528 in
1024 5472 1110 5528 aciem
1123 5484 1217 5525 eurum
1232 5487 1238 5524 :
1253 5479 1281 5525 et
1293 5469 1328 5525 ab
1348 5472 1399 5526 hac
1420 5471 1538 5528 maxime
1557 5471 1689 5526 charitate
1703 5485 1765 5551 ιιιιρι

130 5549 268 5613 llominus,
282 5547 356 5603 solus
370 5564 404 5602 er
419 5545 477 5601 solo
488 5546 553 5607 lieo,
566 5543 652 5615 ligura
664 5553 691 5599 ει
702 5545 791 5616 imago
803 5543 923 5610 deitatis,
976 5543 1089 5599 incudis
1102 5551 1159 5606 est,
1173 5540 1206 5595 de
1217 5540 1286 5595 coelo
1297 5541 1372 5595 misit
1386 5541 1517 5612 Spiritum
1531 5548 1664 5596 sanetum.
1678 5538 1766 5610 Spiri-

130 5618 246 5677 l'erbuiu
257 5627 426 5690 perpetraris,
435 5615 567 5686 sapientia
579 5616 810 5687 comprehendens
821 5614 922 5683 omnia,
976 5621 1033 5671 tuin
1047 5621 1171 5670 sanctum
1186 5613 1278 5683 accipe
1294 5611 1321 5668 iu
1335 5619 1424 5684 terra,
1439 5622 1465 5671 et
1476 5612 1565 5686 diligs
1575 5610 1704 5679 liatreur;
1718 5622 1753 5665 ιιι·
