3780 6120
120 255 187 316 im
575 249 620 304 AD
638 247 752 305 OPERA
772 247 803 301 B.
823 245 949 302 canent
969 243 1076 300 blunt
1095 242 1275 299 atrebati.
1473 290 1477 297 .
1684 246 1751 303 tiss

117 368 269 442 appellarit,
297 381 331 422 eo
356 365 429 435 quod
451 365 486 418 ab
506 363 627 420 exercitu
651 378 700 417 sue
719 360 828 415 inerunt
843 375 906 414 cen·
921 364 944 421 Α
958 356 1326 414 vererexdiesecratissims
1337 354 1434 411 natalis
1446 354 1553 413 bomini
1569 359 1677 413 eumad
1690 361 1751 416 mis

118 449 226 496 stinctae
245 438 309 509 ipsas
324 437 478 491 mansiones
493 434 538 487 ubi
562 433 730 486 habitabant.
754 431 787 484 Et
809 431 835 483 in
848 431 905 500 ipsa
958 426 1289 482 samantecensessiencm
1299 424 1372 481 beati
1384 425 1453 481 Petri
1462 427 1577 508 apostoli
1588 428 1754 487 aheratiens

119 507 331 567 biemerseedit
354 513 382 559 ct
402 505 437 559 ibi
457 502 603 557 celebravit
624 501 741 564 Pascha;
763 500 833 554 etin
850 501 907 566 ipsa
957 496 1216 565 censrrrgeret,hco
1236 509 1305 565 papa
1330 510 1392 549 enm
1417 496 1530 550 eonstiie
1554 497 1677 552 emnium
1699 498 1754 569 epi-

118 587 211 639 aestate
233 575 430 647 pervenitcum
449 572 569 628 exercitu
589 585 638 625 sne
656 568 905 631 admittebatur,
958 581 1100 635 scoparum
1114 567 1171 621 site
1191 565 1373 628 sacerdotum.
1389 580 1436 619 ³0¹1
1459 573 1554 621 temti!
1574 566 1751 632 Francorum.

118 657 146 707 ct
160 647 198 705 illi
217 661 312 703 omues
331 659 361 699 sc
380 643 547 697 tradiderunt
568 641 595 695 in
619 656 698 694 manu
716 638 784 707 ejus.
802 647 830 691 et
848 638 908 692 tulit
959 643 1099 691 necnonet
1111 635 1304 694 Romanorum,
1318 649 1447 689 coronam
1463 651 1574 693 auream
1591 637 1676 708 capiti
1696 635 1754 761 eins

119 717 182 775 inde
196 716 303 772 obsides
316 729 384 783 qnos
404 713 496 774 voluit,
511 720 538 767 et
555 710 663 766 interim
678 707 831 780 congregati
846 714 910 761 sunt
959 705 1095 775 imposuit,
1121 703 1248 772 adiuncto
1274 703 1357 759 etiarn
1379 705 1503 760 Romane
1526 706 1641 775 populo,
1664 721 1753 763 acea·

119 786 209 840 Sclavi
223 785 307 840 nostri
320 784 366 853 qui
384 783 510 837 dicuntur
524 780 647 835 hbedriti
667 794 729 834 cum
750 778 839 832 missis
861 776 909 831 de-
960 783 1037 829 mant
1056 790 1063 826 ι
1083 774 1193 831 Cineae
1208 772 1336 829 tueesre
1349 790 1364 827 t
1379 774 1435 828 line
1451 789 1603 840 coaesrre,
1619 792 1709 833 anese
1719 792 1754 831 sr

120 857 185 911 utini
209 856 281 924 regis
300 855 333 908 ad
356 851 416 907 illes
437 851 567 909 Saxones.
591 855 822 918 congregaverunt
838 862 867 901 se
881 847 909 899 in
960 859 1081 900 aictrrco
1097 859 1260 898 rarentrenr
1278 843 1458 906 Reataenea,
1472 861 1538 900 vrri
1558 861 1594 900 er
1614 862 1753 902 vtcrenn.

121 941 203 980 tinum
225 933 253 980 et
272 923 465 977 mmmiserunt
486 919 619 988 prelium.
641 917 851 986 cecideruntque
875 930 910 971 ex
960 913 1024 968 Post
1037 911 1130 969 laudes
1140 912 1326 982 reresplebe
1341 914 1496 969 decantatas
1507 924 1534 970 et
1546 915 1582 970 ab
1596 916 1754 987 apostolice,

120 1005 198 1065 parte
214 992 350 1048 Saxonum
373 992 380 1044 i
401 1006 430 1044 sa
447 989 491 1043 die
508 989 560 1044 due
582 986 665 1041 millia
688 1001 767 1050 occe;
795 994 823 1039 et
848 985 910 1039 inde
961 985 1104 1039 mercanti
1133 999 1221 1038 rorum
1238 982 1400 1051 principum,
1414 985 1542 1040 adoratus
1565 996 1617 1040 est.
1642 986 1712 1041 llam
1730 994 1758 1041 et

122 1079 170 1121 rex
185 1061 364 1119 remeavitin
383 1007 545 1113 Franciaad
567 1056 652 1126 Aquis
668 1056 797 1126 palatium
819 1055 911 1110 sedern
962 1054 1089 1109 becnntu
1143 1052 1268 1109 isacium
1282 1060 1341 1118 est;
1362 1068 1423 1107 eum
1446 1055 1519 1109 enirn
1544 1056 1617 1125 apud
1643 1055 1757 1111 Romam

122 1131 295 1195 suamctibi
310 1129 448 1185 hiemavit.
780 1139 788 1152 ·
962 1130 1027 1177 tunc
1038 1122 1165 1192 praelatus
1185 1122 1333 1190 imperator
1355 1131 1519 1190 moraretur,
1539 1124 1624 1180 delati
1647 1125 1757 1198 quidam

156 1200 236 1257 Auno
253 1199 305 1255 799
321 1214 368 1254 rer
385 1196 497 1253 Carolus
517 1196 587 1265 apud
608 1195 628 1247 Α
650 1196 691 1249 uis
705 1194 834 1264 palatium
846 1192 913 1246 cele·
963 1193 1068 1247 suntad
1078 1207 1150 1254 eum,
1166 1191 1287 1247 diceutes
1338 1192 1372 1247 ed
1388 1194 1457 1262 apud
1473 1192 1758 1250 Graeeesnemenirn-

122 1270 213 1326 brevit
233 1268 347 1326 Pascha.
362 1268 425 1323 Post
444 1267 547 1321 ebitum
561 1212 750 1320 vereffldriani
766 1279 841 1333 papa
853 1277 913 1316 suc·
962 1262 1096 1332 percuteris
1113 1270 1255 1323 ecstasset,
1267 1269 1295 1316 ct
1329 1275 1388 1316 ncnt
1400 1265 1470 1331 apud
1481 1278 1641 1319 eesnemen
1652 1264 1756 1335 imperii

123 1339 205 1397 cessit
218 1337 273 1395 leo
284 1339 311 1393 in
322 1337 509 1407 apostolatum,
524 1345 604 1389 natus
615 1335 706 1389 liernae
717 1349 750 1389 ex
762 1341 839 1400 patre
848 1331 915 1385 tsu-
964 1339 1077 1386 teneret.
1090 1331 1195 1385 llerena
1206 1331 1324 1392 nemine,
1339 1348 1400 1402 quse
1415 1332 1497 1388 lilium
1515 1350 1596 1389 sturm
1610 1335 1756 1405 imperate-

123 1409 178 1480 pio,
193 1416 280 1470 ntatre
295 1407 449 1463 tlettsabetb
467 1418 492 1469 ¹,
506 1405 552 1474 qni
566 1404 635 1459 sedit
648 1403 779 1459 ennesii
797 1411 824 1456 et
838 1417 914 1456 men·
965 1417 1021 1456 rem
1035 1399 1128 1456 fraude
1141 1408 1260 1484 captum,
1272 1401 1365 1455 ocules
1376 1403 1455 1466 eruit
1468 1413 1496 1459 et
1515 1405 1566 1459 sibi
1588 1418 1691 1459 nomeu
1710 1405 1758 1459 im·

123 1477 205 1536 sest.
218 1477 270 1534 llic
291 1476 341 1532 brit
363 1484 466 1531 amator
490 1474 666 1530 ecclesiarum
682 1482 709 1528 ot
730 1473 801 1527 acris
813 1471 914 1541 ingenii
964 1471 1032 1540 perii
1053 1478 1201 1540 usurpant,
1220 1479 1251 1524 nt
1277 1471 1365 1524 htalia
1386 1471 1413 1525 in
1439 1473 1508 1530 libre
1533 1473 1638 1544 {legum
1663 1473 1759 1556 leqlttrr

124 1546 309 1603 homellunc
330 1546 443 1601 Rommn
458 1544 600 1599 voluerunt
621 1542 836 1605 ecciderc,etin
857 1542 915 1610 ipsa
966 1541 1072 1597 iecisse.
1090 1541 1187 1595 hodite
1201 1539 1256 1594 Leo
1268 1556 1335 1612 papa
1348 1547 1376 1595 et
1392 1543 1480 1598 omnis
1490 1551 1644 1601 cenventus
1693 1559 1759 1599 tece-

123 1614 425 1687 Litaniamaiereqned
445 1622 534 1670 cstvu
552 1613 686 1668 Kalendas
704 1611 783 1666 badii
805 1611 915 1665 insilne-
965 1610 1281 1679 pommetsacerdomm
1296 1611 1492 1677 seuahhatum,
1507 1621 1534 1668 ct
1552 1622 1668 1669 senatus
1701 1629 1760 1668 ran-

125 1687 227 1744 runtio
240 1686 383 1750 eosuhite,
404 1692 566 1754 captumque
586 1683 703 1751 linguam
722 1681 781 1750 ejus
795 1680 916 1735 abscide·
930 1701 955 1762 B
967 1695 1071 1744 cerum,
1089 1688 1117 1734 ct
1140 1694 1236 1734 omncs
1252 1678 1368 1748 maiores
1392 1691 1456 1735 natu
1478 1682 1678 1749 Romanorum,
1701 1696 1760 1739 cum

125 1765 196 1817 root
212 1764 240 1812 et
257 1756 346 1812 nenati
360 1757 448 1809 bstant
471 1753 564 1807 ocules
580 1752 638 1820 ejus
657 1752 823 1812 abstrahere,
841 1758 869 1804 et
889 1750 916 1805 in
968 1750 1072 1820 reliquo
1086 1748 1241 1807 Christiane
1259 1750 1357 1820 popule
1383 1752 1524 1807 eonsilium
1551 1754 1709 1808 hahuerunt
1731 1760 1761 1807 et

125 1826 247 1881 custodia
269 1826 409 1888 miserunt,
425 1823 487 1877 inde
501 1838 549 1890 per
568 1820 660 1892 lugam
683 1829 761 1875 necte
778 1821 868 1890 lapsus
883 1819 917 1874 ad
967 1820 1054 1891 ipsum
1068 1819 1193 1875 Car-olum
1208 1834 1300 1889 regem
1314 1820 1479 1876 Francorum
1500 1823 1696 1893 imperatorem
1711 1836 1759 1877 ne·

125 1896 225 1951 misses
249 1893 358 1976 gloriosi
384 1891 489 1964 praeiati
510 1891 640 1959 principis
662 1889 760 1953 Caroli,
785 1890 831 2014 aul
854 1897 918 1944 tnnc
967 1891 1071 1944 minare
1093 1889 1228 1953 deberent,
1243 1890 1289 1961 qui
1305 1889 1418 1944 hemam
1431 1900 1543 1946 matrem
1559 1892 1669 1962 imperii
1687 1899 1760 1948 tene·

126 1965 197 2034 apud
208 1964 346 2019 basilicam
362 1963 432 2018 beati
452 1960 523 2015 Petri
546 1969 635 2022 erant,
657 1959 784 2015 iltrneren
804 1975 849 2013 um
866 1960 919 2015 sci·
967 1961 1024 2023 hat,
1035 1959 1080 2013 tthi
1100 1974 1207 2031 semper
1217 1957 1337 2015 cesare
1347 1968 1375 2016 et
1388 1961 1567 2030 imperatores
1580 1963 1678 2021 sedere
1691 1960 1762 2018 soliti

126 2033 191 2089 licet
217 2034 352 2095 abbatem,
378 2040 406 2088 et
427 2029 613 2111 hivinegisum
632 2027 798 2098 Spolitanum
822 2029 918 2084 decern
967 2026 1083 2092 inerant,
1098 2038 1126 2083 et
1141 2043 1175 2083 ne
1194 2029 1290 2100 pagani
1310 2030 1471 2085 insultarent
1486 2030 1660 2096 Christianis,
1674 2032 1698 2087 si
1713 2032 1762 2086 im-

126 2103 259 2175 pervenit,
273 2103 319 2172 qui
333 2105 367 2158 ab
380 2103 420 2156 eis
436 2100 582 2170 spolicium
596 2099 727 2154 deductus
739 2109 789 2154 est.
804 2098 919 2154 Carolus
968 2098 1100 2180 per-uteris
1124 2114 1223 2154 nemen
1247 2101 1317 2167 apud
1341 2099 1509 2156 Christianos
1536 2109 1685 2157 cessasset
1702 2100 1761 2157 idco

127 2183 218 2229 antem
231 2189 278 2228 rer
300 2182 364 2228 tnnc
377 2179 436 2227 erat
448 2171 517 2240 apud
531 2167 676 2225 Saxoniaru
694 2170 720 2223 in
738 2169 798 2224 loce
810 2170 855 2239 qni
872 2184 920 2238 ap
965 2177 1068 2236 Justum
1079 2169 1165 2223 risum
1176 2177 1218 2223 est
1229 2169 1354 2224 omnibus
1364 2178 1393 2224 ut
1413 2171 1558 2241 pradictus
1574 2187 1622 2226 rex
1638 2185 1701 2227 curn
1717 2169 1761 2224 liei

127 2244 241 2314 pellatur
251 2243 285 2298 ad
303 2243 493 2306 Parteshuma,
518 2239 608 2309 ibique
625 2239 660 2294 ad
680 2255 742 2295 eum
757 2240 920 2309 Leopraedi-
969 2237 1119 2307 adjutorio,
1142 2247 1170 2293 et
1193 2239 1318 2293 universe
1336 2238 1489 2295 Christiane
1516 2241 1616 2313 popule
1642 2248 1760 2312 petente,

63 2310 83 2361 .'
128 2321 188 2369 ctus
199 2328 267 2383 papa
281 2312 356 2368 urhis
371 2312 463 2366 Roma
475 2309 606 2365 deductus
626 2317 677 2371 est,
692 2324 772 2379 quem
793 2325 839 2364 ccx
858 2323 920 2363 curn
970 2310 1056 2378 ipsum
1071 2322 1168 2365 nemen
1187 2308 1358 2378 imperatoris
1372 2309 1484 2365 haberet
1500 2329 1507 2365 :
1523 2327 1640 2382 querum
1659 2310 1764 2382 petitio·

128 2399 233 2441 suntme
244 2384 346 2439 honere
357 2381 486 2452 suscepit,
508 2386 536 2434 ct
554 2379 646 2434 multis
661 2379 739 2434 denis
753 2394 815 2433 eunt
838 2381 921 2434 bone-
970 2394 1032 2433 nem
1054 2379 1112 2446 ipse
1136 2394 1184 2432 rex
1203 2377 1315 2433 Carolus
1328 2394 1426 2450 negare
1439 2379 1533 2447 noluit,
1546 2381 1595 2436 sed
1608 2395 1674 2437 curu
1690 2377 1763 2436 omni

128 2454 207 2516 rant,
220 2461 247 2509 et
259 2462 351 2522 postea
371 2464 518 2521 cumpace
540 2457 569 2504 et
590 2449 693 2504 honere
715 2464 813 2518 magne
830 2450 921 2519 ipsum
970 2448 1120 2503 humilitate
1146 2446 1282 2515 subjectus
1308 2449 1372 2513 lieo,
1389 2460 1416 2504 et
1436 2451 1567 2520 petitione
1590 2451 1762 2507 sacerdotum

128 2538 226 2593 papam
241 2523 344 2578 remisit
365 2522 400 2577 ad
426 2519 562 2591 propriam
584 2520 687 2581 sedem,
710 2528 737 2572 et
751 2519 826 2574 missi
850 2520 922 2598 regis
971 2518 1169 2587 universalique
1222 2518 1284 2588 pule
1306 2517 1460 2575 Christiano
1485 2521 1513 2591 iu
1537 2522 1596 2592 ipsa
1621 2521 1764 2577 nativitate

129 2593 297 2648 deduxerunt
316 2608 378 2647 curn
398 2590 546 2646 honorilice
558 2597 586 2644 et
605 2604 652 2644 ees
676 2589 721 2659 qui
748 2590 842 2644 mertis
862 2602 922 2655 etos
972 2588 1172 2642 homininostzi
1202 2604 1250 2643 esu
1260 2588 1360 2645 Christi
1372 2605 1432 2645 curn
1444 2592 1651 2648 consecratione
1664 2586 1763 2647 demini

129 2662 276 2721 consiliarii
305 2661 413 2718 inerant
439 2659 647 2716 transmiserunt
673 2660 708 2714 ad
735 2674 836 2729 regem.
864 2659 921 2714 ilex
971 2658 1069 2714 Leonis
1088 2671 1163 2728 pape
1177 2659 1305 2730 suscepit,
1320 2661 1390 2714 sicut
1411 2661 1594 2732 supradictum
1620 2669 1676 2725 est,
1691 2669 1719 2716 et
1737 2657 1765 2711 in

130 2739 222 2788 antem
235 2733 310 2788 misit
324 2747 371 2788 eos
383 2731 411 2787 in
423 2730 529 2787 exsilio.
971 2728 1066 2798 primis
1080 2731 1199 2782 emnium
1214 2744 1263 2798 pes
1294 2745 1356 2784 uam
1370 2729 1518 2800 imperator
1534 2731 1648 2793 exstitit
1665 2727 1767 2788 studuit

164 2802 243 2858 hene
256 2802 308 2859 tot
321 2803 433 2859 Caroltn
446 2816 494 2859 rex
506 2799 678 2870 congregavit
687 2799 831 2870 optimates
840 2813 919 2862 suos,
972 2805 1002 2852 ut
1014 2798 1100 2868 ipsum
1112 2796 1262 2853 Romanam
1305 2799 1430 2854 eclesiam
1445 2801 1520 2857 deca
1533 2800 1672 2858 discordia
1686 2810 1764 2872 quant

130 2883 159 2935 ct
172 2874 303 2944 synodum
322 2873 417 2929 hahuit
431 2871 502 2942 apud
520 2869 682 2940 lingnutiam
700 2884 762 2924 cum
784 2875 921 2924 conventu
972 2868 1122 2923 habuerant
1133 2867 1248 2923 liemaui
1261 2883 1321 2922 curn
1341 2870 1488 2940 apostolice
1506 2871 1608 2935 Leone,
1622 2871 1659 2926 ad
1672 2880 1764 2942 pacem

130 2945 372 3014 episcopernmrel
390 2943 527 3004 abbatum,
543 2947 571 2994 et
593 2955 655 2994 cunr
680 2939 851 3009 cognovisset
873 2953 923 3010 per
973 2945 1001 2992 ct
1022 2937 1195 2993 concordiam
1220 2948 1367 2994 revocaret.
1393 2941 1494 2998 licinde
1523 2956 1650 2997 reversus
1674 2936 1767 2996 estin

131 3014 304 3069 omnesiloes
317 3028 382 3070 sues
395 3013 496 3069 habere
518 3024 623 3080 pacem,
638 3012 795 3066 recordatus
819 3017 861 3064 est
888 3008 921 3064 de
976 3007 1091 3064 Francia
1108 3007 1141 3062 ad
1155 3007 1240 3078 Aquis
1265 3009 1354 3064 sedern
1379 3011 1491 3081 regiam.
1516 3010 1705 3084 lingniiicatns
1726 3013 1767 3062 est

132 3083 230 3153 injuria
257 3099 337 3153 quam
370 3082 483 3138 Romani
513 3080 660 3149 apostolice
687 3079 770 3135 Leoni
794 3077 924 3144 fecerant,
938 3051 962 3116 Β
978 3085 1066 3133 autem
1080 3077 1637 3203 imperaterCarelusstfferemoesreges
1651 3079 1767 3137 Franco-

132 3161 160 3207 et
187 3153 274 3208 erexit
302 3152 397 3208 lactem
426 3167 503 3207 snare
528 3159 557 3204 nt
585 3151 637 3205 iret
663 3150 786 3220 partibus
812 3149 924 3215 lienam
978 3162 1038 3202 rum
1050 3147 1096 3218 qui
1108 3155 1169 3202 aute
1179 3164 1239 3203 eum
1256 3146 1374 3215 luerunt,
1404 3151 1486 3207 ivitiis
1504 3159 1532 3206 et
1554 3152 1652 3222 gloria,
1666 3150 1767 3206 honere

133 3224 206 3293 qued
220 3223 257 3276 ita
279 3231 306 3277 et
326 3221 400 3276 lecit.
416 3221 484 3277 Cum
503 3228 594 3275 autem
612 3219 705 3273 llemm
723 3219 925 3301 propinquaret,
977 3226 1005 3273 et
1020 3217 1137 3273 nemine.
1150 3216 1204 3273 lete
1217 3220 1321 3289 primus
1333 3235 1366 3274 ex
1379 3234 1478 3290 genere
1496 3221 1666 3279 Francorum
1687 3220 1768 3288 lupe

133 3292 252 3347 occurrit
267 3293 293 3348 ei
307 3293 361 3348 hee
374 3307 444 3364 papa
463 3298 491 3345 et
510 3289 624 3345 Romani
643 3290 733 3414 firinct
807 3303 867 3343 erm
893 3302 927 3344 ee
977 3295 1053 3341 nater
1061 3286 1174 3342 exstitit.

134 3360 205 3432 apud
227 3361 401 3429 Nomentum,
417 3359 575 3416 mtedccimo
589 3358 624 3413 ab
668 3358 717 3413 rbe
746 3357 834 3428 apide.
859 3355 926 3412 Cum
1012 3355 1155 3414 denotet
1171 3357 1328 3414 recordatus
1342 3368 1383 3417 est
1400 3360 1539 3431 piissimus
1555 3359 1673 3419 Carolus
1686 3360 1769 3428 inps

173 3432 305 3488 rvenisset
321 3441 412 3514 antem
428 3430 542 3486 Romam
564 3441 614 3483 rea
629 3428 776 3510 praedictus
793 3443 849 3511 'vur
874 3427 927 3483 lla·
978 3434 1053 3483 rator
1068 3428 1268 3509 'misericordiae
1287 3444 1352 3509 sne,
1365 3430 1577 3513 depauperibns
1629 3431 1638 3485 l
1660 3432 1687 3486 ln
1710 3427 1769 3483 ηηί·

134 3497 928 3638 attattthtfattt‘ttttttttttttttttt
977 3500 1770 3642 ,tttt'tttttttttbtlttlttlatinitati

135 3641 248 3709 reiecit,
275 3642 392 3710 iecitque
422 3647 584 3698 conveniunt
613 3639 760 3693 maximum
785 3638 928 3709 episeopo-
978 3653 1041 3694 sues
1063 3639 1256 3702 transmittere,
1282 3637 1315 3692 ad
1336 3638 1455 3709 justitias
1480 3585 1635 3696 faciendum
1659 3647 1771 3711 prepter

136 3728 197 3768 rum
218 3727 265 3768 seu
287 3714 413 3767 abbatum
434 3727 495 3765 curn
518 3709 684 3780 preshyteris
707 3716 735 3762 ct
757 3708 925 3772 diaconibus,
978 3722 1106 3770 munera;
1124 3706 1172 3764 sed
1187 3706 1267 3779 elegit
1281 3708 1308 3762 in
1332 3724 1414 3779 regne
1432 3725 1482 3765 sue
1504 3711 1771 3794 archiepiscopes,et

136 3790 163 3839 ct
177 3782 335 3846 comitibus,
348 3798 394 3837 sen
418 3782 523 3851 relique
541 3778 639 3849 popule
659 3777 833 3833 Christiano:
849 3778 928 3832 stibi
978 3776 1026 3832 reli
1048 3792 1097 3832 uos
1115 3777 1265 3848 episcopos,
1281 3785 1309 3833 et
1326 3780 1448 3846 abbates,
1462 3795 1525 3836 cum
1545 3781 1661 3838 doctbes
1675 3789 1703 3834 et
1721 3793 1769 3835 ce·

136 3860 270 3908 venerunt
289 3853 315 3907 in
337 3853 480 3922 prasentia
495 3849 541 3919 qui
566 3849 653 3918 ipsum
672 3846 850 3919 apostolicum
865 3863 930 3903 con·
978 3847 1037 3902 miti
1057 3862 1099 3911 us,
1123 3846 1169 3917 qui
1189 3861 1257 3917 opes
1282 3863 1335 3906 non
1360 3849 1496 3912 habebant
1516 3864 1598 3919 super
1614 3851 1770 3908 innocentes

137 3921 267 3977 deinum
294 3922 445 3977 voluerunt.
473 3921 524 3987 Qui
549 3928 691 3990 postquam
719 3917 807 3972 nullus
828 3918 929 3987 preha-
978 3930 1090 3972 munera
1102 3917 1237 3987 accipere,
1248 3926 1276 3974 et
1290 3918 1363 4043 igses
1376 3920 1451 3976 misit
1472 3935 1521 3991 per
1544 3921 1705 3976 universum
1729 3933 1770 3975 re·

137 4001 182 4047 tor
204 3991 348 4046 criminum
376 3993 501 4048 iuventus
528 3999 589 4056 est,
608 3987 735 4059 praelatus
761 4001 830 4059 papa
855 3986 930 4042 nulle
979 4000 1072 4057 gnam
1085 3986 1256 4051 uteeelcsiis,
1271 3989 1297 4043 vi
1317 3989 1371 4055 uis,
1386 3990 1525 4061 orphanis,
1548 3998 1577 4044 ct
1595 3990 1769 4063 pauperibus,

136 4059 283 4130 judicante,
298 4062 344 4117 sed
357 4077 406 4116 sna
418 4069 564 4130 spontanea
582 4058 720 4113 voluntate
742 4070 833 4112 coram
855 4056 930 4112 omni
979 4064 1115 4112 etcuneto
1130 4057 1555 4127 pepulejustitiaralacercnt,ct
1579 4075 1676 4118 mense
1696 4059 1771 4116 ectr-

138 4130 236 4202 pepule
250 4131 277 4187 in
298 4132 409 4186 basilica
429 4132 501 4186 beati
521 4129 594 4184 Petri
614 4128 729 4198 apostoli
751 4126 929 4198 Evatrgelium
980 4126 1040 4182 brie
1051 4126 1223 4197 coenamve
1234 4127 1388 4184 universam
1402 4130 1534 4213 synodum
1547 4130 1576 4185 in
1630 4127 1770 4196 uis,etibi

139 4208 260 4272 portans,
275 4203 417 4256 abbonem
441 4199 634 4259 conscendens,
661 4198 839 4266 invocatoque
867 4211 930 4252 san-
979 4196 1043 4252 lecit
1053 4195 1258 4267 episeopiscnm
1271 4199 1438 4269 presbyteris
1450 4214 1498 4256 seu
1512 4198 1621 4256 diaconi
1641 4215 1676 4256 us
1690 4196 1771 4269 reieci

139 4279 191 4330 ctae
218 4270 359 4327 Tristitatis
385 4271 513 4335 nemine,
537 4284 598 4325 cnm
618 4266 794 4350 jurejurando
818 4268 853 4322 ab
881 4267 930 4321 eh·
979 4265 1121 4321 universes
1134 4281 1261 4332 mounes,
1277 4282 1345 4339 ques
1357 4277 1450 4325 sancta
1462 4269 1583 4341 synodus
1593 4269 1734 4341 praecepit,
1746 4276 1772 4325 et

139 4339 216 4407 iectis
238 4342 397 4398 criminibus
418 4355 447 4396 se
468 4339 603 4411 purgavit,
623 4347 650 4393 et
673 4353 731 4408 rpsa
756 4342 928 4391 sacramenta
979 4336 1089 4392 decreta
1101 4334 1306 4408 pentillcum,et
1316 4339 1431 4409 pleniter
1439 4337 1522 4408 jussit
1534 4354 1582 4396 ees
1595 4341 1666 4396 tradi
1681 4350 1771 4396 ceram

139 4410 264 4482 expleta,
286 4426 379 4466 ornnes
401 4409 518 4480 episcopi
542 4425 604 4465 cunr
631 4407 758 4463 utriverse
783 4405 857 4461 clere
880 4420 927 4461 ssu
942 4406 1105 4476 nomnibus
1123 4405 1257 4477 episcopis
1271 4408 1659 4480 preshyterisetdiacenlhus.
1672 4407 1772 4466 Simili·

140 4479 252 4551 pretato
280 4497 341 4551 rege
369 4481 519 4550 devoteque
543 4495 578 4549 pe
598 4478 644 4532 ulo
668 4476 823 4533 Christiano
848 4475 929 4546 hym·
981 4485 1024 4532 ter
1034 4476 1061 4533 iu
1073 4483 1166 4531 sancta
1175 4477 1278 4546 synode
1288 4479 1461 4550 congregavit
1471 4479 1615 4536 universes
1624 4480 1773 4537 abbateset

141 4566 205 4606 eum
231 4549 267 4606 Te
293 4551 376 4604 ileon
402 4549 542 4606 lundanae
584 4553 787 4602 ecaritaterunt.
804 4545 865 4611 Quo
884 4561 932 4600 ex·
981 4547 1129 4602 monaches
1140 4546 1186 4618 qul
1197 4546 1233 4601 lbi
1246 4547 1370 4615 adstant,
1381 4558 1408 4604 et
1422 4550 1474 4620 ipsi
1485 4549 1557 4605 inter
1569 4563 1598 4604 se
1610 4557 1773 4607 cenrenmm

142 4620 228 4689 plato,
249 4621 306 4690 ipse
333 4634 380 4672 rex
404 4633 466 4673 cure
491 4619 617 4673 universe
641 4616 739 4689 popule
761 4614 854 4670 laudes
876 4615 932 4672 [ico
982 4615 1116 4679 iecerunt,
1126 4624 1153 4670 et
1165 4614 1285 4686 legerunt
1296 4620 1416 4688 regulam
1427 4621 1512 4677 sancti
1523 4618 1614 4676 Patris
1625 4615 1773 4679 Benedicti.

151 4690 250 4749 bibam,
278 4689 340 4757 quia
364 4687 540 4757 apostolicum
561 4687 679 4742 Leonem
701 4700 796 4740 vanum
821 4685 848 4740 in
871 4700 932 4741 eer-
983 4695 1010 4742 et
1024 4686 1193 4742 tradiderunt
1209 4691 1418 4760 camsapieutcs
1436 4690 1464 4745 in
1483 4703 1548 4748 cens
1584 4699 1630 4744 ctu
1648 4690 1774 4744 abbatum

144 4773 209 4826 pere
227 4766 255 4812 et
269 4758 295 4816 in
307 4759 396 4811 aninra'
411 4757 574 4812 custoditum
588 4756 689 4810 habere
700 4762 867 4810 mernerunt.
983 4765 1011 4812 et
1026 4757 1234 4823 monachorum
1247 4765 1276 4813 et
1285 4758 1440 4828 teociussie
1450 4774 1548 4829 genera
1560 4760 1614 4815 'ter
1624 4773 1709 4831 super
1721 4770 1775 4812 em·

177 4827 254 4883 Anne
267 4827 329 4890 snt,
343 4844 404 4882 cunr
417 4828 487 4897 apud
502 4826 616 4882 lienam
638 4833 791 4882 moraretur
814 4839 863 4881 rer
881 4825 931 4889 ca·
984 4841 1033 4883 nes
1055 4826 1204 4896 episcopos,
1228 4828 1349 4894 abbates,
1369 4831 1552 4900 presbyteres,
1578 4830 1775 4892 diaconessas

146 4898 226 4964 relus,
251 4898 397 4955 Zacharias
420 4898 573 4969 presbyter,
595 4910 675 4967 quem
701 4903 780 4953 antea
800 4910 847 4951 rex
871 4911 933 4951 cum
984 4896 1203 4952 univcrsechero
1218 4896 1378 4952 clericerum
1395 4898 1466 4955 lacta
1480 4906 1574 4965 estut
1589 4913 1645 4954 unu
1683 4897 1775 4968 uisque

146 4968 236 5024 multis
254 4969 372 5024 donariis
389 4969 424 5024 ad
445 4967 600 5038 sepulcrum
623 4966 792 5023 hominicurn
816 4966 859 5021 vel
885 4980 934 5035 por
984 4966 1142 5022 inloeesue
1157 4965 1235 5037 inam
1248 4968 1467 5024 constitutionem
1485 4976 1641 5024 sauctorum
1687 4977 1776 5022 atru-

145 5038 193 5093 alia
208 5039 264 5094 loca
280 5046 373 5094 sancta
385 5038 495 5094 miserat
514 5037 706 5107 illispartihus,
722 5037 933 5097 dnobusmona·
985 5037 1088 5092 sivein
1108 5037 1307 5108 episcopatibus
1331 5038 1435 5099 sivein
1460 5039 1645 5105 monasteriis,
1656 5047 1704 5093 aut
1728 5050 1778 5111 pet·

146 5108 203 5164 chis
216 5109 248 5165 de
268 5109 642 5181 lliereselymaapatriarcba
658 5106 768 5164 directis
780 5106 814 5161 ad
878 5120 935 5177 ern,
985 5106 1127 5163 universas
1147 5106 1339 5169 ecclesiasta
1365 5118 1395 5165 ut
1422 5109 1544 5166 canonici
1558 5108 1637 5177 Juxta
1660 5120 1779 5165 ennoea

146 5177 258 5237 Romam
281 5188 414 5234 tenerent
436 5196 443 5232 ε
465 5178 510 5250 qui
536 5177 732 5233 benedictionis
749 5191 831 5231 causa
844 5189 859 5231 e
870 5190 934 5232 aves
986 5177 1118 5240 viverent,
1132 5184 1159 5232 et
1170 5176 1300 5258 quidquid
1313 5177 1340 5232 in
1353 5177 1482 5235 clareant
1493 5179 1522 5233 in
1536 5179 1634 5248 populo
1645 5179 1680 5236 de
1692 5177 1779 5248 ctdpit

144 5249 259 5318 sepulcri
284 5249 417 5306 berninici
439 5264 471 5304 ac
497 5247 550 5303 loci
575 5245 715 5312 Calvarla,
736 5246 826 5303 clares
853 5245 934 5300 etiam
988 5256 1034 5302 aut
1047 5247 1216 5319 negligentiis
1227 5248 1392 5316 apparuerit,
1405 5245 1478 5308 'uita
1499 5258 1635 5307 moenum
1658 5248 1778 5308 auctori·

145 5317 262 5372 civitatis
277 5329 304 5373 et
322 5320 422 5374 mentis
442 5317 517 5376 stou.
537 5323 599 5372 cnm
616 5315 715 5372 vexillo
731 5316 820 5374 cnrcis
834 5314 936 5370 detttle·
988 5324 1071 5372 tatem
1085 5317 1283 5382 emendassent,
1297 5327 1326 5373 et
1363 5263 1474 5395 uiciquid
1485 5319 1514 5375 io
1533 5318 1710 5380 mmastertia
1731 5332 1779 5377 su

144 5392 218 5441 ruet.
233 5385 293 5454 Quo
306 5405 354 5446 rex
365 5387 638 5460 accepteliemianrn
649 5386 838 5450 benedixisse
851 5400 937 5442 remu·
990 5386 1017 5441 in
1029 5386 1168 5444 atenachis
1181 5395 1276 5443 eontra
1292 5402 1321 5442 re
1343 5333 1412 5444 (iarn
1426 5388 1512 5446 ηηηηιί
1524 5388 1665 5447 Benedicti
1678 5387 1778 5448 tate·

145 5459 519 5519 oeratesntnltismuneribns
530 5455 741 5526 illareselymam
752 5454 936 5550 remisitlpse
989 5455 1094 5522 luisset,
1107 5459 1158 5513 hec
1170 5456 1248 5526 iuxta
1262 5473 1310 5529 req
1354 5474 1381 5520 ro
1400 5456 1521 5528 eiusdem
1538 5456 1779 5521 emmdamieds·

181 5591 309 5665 ’ωηο
321 5595 380 5650 lem
390 5593 518 5649 discimus
529 5592 625 5648 matris
633 5589 820 5670 Leonirpapa
828 5601 936 5654 nemen
1028 5590 1142 5662 bvulge
1163 5598 1255 5647 erutos
1267 5588 1350 5647 luisse
1370 5590 1455 5651 Leoni
1470 5589 1564 5651 entes
1582 5592 1703 5652 tradent,
1725 5606 1779 5649 nee

145 5659 428 5753 sequentiumque
444 5673 569 5738 auctores
579 5677 647 5732 ques
662 5658 773 5715 viderim
789 5658 937 5714 silentium.
993 5661 1091 5715 desunt
1105 5669 1195 5715 tamen
1208 5669 1333 5717 auctores
1343 5662 1391 5742 qui
1404 5661 1432 5717 id
1443 5672 1542 5732 negare
1556 5661 1709 5719 videantur.
