3780 6120
124 284 192 341 1573

123 412 186 451 rere
199 395 305 452 eumad
323 410 355 450 er
375 397 505 453 editiones
519 398 630 454 bellicas
653 410 803 468 urgeretur,
824 412 907 453 tinum
923 398 945 457 Α
959 394 1041 451 stium
1057 410 1258 467 oppressionem
1268 394 1298 465 ju

121 482 214 521 eorum
229 466 336 519 nornine
350 410 515 531 elementem
534 469 561 523 iii
573 467 658 523 Gabia
674 470 793 524 residere
808 481 909 538 prece·

121 538 160 608 pit
172 549 196 601 ι,
213 535 255 588 cui
270 544 297 588 et
310 550 409 604 pueros
427 537 618 603 nobilissimos,
635 540 785 595 mediocres
804 546 832 593 et
852 535 910 592 iiiii·

118 620 190 669 mes,
205 604 271 659 satis
288 602 386 659 multos
401 608 609 670 commendavit,
626 615 654 662 et
668 608 708 662 eis
721 615 802 677 prout
815 621 909 661 neces-

121 675 221 731 samum
240 672 401 739 habuerant,
413 675 538 730 victualia
553 676 701 731 ministrari
714 676 849 757 precepit,
862 675 911 729 ha-

122 743 246 799 bitaculis
260 745 418 813 opportunis
431 746 463 798 ad
485 746 659 801 habitandum
670 746 684 786 b
697 746 841 817 deputatis.
864 744 910 798 bl-

122 823 283 869 terumrero
297 813 405 867 nomine
417 813 543 869 Albinum
562 815 589 870 iii
611 815 716 870 ltaliam
734 814 843 879 direxit,
865 814 909 869 cni

121 892 149 939 et
169 883 363 937 monasterium
382 882 468 937 saneti
489 882 630 955 Augustini
648 882 726 954 iuxta
739 884 910 940 Tieineuscm

122 953 215 1007 nrlseni
229 951 379 1020 delegavit,
394 961 424 1006 ut
438 952 501 1009 illue
518 955 551 1009 ad
565 970 627 1009 enni
646 955 693 1025 qui
705 955 862 1019 voluissent,
876 953 910 1009 nd

122 1023 279 1079 &scendum
292 1022 452 1094 congregari
464 1024 627 1094 potuissent.

433 1131 548 1189 CAPUT
567 1133 598 1187 ll.

312 1222 418 1277 atenim·
432 1223 556 1278 adrentus
570 1224 598 1279 iii
609 1222 720 1279 Gallim.

157 1313 255 1374 ‚ludite
269 1320 358 1367 autem
369 1311 485 1368 Albinus
496 1312 529 1367 dc
541 1313 649 1369 natione
659 1313 818 1396 Anglorum,
830 1329 912 1383 quain

123 1382 218 1459 [quod]
233 1390 370 1454 gratanter
392 1382 526 1452 sapientes
539 1381 613 1438 viros
635 1382 852 1454 religiosissimus
870 1399 912 1439 re-

123 1470 187 1525 gum
211 1452 323 1508 Carolus
347 1451 513 1521 susciperet,
538 1468 685 1508 conscensa
707 1454 769 1508 nari
787 1454 861 1507 venit
877 1453 912 1507 ad

122 1540 194 1579 euru.
217 1520 268 1589 pit
289 1530 349 1576 erat
373 1521 400 1576 iii
421 1522 495 1577 omni
517 1521 659 1578 latitudine
680 1523 909 1593 scripturarums

124 1607 204 1663 supra
225 1599 338 1647 caeteros
359 1590 549 1646 modernorum
572 1601 722 1660 temporum
737 1593 910 1656 exercitatus,

123 1672 154 1717 ut
164 1671 227 1732 puta
239 1659 393 1740 discipulus·
399 1660 547 1717 doctissimi
558 1661 646 1723 bede,
654 1663 700 1786 aui
713 1671 835 1718 sanctum
847 1661 912 1717 Cre-

123 1732 229 1803 goiium
238 1733 246 1750 ·
255 1739 418 1793 tractatoris,
427 1746 506 1799 quein
518 1732 644 1800 usquead

124 1816 215 1858 secum
229 1800 348 1864 ietiiiuit,
365 1800 416 1855 uisi
428 1800 535 1869 quando
558 1801 592 1856 ad
607 1801 758 1872 ingruentia
768 1802 839 1857 bella
852 1817 915 1871 pro·

124 1871 215 1935 cessit,
230 1871 297 1925 adeo
310 1877 339 1924 ul
353 1885 383 1925 se
404 1868 563 1940 discipulum
588 1868 655 1939 ejus,
672 1880 699 1926 et
719 1872 808 1941 ipsum
825 1873 913 1952 magi-

125 1950 211 1997 stium
236 1955 314 1996 suuni
339 1938 469 2063 apffflifi
494 1939 633 2019 voluisset.
658 1942 736 1998 Dedit
761 1950 852 1995 autern
875 1941 914 1995 illi

125 2011 260 2066 abbatiam
274 2009 360 2064 sancti
398 2009 478 2064 artiiii
493 2018 569 2077 iuxta
581 2010 743 2066 Turoiiicani
766 2012 913 2075 civitatem,

125 2090 155 2135 ιιι
165 2078 272 2148 quando
285 2080 341 2149 ipse
353 2080 450 2134 absens
462 2089 543 2144 esset,
554 2079 609 2135 iilic
620 2080 792 2151 requiescere
802 2081 874 2135 etad
885 2095 915 2136 se

125 2150 290 2204 minssiientes
300 2150 397 2203 docere
409 2149 529 2204 deberet.
540 2148 623 2218 Cuius
633 2150 661 2204 iii
674 2159 777 2205 tantum
792 2151 914 2206 doctrina

126 2218 306 2282 fructificavit,
329 2227 359 2273 ιιι
372 2218 496 2273 moderiii
518 2218 587 2274 Galli
607 2220 663 2274 sive
675 2219 771 2275 Franci
797 2220 916 2290 antiquis

127 2288 255 2345 llomauis
272 2297 299 2344 ct
310 2287 521 2344 Atheniensibus
537 2298 720 2359 equareutur.

438 2399 551 2457 CAPUT
570 2398 614 2456 lli.

313 2491 457 2564 Profertur
475 2494 583 2548 scientia
601 2493 741 2549 nobilitati.

163 2585 284 2654 Cumque
311 2583 552 2639 victoriosissimus
575 2582 687 2639 Carolus
714 2591 777 2666 post
806 2583 916 2653 longum

127 2666 235 2728 tempus
248 2654 395 2710 inCalliani
406 2662 596 2718 reverteretur,
608 2662 735 2724 praeoepit
745 2652 779 2710 ad
789 2669 818 2709 sc
826 2653 917 2708 venire

127 2741 236 2798 pueros,
257 2739 325 2793 quos
341 2724 471 2780 Clementi
493 2724 748 2789 commendaverat,
770 2731 798 2778 et
820 2723 918 2779 olicrre

129 2796 180 2853 ειιί
203 2795 332 2865 epistolas
352 2803 380 2848 ot
401 2795 521 2849 canuina
536 2808 594 2849 sua.
620 2793 769 2849 lledioeres
794 2793 875 2863 igitur
890 2800 918 2847 et

129 2866 215 2921 inllmi
238 2873 336 2934 praeter
349 2878 424 2932 spem
445 2863 571 2919 omnibus
590 2863 728 2932 sapientia
740 2862 918 2924 condimentis

129 2935 283 2992 dulcoratas
299 2933 464 2999 obtulerunt,
491 2934 594 2989 nobiles
611 2947 677 2987 vero
699 2933 771 2988 omni
794 2930 919 2988 fatuitate

130 3015 251 3075 tepentes
262 3010 469 3074 presentarunt.
485 3003 553 3057 Tum
572 3002 785 3073 sapientissimus
794 3002 917 3068 Carolus,

129 3074 223 3131 murrii
236 3072 338 3128 iudicis
352 3071 484 3141 justitiam
508 3072 639 3135 imitatus,
655 3073 723 3128 hene
739 3080 865 3143 operatos
883 3072 955 3143 adc

130 3146 268 3201 dexteram
282 3151 436 3212 segregatos
446 3143 488 3197 liis
498 3143 587 3198 verbis
600 3143 733 3198 allocutus
745 3151 787 3199 est
800 3156 807 3197 :
820 3141 918 3197 llultas

130 3215 232 3287 gratias
244 3213 352 3273 habete,
365 3213 422 3272 lilii,
441 3213 504 3281 quia
513 3211 659 3281 iussionem
675 3227 762 3267 meam
777 3221 805 3266 et
818 3211 918 3267 utilita-

130 3293 185 3339 tem
206 3291 320 3337 sestram
339 3282 633 3352 juxtapossibilitatein
647 3283 759 3352 exsequi
775 3281 863 3337 inistis
877 3282 920 3337 in-

130 3353 198 3408 tenti
214 3371 220 3403 :
238 3368 309 3408 nunc
322 3367 387 3432 ergo
405 3358 437 3405 ad
451 3352 600 3419 perlectum
614 3353 747 3423 attingere
760 3352 876 3416 studete,
890 3359 920 3407 et
969 3387 976 3400 ·

131 3424 202 3478 dabo
226 3423 302 3477 vobis
324 3422 458 3492 episcopia
479 3430 508 3475 ct
526 3423 689 3475 monasteria
714 3421 917 3491 permagnifica.

130 3492 232 3549 Deinde
259 3492 293 3546 ad
316 3491 439 3546 sinistros
477 3506 538 3545 cum
565 3505 660 3560 magua
688 3490 920 3545 animadversione

130 3563 234 3615 vultum
247 3568 438 3629 contorquens,
454 3570 481 3614 et
495 3558 656 3614 daminatol
671 3560 768 3613 intuitu
783 3559 924 3615 coiiscien·

131 3632 184 3686 tias
193 3646 285 3686 eorum
296 3633 462 3694 concutiens,
476 3631 577 3686 ironice
591 3630 649 3684 linc
660 3627 790 3684 terribilia
801 3629 921 3684 tonando

150 3702 220 3756 otius
233 3715 313 3769 quani
327 3699 461 3768 loquendo
474 3698 609 3766 jaculatus
622 3707 664 3754 est
678 3698 706 3752 iii
719 3698 779 3753 illos
790 3712 797 3751 ι
808 3698 860 3753 llos
875 3713 921 3753 no·

131 3716 208 3833 biles,
220 3786 267 3824 vos
281 3770 429 3838 primorum
442 3768 500 3834 liiii,
513 3785 561 3824 vos
573 3769 680 3823 delicati
687 3776 715 3823 et
729 3767 879 3831 formosuli,
892 3767 920 3823 iu

131 3840 237 3895 natales
258 3850 363 3893 vestros
386 3846 415 3892 et
435 3839 618 3908 possessiones
640 3838 734 3893 conlisi
764 3838 921 3892 mandatum

132 3924 221 3964 meum
236 3917 265 3963 et
277 3907 497 3977 glorificationem
513 3916 629 3963 vestram
643 3915 834 3977 postponentes
844 3907 923 3972 litte·

133 3993 225 4033 rarum
239 3979 346 4041 studiis,
358 3976 479 4039 luxurie,
491 3977 553 4032 ludo
563 3987 589 4033 et
610 3976 723 4038 inertie,
740 3976 781 4031 rel
795 3976 922 4031 inanibus

131 4049 269 4104 exercitiis
291 4046 450 4101 indulsistis.
471 4047 504 4101 Et
524 4047 567 4101 liis
584 4046 729 4116 premissis
744 4046 851 4102 solitum
869 4045 921 4102 sibi

132 4114 312 4188 iuramentum
324 4115 418 4239 immo
430 4116 480 4170 sibi
488 4115 665 4188 juramentol,
679 4114 828 4187 Augustum
841 4124 922 4186 caput

132 4195 160 4241 et
177 4187 305 4240 invictam
342 4193 462 4240 exteram
480 4187 514 4240 ad
528 4185 625 4242 eaelum
650 4195 817 4249 conuertens,
833 4186 923 4240 suluti-

133 4255 228 4313 narit:
242 4255 293 4309 Per
306 4254 406 4326 Regem
428 4255 574 4319 coelornm,
599 4271 652 4310 noo
675 4271 725 4327 ego
745 4256 834 4326 magni
870 4255 923 4310 ndo

134 4324 304 4380 nobilitatem
318 4335 345 4379 et
360 4325 587 4394 puleliritudiiiem
600 4333 727 4389 vestram,
742 4325 805 4380 licet
819 4340 834 4379 a
846 4326 864 4379 ii
875 4339 923 4380 ros

133 4393 313 4447 admirantur.
342 4394 376 4449 Et
390 4395 441 4448 lioc
457 4395 551 4464 procul
571 4395 652 4449 dubio
668 4393 765 4449 scitote
782 4394 854 4463 quod
871 4392 962 4480 nisio

133 4462 189 4543 cite
201 4463 318 4543 priorem
334 4463 523 4535 negligentiam
539 4464 659 4534 vigilanti
679 4462 768 4519 studio
783 4478 923 4534 recupera-

135 4540 237 4597 rentis,
249 4533 319 4602 apud
328 4531 454 4588 Carolum
468 4535 533 4589 niliil
543 4549 662 4604 unquam
676 4533 740 4589 boni
750 4533 905 4605 acquiretis.

443 4646 556 4705 CAPUT
575 4649 619 4704 ll.

277 4735 317 4791 Dc
330 4736 478 4807 episcopata
491 4736 633 4807 incensatio
648 4754 780 4793 concesso.

170 4826 209 4881 be
219 4829 382 4896 pauperibus
395 4842 459 4899 ergo
470 4827 632 4898 supradictis
641 4827 784 4896 quemdam
794 4826 924 4896 optimum

134 4895 294 4952 dictatorem
308 4907 336 4952 et
349 4895 509 4967 scriptorem
524 4897 552 4951 iii
565 4908 577 4936 s
593 4896 721 4967 capellani
733 4910 809 4951 suam
821 4910 926 4950 assum·

134 4965 198 5035 psit,
212 4980 266 5036 quo
289 4968 398 5023 noniioe
419 4984 496 5037 reges
512 4965 679 5022 Francorum
691 4974 802 5035 prepter
811 4980 925 5034 cappam

133 5035 222 5090 saneti
236 5035 354 5102 Martini,
369 5053 450 5108 quani
463 5053 556 5093 sceuiu
574 5037 610 5093 ob
623 5036 666 5093 sui
680 5036 822 5092 tuitionem
835 5045 863 5090 et
877 5036 927 5089 lio-

171 5207 186 5238 ·
205 5197 254 5265 ιι,
268 5197 339 5268 iera.

171 5266 186 5308 b
204 5266 253 5336 ιι,
264 5268 453 5323 meditandum.

170 5346 184 5377 ¹
204 5336 252 5407 ιι,
266 5338 385 5392 omnibns
399 5338 552 5409 Scripttirio.

169 5405 185 5448 ι
205 5408 252 5471 ιι,
267 5409 427 5461 demorante.

171 5486 185 5516 ⁶
203 5475 312 5548 Capella
329 5477 432 5532 scilicet
446 5478 517 5532 dicta
531 5475 580 5532 luit
596 5492 708 5548 aeappa
728 5476 772 5532 illa
783 5491 836 5548 qna
853 5485 927 5603 tego-

134 5545 216 5602 batur
230 5561 330 5616 corpus
346 5548 432 5601 sancti
446 5547 553 5602 llartini
568 5562 576 5600 ι
589 5547 662 5603 aedes
676 5564 753 5604 saera
768 5547 795 5602 iii
807 5563 859 5617 iiiia
887 5548 927 5604 uit

136 5625 273 5671 asservata
295 5616 338 5670 illa
357 5632 440 5687 eappa
455 5615 556 5687 capello
572 5620 791 5687 nunciipnbatuv;
812 5618 927 5688 indeque

136 5685 266 5755 capellani
281 5685 328 5757 qui
348 5685 504 5759 imperatori
525 5692 602 5743 emin
627 5703 642 5743 a
666 5689 751 5743 saeris
779 5693 806 5743 et
827 5688 925 5758 quibus

362 284 489 363 ,sectio
506 287 538 342 ll.
558 284 751 343 lliS'lOlile.
771 312 807 327 -—
822 285 866 342 DE
885 284 1008 341 dussis
1026 284 1056 339 Β.
1077 283 1202 341 utuott
1223 284 1378 359 ιιιῦῌι*
1395 284 1458 340 tto.
1480 285 1500 341 l.

673 1730 913 1802 remittejugitei
929 1737 952 1798 Β

1680 285 1750 342 tati

1317 397 1370 451 iter
1384 395 1419 451 ad
1434 396 1502 453 bella
1517 400 1671 466 portabant,
1691 414 1750 454 iau·

959 472 1002 520 eta
1023 481 1071 520 sua
1087 466 1222 536 appellare
1244 413 1377 521 sutriam.
1401 462 1453 533 Qui
1476 482 1542 536 puer
1564 483 1625 522 cum
1659 468 1749 523 uidain

958 534 1102 606 episcopus
1139 535 1377 605 pmviilentissimo
1404 536 1460 605 regi
1486 534 1583 592 Carolo
1607 483 1750 592 deiunctus

959 603 1137 665 nuntiaretur,
1155 612 1182 660 et
1211 604 1255 659 ille
1270 604 1448 686 interrogaret
1463 614 1552 660 utrum
1567 607 1600 661 de
1615 607 1695 661 rebus
1706 606 1750 662 vel

960 672 1098 729 laboribus
1110 673 1166 731 suls
1178 684 1240 729 ante
1253 688 1282 729 se
1295 682 1468 744 praemitteret
1479 673 1577 744 aliqua,
1591 675 1751 744 legatusque

960 743 1143 813 responderet,
1158 743 1278 807 bomine,
1293 760 1346 798 nou
1362 743 1477 813 amplius
1491 758 1571 813 quain
1585 745 1652 799 duas
1666 744 1750 801 libiae

961 813 993 867 de
1014 821 1126 884 argento
1141 830 1147 866 :
1164 812 1302 882 suspirans
1329 829 1395 884 ergo
1418 828 1486 882 puer
1503 813 1547 868 ille
1569 823 1598 868 et
1620 829 1750 883 vaporem

961 882 1059 936 mentis
1083 882 1153 937 intra
1166 891 1260 952 pectus
1277 883 1417 937 continere
1438 898 1491 936 iioii
1506 884 1608 948 valens,
1624 885 1752 939 audiente

961 965 1033 1020 rege,
1049 951 1077 1006 iii
1089 952 1159 1013 lianc
1174 968 1266 1007 vocem
1281 952 1381 1008 invitus
1399 952 1487 1020 erupit
1503 951 1525 1017 ¹,
1539 953 1656 1007 Parvum
1672 954 1751 1008 viati·

961 1022 1071 1076 eumad
1085 1022 1136 1076 iter
1151 1021 1326 1092 longinquum
1340 1030 1370 1077 et
1380 1022 1546 1076 diuturnum.
1560 1021 1681 1090 Cumque
1696 1038 1752 1076 uio·
1834 1065 1837 1069 ,

961 1090 1148 1146 deratissimns
1162 1090 1302 1145 litiminttttt
1313 1088 1426 1145 Carolus
1439 1106 1536 1161 parurn
1562 1091 1749 1155 deliberasset,

961 1159 1030 1214 dixit
1046 1160 1081 1214 ad
1093 1175 1154 1214 cum
1165 1178 1171 1215 :
1184 1159 1302 1215 Putasne
1313 1160 1376 1229 quia
1396 1160 1418 1214 si
1434 1176 1450 1214 c
1470 1160 1618 1231 iseopatuiu
1632 1161 1706 1215 illum
1722 1171 1751 1215 tu

961 1229 1109 1300 acceperis,
1125 1229 1202 1297 plura
1221 1228 1253 1284 nd
1269 1230 1376 1299 lengum
1390 1177 1468 1283 itini?
1467 1230 1518 1283 iter
1532 1229 1650 1300 dirigere
1673 1244 1753 1284 cura·

961 1299 1020 1353 bis?
1035 1298 1082 1353 lile
1096 1314 1157 1353 cuni
1171 1298 1229 1353 bmc
1243 1298 1387 1368 pendentia
1398 1301 1489 1363 verba,
1503 1299 1580 1368 quasi
1601 1307 1748 1368 prematu-

963 1383 1008 1424 ras
1025 1384 1092 1424 uvas
1109 1369 1135 1422 iii
1152 1383 1183 1422 os
1196 1368 1296 1422 liiaiitis
1314 1368 1476 1429 incidentes,
1492 1369 1635 1434 devorans,
1654 1369 1753 1424 eccidit

962 1438 996 1493 ad
1013 1438 1096 1508 pedes
1115 1435 1173 1505 ejus
1190 1446 1216 1492 et
1233 1436 1311 1502 dixit,
1324 1437 1446 1502 Douiine,
1465 1438 1516 1493 boc
1533 1439 1560 1492 in
1577 1438 1624 1492 bei
1637 1445 1703 1492 nutu
1725 1448 1751 1494 et

961 1514 1094 1576 potestate
1106 1516 1196 1562 vestra
1223 1507 1305 1562 situm
1321 1516 1374 1563 cst.
1400 1506 1433 1561 Et
1458 1508 1526 1563 dixit
1542 1523 1599 1572 rex,
1624 1507 1671 1561 Sta
1691 1516 1753 1576 post

962 1577 1096 1632 cortinam
1135 1593 1175 1632 uae
1189 1576 1287 1647 pendet
1304 1577 1337 1631 ad
1350 1575 1460 1632 dorsum
1478 1593 1578 1641 meum,
1590 1585 1619 1632 ct
1631 1577 1751 1634 ausculta

962 1653 1078 1714 quantos
1100 1592 1236 1714 airmoies
1256 1646 1366 1701 lionoris
1386 1647 1464 1702 istius
1480 1648 1590 1702 halices.
1605 1645 1753 1702 Audientes

965 1714 1055 1785 itaque
1075 1715 1187 1786 palatini
1210 1730 1346 1770 recessum
1368 1716 1496 1797 episcopi,
1519 1732 1625 1797 semper
1645 1717 1754 1772 casibus

964 1793 1012 1839 aut
1031 1793 1105 1840 certe
1126 1785 1248 1840 moribus
1271 1780 1374 1856 [Forte
1389 1784 1532 1858 mortibus]
1553 1786 1668 1841 alioruin
1692 1786 1754 1841 insi·

964 1855 1087 1918 dientes,
1105 1869 1155 1926 per
1167 1853 1315 1910 familiares
1337 1855 1492 1924 imperatori
1520 1871 1649 1924 personas
1671 1871 1754 1911 unus-

983 1925 1078 1994 uisque
1091 1939 1228 1979 morarum
1251 1923 1404 2005 impatiens,
1425 1932 1453 1979 ct
1473 1926 1544 1978 alter
1557 1924 1662 1980 alteris
1683 1925 1754 1979 invi-

964 1939 1069 2057 flentes,
1094 1993 1201 2048 sibimet
1222 2008 1363 2074 acquirere
1387 1997 1554 2063 satagebant.
1580 1994 1635 2049 Sed
1659 1995 1704 2048 ille
1726 1995 1753 2049 iii

964 2062 1069 2118 consilii
1085 2065 1126 2118 sui
1145 2061 1330 2117 immobilitate
1353 2062 1592 2135 [immutabilitate]
1607 2065 1754 2134 persisteris

964 2133 1108 2216 denegarit
1131 2132 1266 2194 omnibns,
1292 2132 1384 2188 dicerni
1405 2148 1435 2187 se
1455 2132 1600 2201 juvenculo
1623 2133 1663 2188 illi
1683 2132 1755 2188 nolle

964 2202 1084 2258 inentiri.
1106 2201 1225 2256 Tandem
1247 2200 1401 2272 llildigarda
1423 2203 1515 2271 regina
1532 2204 1606 2257 irrisit
1628 2217 1756 2273 proceres

965 2272 1041 2343 regni
1061 2270 1189 2342 primum,
1203 2278 1297 2342 postea
1312 2286 1376 2325 icio
1388 2287 1437 2341 per
1454 2272 1570 2340 seipsam
1584 2273 1699 2327 accessit
1720 2273 1755 2326 ml

965 2356 1067 2411 regem,
1083 2351 1113 2396 nt
1126 2341 1285 2410 impetraret
1307 2341 1472 2422 episcopium
1490 2342 1556 2395 illud
1574 2341 1674 2398 clerico
1687 2354 1752 2396 suo:

965 2425 1081 2480 euinque
1095 2409 1140 2465 ille
1168 2409 1307 2465 exitionem
1321 2410 1378 2479 ejus
1389 2411 1584 2480 iucundissime
1593 2411 1754 2480 susciperet,

965 2481 1058 2535 diceris
1073 2496 1104 2536 sc
1116 2426 1183 2533 istiu
1195 2479 1220 2535 ei
1232 2478 1299 2534 velle
1310 2487 1356 2535 aut
1372 2495 1451 2550 posse
1462 2479 1607 2551 denegare,
1619 2481 1670 2535 nisi
1684 2481 1756 2550 quod

966 2548 1122 2605 clericulum
1135 2548 1209 2603 illum
1223 2547 1315 2604 fallere
1326 2549 1524 2619 dedignaretur,
1540 2559 1570 2604 ut
1581 2556 1623 2605 cst
1633 2551 1755 2605 omniunt

967 2618 1133 2675 emisuctudo
1146 2617 1316 2683 seminarum,
1329 2627 1357 2673 ut
1369 2620 1511 2675 consilium
1524 2636 1601 2674 suum
1614 2628 1642 2674 ct
1662 2631 1755 2674 votum

967 2690 1088 2745 virorum
1112 2687 1229 2744 decretis
1250 2690 1457 2757 praeponderare
1478 2690 1571 2753 velint,
1586 2688 1756 2745 dissimulata

968 2758 1107 2815 iracundia
1134 2766 1224 2814 triente
1238 2751 1377 2828 concepta,
1392 2767 1419 2814 ct
1432 2775 1525 2830 gmssa
1540 2774 1605 2815 voce
1618 2759 1645 2813 iii
1658 2757 1756 2812 exilem

967 2842 1108 2895 conversa,
1126 2826 1297 2909 gestibusque
1313 2828 1474 2899 languidulis
1485 2828 1658 2884 inconvulsos
1672 2828 1708 2882 ini
1743 2857 1758 2870 -

969 2899 1069 2954 ratoiis
1088 2912 1193 2954 animos
1216 2896 1338 2953 emollire
1363 2906 1474 2962 teiitata,
1488 2898 1556 2953 dixit
1567 2900 1601 2954 ad
1619 2914 1690 2963 euin,

968 2968 1041 3023 mine
1061 2968 1097 3022 mi
1111 2982 1169 3031 rex,
1183 2968 1247 3037 qnid
1261 2983 1346 3038 puero
1367 2968 1413 3024 ilii.
1423 2968 1607 3050 episcopatum
1627 2968 1702 3023 illum
1724 2967 1759 3024 ad

970 3038 1153 3109 perdendum?
1166 3039 1213 3093 sed
1226 3038 1349 3104 obscero,
1365 3037 1477 3093 Domine
1489 3037 1655 3103 dulcissime,
1673 3038 1759 3110 gloria

970 3122 1029 3163 mea
1048 3114 1075 3162 et
1092 3105 1224 3176 refugium
1240 3122 1338 3167 ineunt,
1353 3116 1383 3161 ut
1395 3107 1465 3163 detis
1480 3107 1555 3162 illum
1569 3106 1640 3163 iideli
1656 3108 1758 3163 laiiiulo

968 3186 1068 3240 vestro,
1082 3176 1180 3232 clerieo
1196 3192 1256 3233 meo
1274 3176 1321 3232 illi.
1337 3176 1413 3233 Tunc
1438 3176 1597 3235 adolescens
1613 3178 1667 3243 illc,
1679 3194 1759 3248 quem

967 3255 1029 3318 post
1038 3247 1171 3302 cortinam
1178 3244 1256 3315 juxta
1267 3262 1346 3317 quam
1358 3246 1519 3303 consederat
1535 3264 1593 3312 rex,
1606 3256 1680 3303 stare
1693 3263 1761 3318 pree-

968 3310 1048 3388 cepit,
1064 3324 1094 3372 ut
1109 3317 1214 3371 audiret
1226 3317 1359 3386 quomodo
1374 3318 1472 3388 singuli
1492 3318 1685 3398 supplicarent,
1699 3334 1761 3372 emn

968 3402 1026 3456 ipsa
1050 3385 1164 3449 cortina,
1180 3384 1293 3441 Domine
1314 3397 1448 3450 ie1‚teiie
1468 3387 1652 3442 fortitudinem
1676 3396 1759 3447 tiiaiu,

968 3472 1003 3511 ne
1017 3464 1177 3525 potestatem
1197 3474 1211 3509 a
1229 3456 1284 3510 lieo
1304 3456 1352 3511 tilii
1374 3456 1498 3510 collirtam
1512 3457 1545 3510 de
1563 3456 1690 3511 manilius
1708 3457 1763 3510 tuis

968 3525 1110 3647 quisquam
1127 3532 1297 3592 extorqueat.
1320 3524 1396 3579 Tunc
1408 3525 1513 3580 vocavit
1540 3540 1601 3579 euru
1626 3525 1653 3579 iii
1672 3526 1762 3595 palam

979 3595 1132 3648 ortissimns
1142 3593 1267 3647 veritatis
1281 3604 1393 3656 amator,
1412 3603 1439 3649 et
1452 3594 1521 3648 dixit
1533 3594 1568 3654 ei,
1586 3594 1692 3650 liabens
1703 3595 1762 3663 epi-

969 3672 1110 3732 scopatum
1132 3659 1217 3726 illum,
1241 3671 1269 3718 et
1292 3663 1404 3734 preside
1423 3663 1575 3786 diligfutcr,
1596 3672 1625 3718 ut
1643 3663 1763 3731 majores

968 3746 1102 3803 expensas
1116 3739 1143 3787 ct
1157 3731 1284 3787 iiaticum
1299 3733 1334 3788 ad
1344 3733 1453 3804 longum
1468 3732 1475 3787 i
1498 3734 1533 3787 ud
1543 3741 1572 3789 et
1584 3732 1764 3792 irrevocabile

970 3801 1022 3857 lter
1036 3810 1100 3857 ante
1114 3815 1157 3857 me
1167 3802 1316 3873 praemittas
1329 3811 1356 3857 et
1371 3811 1407 3855 tc.

1282 3893 1396 3949 CAPUT
1415 3894 1447 3949 ι.

1097 3978 1163 4036 Vilis
1179 3992 1204 4036 et
1217 3998 1318 4054 pauper
1332 3980 1442 4036 clericos
1451 3981 1481 4050 pit
1496 3982 1642 4052 episcopos.

1008 4076 1074 4130 Erat
1094 4074 1202 4144 quidam
1224 4073 1340 4129 clericus
1361 4072 1389 4127 iii
1412 4072 1541 4127 comitatu
1564 4072 1637 4141 regis
1656 4072 1717 4127 vilis
1734 4080 1766 4129 et

972 4144 1103 4215 abjectus,
1119 4150 1147 4199 et
1161 4143 1273 4198 scientia
1285 4142 1436 4197 litterarum
1451 4156 1505 4196 iioii
1522 4143 1589 4197 satis
1603 4143 1763 4207 instructus,

973 4229 1053 4286 quem
1064 4211 1156 4282 justus
1168 4213 1305 4284 piissimus
1318 4212 1439 4278 Carolus,
1457 4211 1609 4281 paupertati
1621 4211 1680 4281 ejus
1692 4227 1753 4266 eom

973 4298 1080 4356 passus,
1095 4283 1159 4338 licet
1175 4297 1269 4337 omnes
1283 4298 1344 4337 eum
1366 4281 1428 4336 odio
1445 4281 1576 4336 baberent
1589 4291 1617 4338 et
1628 4281 1765 4349 expellere

974 4355 1136 4417 niterentur,
1159 4367 1295 4421 nunquam
1319 4361 1408 4407 tamen
1430 4351 1588 4422 persuaderi
1611 4357 1719 4420 poterat
1732 4360 1764 4406 ut

975 4422 982 4478 i
1003 4437 1032 4479 se
1046 4422 1120 4477 illuni
1134 4420 1273 4490 abjiceret,
1286 4421 1355 4476 vela
1373 4429 1518 4490 conspectu
1534 4436 1584 4475 suo
1601 4426 1763 4477 removeret.

997 4492 1079 4549 ccidit
1100 4498 1240 4547 autemut
1262 4489 1289 4546 iii
1312 4490 1403 4561 vigilia
1424 4490 1509 4546 sancti
1526 4490 1633 4545 llartini
1655 4488 1765 4559 qiidam

974 4562 1116 4633 episeopus
1133 4560 1290 4631 imperatori
1311 4560 1481 4615 nuntiaretur
1492 4558 1643 4624 defunctus,
1656 4559 1703 4629 qui
1714 4573 1765 4614 vo-

974 4631 1047 4688 cavit
1063 4629 1097 4685 ad
1115 4645 1144 4686 se
1157 4645 1238 4684 urium
1256 4628 1290 4685 dc
1304 4629 1410 4686 clericis
1429 4630 1486 4685 suis
1506 4630 1645 4685 nobilitate
1667 4637 1695 4684 et
1716 4629 1766 4684 do·

975 4701 1063 4757 ctrina
1083 4715 1137 4755 noii
1158 4700 1332 4755 mediocriter
1343 4700 1496 4782 praeditum,
1517 4708 1545 4756 et
1556 4699 1631 4755 dedit
1654 4699 1693 4754 iili
1707 4699 1766 4769 epi·

975 4779 1115 4841 scopatum
1129 4770 1226 4841 ipsum,
1242 4771 1287 4840 qiii
1301 4769 1395 4825 laetitia
1413 4769 1545 4825 resolutus
1562 4769 1719 4824 convocavit
1732 4770 1767 4825 ad

975 4841 1142 4896 mansionem
1153 4854 1228 4895 suarii
1240 4840 1337 4895 multos
1350 4840 1382 4894 de
1393 4838 1528 4908 palatinis,
1540 4838 1670 4906 plurimos
1682 4837 1766 4894 etiam

974 4910 1009 4964 de
1029 4909 1159 4982 pirocbia
1182 4909 1227 4963 illa
1246 4909 1384 4962 i‘eiiieutes
1404 4906 1437 4961 ad
1454 4923 1483 4962 se
1499 4923 1559 4963 eum
1575 4908 1670 4976 grandi
1693 4905 1767 4962 iastu

975 4979 1103 5050 suscepit,
1118 4987 1145 5033 et
1158 4978 1263 5032 cunctis
1274 4975 1495 5046 permagnificum
1517 4976 1581 5030 iecit
1597 4975 1687 5045 parari
1701 4990 1768 5029 coii-

975 5049 1087 5105 vivium.
1112 5048 1230 5118 Dapibus
1245 5046 1324 5117 igitur
1345 5054 1540 5115 praegravatus,
1552 5060 1627 5100 ruere
1649 5046 1757 5116 ingurgi

976 5200 1049 5257 illius
1062 5214 1153 5269 cappae
1168 5196 1288 5253 custodia
1311 5197 1498 5251 mandabatur.
1513 5197 1636 5266 Capellas
1648 5198 1766 5256 liabuere

976 5271 1107 5340 plurimas
1120 5268 1157 5322 iili
1172 5268 1350 5336 imperatores
1363 5267 1446 5321 etiarn
1464 5267 1490 5321 iii
1508 5267 1621 5333 castris3
1642 5268 1689 5323 ned
1705 5282 1763 5324 san

976 5349 1020 5394 cta
1043 5337 1228 5420 appellabatur
1253 5353 1285 5392 ea
1303 5338 1438 5408 precipue
1459 5352 1519 5406 quae
1543 5336 1571 5390 in
1591 5336 1692 5408 palatio
1716 5339 1767 5394 sita

976 5415 1156 5477 aratrisque
1176 5406 1298 5478 plurimae
1318 5407 1495 5462 servabantur
1513 5406 1641 5477 reliquia.
1666 5406 1704 5462 lie
1720 5425 1760 5463 ea·

977 5477 1092 5602 ιιιιιῖηἰῧ
1115 5477 1176 5534 ride
1198 5476 1374 5534 ll'alalriduin
1394 5476 1568 5544 Stmbouem,
1583 5477 1647 5535 Ver.
1662 5476 1768 5533 Eccles.

977 5565 1060 5605 ea.
1093 5564 1151 5602 iss.

1017 5618 1026 5658 ¹
1050 5617 1095 5681 ιι,
1113 5617 1244 5687 prorepit.

1017 5690 1029 5730 Β
1049 5687 1095 5754 ιι,
1116 5685 1237 5741 alterurn.
