<?xml version="1.0" encoding="UTF-8"?>
<!DOCTYPE html PUBLIC "-//W3C//DTD XHTML 1.0 Transitional//EN"
    "http://www.w3.org/TR/xhtml1/DTD/xhtml1-transitional.dtd">
<html xmlns="http://www.w3.org/1999/xhtml" xml:lang="en" lang="en">
 <head>
  <title>
</title>
<meta http-equiv="Content-Type" content="text/html;charset=utf-8" />
  <meta name='ocr-system' content='tesseract 3.04.00' />
  <meta name='ocr-capabilities' content='ocr_page ocr_carea ocr_par ocr_line ocrx_word'/>
</head>
<body>
  <div class='ocr_page' id='page_1' title='image "./patrologiaecurs17goog/patrologiaecurs17goog_0577.png"; bbox 0 0 3780 6120; ppageno 0'>
   <div class='ocr_carea' id='block_1_1' title="bbox 191 235 1824 305">
    <p class='ocr_par' dir='ltr' id='par_1_1' title="bbox 191 235 1824 305">
     <span class='ocr_line' id='line_1_1' title="bbox 191 235 1824 305; baseline 0.004 -11"><span class='ocrx_word' id='word_1_1' title='bbox 191 237 260 294; x_wconf 76' lang='lat' dir='ltr'>tttt</span> <span class='ocrx_word' id='word_1_2' title='bbox 642 236 672 292; x_wconf 88' lang='lat' dir='ltr'>B.</span> <span class='ocrx_word' id='word_1_3' title='bbox 691 235 814 293; x_wconf 77' lang='lat' dir='ltr'>cauom</span> <span class='ocrx_word' id='word_1_4' title='bbox 832 237 939 294; x_wconf 75' lang='lat' dir='ltr'>unctu</span> <span class='ocrx_word' id='word_1_5' title='bbox 957 237 1033 294; x_wconf 80' lang='lat' dir='ltr'>ort.</span> <span class='ocrx_word' id='word_1_6' title='bbox 1053 239 1142 296; x_wconf 78' lang='lat' dir='ltr'>PARS</span> <span class='ocrx_word' id='word_1_7' title='bbox 1160 241 1191 296; x_wconf 91' lang='lat' dir='ltr'>ll.</span> <span class='ocrx_word' id='word_1_8' title='bbox 1212 239 1332 298; x_wconf 72' lang='lat' dir='ltr'>suello</span> <span class='ocrx_word' id='word_1_9' title='bbox 1350 241 1381 298; x_wconf 84' lang='lat' dir='ltr'>fl·</span> <span class='ocrx_word' id='word_1_10' title='bbox 1756 248 1824 305; x_wconf 73' lang='lat' dir='ltr'>list</span> 
     </span>
    </p>
   </div>
   <div class='ocr_carea' id='block_1_2' title="bbox 183 344 1826 3497">
    <p class='ocr_par' dir='ltr' id='par_1_2' title="bbox 183 344 1826 3316">
     <span class='ocr_line' id='line_1_2' title="bbox 189 344 1825 420; baseline 0.007 -18"><span class='ocrx_word' id='word_1_11' title='bbox 189 351 217 406; x_wconf 89' lang='lat' dir='ltr'>ln</span> <span class='ocrx_word' id='word_1_12' title='bbox 237 350 298 405; x_wconf 79' lang='lat' dir='ltr'>fider</span> <span class='ocrx_word' id='word_1_13' title='bbox 311 345 489 420; x_wconf 80' lang='lat' dir='ltr'>promissione</span> <span class='ocrx_word' id='word_1_14' title='bbox 502 344 606 400; x_wconf 87' lang='lat' dir='ltr'>illatum</span> <span class='ocrx_word' id='word_1_15' title='bbox 624 345 706 402; x_wconf 88' lang='lat' dir='ltr'>fuisse</span> <span class='ocrx_word' id='word_1_16' title='bbox 724 348 856 417; x_wconf 75' lang='lat' dir='ltr'><strong>perlegit:</strong></span> <span class='ocrx_word' id='word_1_17' title='bbox 874 363 936 418; x_wconf 91' lang='lat' dir='ltr'>qura</span> <span class='ocrx_word' id='word_1_18' title='bbox 950 353 1017 411; x_wconf 73' lang='grc' dir='ltr'>οιΑ</span> <span class='ocrx_word' id='word_1_19' title='bbox 1031 351 1167 405; x_wconf 91' lang='lat' dir='ltr'>tummodo</span> <span class='ocrx_word' id='word_1_20' title='bbox 1185 352 1338 407; x_wconf 83' lang='lat' dir='ltr'>somniarit.</span> <span class='ocrx_word' id='word_1_21' title='bbox 1358 352 1397 407; x_wconf 92' lang='lat' dir='ltr'>fta</span> <span class='ocrx_word' id='word_1_22' title='bbox 1411 352 1483 407; x_wconf 87' lang='lat' dir='ltr'>enim</span> <span class='ocrx_word' id='word_1_23' title='bbox 1501 368 1615 411; x_wconf 82' lang='lat' dir='ltr'>exorsus</span> <span class='ocrx_word' id='word_1_24' title='bbox 1631 362 1674 411; x_wconf 83' lang='lat' dir='ltr'>est</span> <span class='ocrx_word' id='word_1_25' title='bbox 1693 371 1701 410; x_wconf 90' lang='lat'>:</span> <span class='ocrx_word' id='word_1_26' title='bbox 1723 376 1733 409; x_wconf 86' lang='lat' dir='ltr'>r</span> <span class='ocrx_word' id='word_1_27' title='bbox 1755 357 1825 413; x_wconf 84' lang='lat' dir='ltr'>Con-</span> 
     </span>
     <span class='ocr_line' id='line_1_3' title="bbox 189 436 1825 511; baseline 0.009 -24"><span class='ocrx_word' id='word_1_28' title='bbox 189 441 267 496; x_wconf 71' lang='lat' dir='ltr'>uutteu</span> <span class='ocrx_word' id='word_1_29' title='bbox 279 438 325 511; x_wconf 82' lang='lat' dir='ltr'>qni</span> <span class='ocrx_word' id='word_1_30' title='bbox 340 436 474 508; x_wconf 87' lang='lat' dir='ltr'>quondam</span> <span class='ocrx_word' id='word_1_31' title='bbox 486 437 628 506; x_wconf 83' lang='lat' dir='ltr'>pugrmtit,</span> <span class='ocrx_word' id='word_1_32' title='bbox 642 445 689 491; x_wconf 90' lang='lat' dir='ltr'>aut</span> <span class='ocrx_word' id='word_1_33' title='bbox 700 441 860 506; x_wconf 87' lang='lat' dir='ltr'>quaudoque</span> <span class='ocrx_word' id='word_1_34' title='bbox 876 453 977 508; x_wconf 88' lang='lat' dir='ltr'>pugua-</span> <span class='ocrx_word' id='word_1_35' title='bbox 1030 438 1108 493; x_wconf 89' lang='lat' dir='ltr'>fiteor</span> <span class='ocrx_word' id='word_1_36' title='bbox 1124 447 1150 493; x_wconf 92' lang='lat' dir='ltr'>ct</span> <span class='ocrx_word' id='word_1_37' title='bbox 1166 441 1303 508; x_wconf 90' lang='lat' dir='ltr'>promitto,</span> <span class='ocrx_word' id='word_1_38' title='bbox 1319 449 1346 496; x_wconf 90' lang='lat' dir='ltr'>ct</span> <span class='ocrx_word' id='word_1_39' title='bbox 1364 441 1491 510; x_wconf 78' lang='lat' dir='ltr'>suscipio,</span> <span class='ocrx_word' id='word_1_40' title='bbox 1510 450 1537 497; x_wconf 92' lang='lat' dir='ltr'>ct</span> <span class='ocrx_word' id='word_1_41' title='bbox 1556 443 1674 507; x_wconf 83' lang='lat' dir='ltr'>oserrlor,</span> <span class='ocrx_word' id='word_1_42' title='bbox 1695 450 1725 498; x_wconf 86' lang='lat' dir='ltr'>et</span> <span class='ocrx_word' id='word_1_43' title='bbox 1741 446 1825 502; x_wconf 87' lang='lat' dir='ltr'>adoro</span> 
     </span>
     <span class='ocr_line' id='line_1_4' title="bbox 188 526 1825 602; baseline 0.002 -15"><span class='ocrx_word' id='word_1_44' title='bbox 188 542 267 587; x_wconf 82' lang='lat' dir='ltr'>turus</span> <span class='ocrx_word' id='word_1_45' title='bbox 279 536 331 592; x_wconf 83' lang='lat' dir='ltr'>eat.</span> <span class='ocrx_word' id='word_1_46' title='bbox 355 540 411 581; x_wconf 89' lang='lat' dir='ltr'>non</span> <span class='ocrx_word' id='word_1_47' title='bbox 427 526 488 583; x_wconf 88' lang='lat' dir='ltr'>ideo</span> <span class='ocrx_word' id='word_1_48' title='bbox 506 528 629 598; x_wconf 76' lang='lat' dir='ltr'>arguitur</span> <span class='ocrx_word' id='word_1_49' title='bbox 645 528 668 583; x_wconf 83' lang='lat' dir='ltr'>ai</span> <span class='ocrx_word' id='word_1_50' title='bbox 689 531 723 583; x_wconf 89' lang='lat' dir='ltr'>ad</span> <span class='ocrx_word' id='word_1_51' title='bbox 738 537 843 598; x_wconf 89' lang='lat' dir='ltr'>tempus</span> <span class='ocrx_word' id='word_1_52' title='bbox 863 543 916 583; x_wconf 91' lang='lat' dir='ltr'>non</span> <span class='ocrx_word' id='word_1_53' title='bbox 930 544 979 598; x_wconf 91' lang='lat' dir='ltr'>pu·</span> <span class='ocrx_word' id='word_1_54' title='bbox 1030 528 1169 599; x_wconf 78' lang='lat' dir='ltr'>imagines.</span> <span class='ocrx_word' id='word_1_55' title='bbox 1185 549 1194 580; x_wconf 75' lang='lat' dir='ltr'>r</span> <span class='ocrx_word' id='word_1_56' title='bbox 1208 529 1229 584; x_wconf 96' lang='lat'>0</span> <span class='ocrx_word' id='word_1_57' title='bbox 1242 531 1309 584; x_wconf 87' lang='lat' dir='ltr'>mira</span> <span class='ocrx_word' id='word_1_58' title='bbox 1322 529 1456 585; x_wconf 85' lang='lat' dir='ltr'>confessio</span> <span class='ocrx_word' id='word_1_59' title='bbox 1470 530 1604 601; x_wconf 77' lang='lat' dir='ltr'>episcopi!</span> <span class='ocrx_word' id='word_1_60' title='bbox 1622 530 1644 587; x_wconf 95' lang='lat'>0</span> <span class='ocrx_word' id='word_1_61' title='bbox 1658 533 1772 602; x_wconf 88' lang='lat' dir='ltr'>pulchra</span> <span class='ocrx_word' id='word_1_62' title='bbox 1785 536 1825 590; x_wconf 91' lang='lat' dir='ltr'>di·</span> 
     </span>
     <span class='ocr_line' id='line_1_5' title="bbox 189 617 1826 694; baseline 0.001 -15"><span class='ocrx_word' id='word_1_63' title='bbox 189 633 262 694; x_wconf 77' lang='lat' dir='ltr'>gnet,</span> <span class='ocrx_word' id='word_1_64' title='bbox 274 621 321 678; x_wconf 80' lang='lat' dir='ltr'>sed</span> <span class='ocrx_word' id='word_1_65' title='bbox 338 622 361 679; x_wconf 87' lang='lat' dir='ltr'>si</span> <span class='ocrx_word' id='word_1_66' title='bbox 374 624 436 693; x_wconf 88' lang='lat' dir='ltr'>fuga</span> <span class='ocrx_word' id='word_1_67' title='bbox 455 618 545 690; x_wconf 87' lang='lat' dir='ltr'>lapsus</span> <span class='ocrx_word' id='word_1_68' title='bbox 559 628 587 674; x_wconf 90' lang='lat' dir='ltr'>et</span> <span class='ocrx_word' id='word_1_69' title='bbox 604 634 680 674; x_wconf 89' lang='lat' dir='ltr'>suam</span> <span class='ocrx_word' id='word_1_70' title='bbox 695 619 863 674; x_wconf 76' lang='lat' dir='ltr'>nobilitatem</span> <span class='ocrx_word' id='word_1_71' title='bbox 876 620 980 688; x_wconf 88' lang='lat' dir='ltr'>ignobi·</span> <span class='ocrx_word' id='word_1_72' title='bbox 1029 617 1083 672; x_wconf 92' lang='lat' dir='ltr'>ctio</span> <span class='ocrx_word' id='word_1_73' title='bbox 1096 619 1258 673; x_wconf 89' lang='lat' dir='ltr'>sacerdotis!</span> <span class='ocrx_word' id='word_1_74' title='bbox 1274 618 1296 675; x_wconf 94' lang='lat'>0</span> <span class='ocrx_word' id='word_1_75' title='bbox 1311 620 1443 675; x_wconf 90' lang='lat' dir='ltr'>laudanda</span> <span class='ocrx_word' id='word_1_76' title='bbox 1460 622 1567 677; x_wconf 86' lang='lat' dir='ltr'>devotio</span> <span class='ocrx_word' id='word_1_77' title='bbox 1582 624 1722 691; x_wconf 78' lang='lat' dir='ltr'>presulis!</span> <span class='ocrx_word' id='word_1_78' title='bbox 1741 624 1826 680; x_wconf 89' lang='lat' dir='ltr'>Tacet</span> 
     </span>
     <span class='ocr_line' id='line_1_6' title="bbox 189 705 1824 780; baseline 0 -12"><span class='ocrx_word' id='word_1_79' title='bbox 189 715 256 779; x_wconf 86' lang='lat' dir='ltr'>litet,</span> <span class='ocrx_word' id='word_1_80' title='bbox 269 721 297 768; x_wconf 83' lang='lat' dir='ltr'>et</span> <span class='ocrx_word' id='word_1_81' title='bbox 307 714 443 770; x_wconf 83' lang='lat' dir='ltr'>sociorum</span> <span class='ocrx_word' id='word_1_82' title='bbox 453 712 523 767; x_wconf 82' lang='lat' dir='ltr'>vires</span> <span class='ocrx_word' id='word_1_83' title='bbox 537 710 626 765; x_wconf 91' lang='lat' dir='ltr'>inutili</span> <span class='ocrx_word' id='word_1_84' title='bbox 639 711 761 780; x_wconf 82' lang='lat' dir='ltr'>exemplo</span> <span class='ocrx_word' id='word_1_85' title='bbox 771 720 891 766; x_wconf 68' lang='lat' dir='ltr'>enervet.</span> <span class='ocrx_word' id='word_1_86' title='bbox 907 711 980 766; x_wconf 84' lang='lat' dir='ltr'>Dixit</span> <span class='ocrx_word' id='word_1_87' title='bbox 1029 705 1224 762; x_wconf 80' lang='lat' dir='ltr'>contessionem</span> <span class='ocrx_word' id='word_1_88' title='bbox 1248 707 1479 765; x_wconf 78' lang='lat' dir='ltr'>excellentissimae</span> <span class='ocrx_word' id='word_1_89' title='bbox 1505 709 1669 778; x_wconf 76' lang='lat' dir='ltr'>maiestatis,</span> <span class='ocrx_word' id='word_1_90' title='bbox 1698 722 1726 767; x_wconf 90' lang='lat' dir='ltr'>et</span> <span class='ocrx_word' id='word_1_91' title='bbox 1750 714 1824 769; x_wconf 80' lang='lat' dir='ltr'>iaso</span> 
     </span>
     <span class='ocr_line' id='line_1_7' title="bbox 189 796 1824 874; baseline -0.001 -15"><span class='ocrx_word' id='word_1_92' title='bbox 189 805 260 859; x_wconf 89' lang='lat' dir='ltr'>enirn</span> <span class='ocrx_word' id='word_1_93' title='bbox 282 802 411 874; x_wconf 72' lang='lat' dir='ltr'>praefatus</span> <span class='ocrx_word' id='word_1_94' title='bbox 428 802 580 871; x_wconf 88' lang='lat' dir='ltr'>episeopus,</span> <span class='ocrx_word' id='word_1_95' title='bbox 607 810 749 871; x_wconf 77' lang='lat' dir='ltr'>postquam</span> <span class='ocrx_word' id='word_1_96' title='bbox 768 802 913 872; x_wconf 77' lang='lat' dir='ltr'>imaginum</span> <span class='ocrx_word' id='word_1_97' title='bbox 932 802 979 858; x_wconf 82' lang='lat' dir='ltr'>ud·</span> <span class='ocrx_word' id='word_1_98' title='bbox 1030 804 1076 849; x_wconf 90' lang='lat' dir='ltr'>nat</span> <span class='ocrx_word' id='word_1_99' title='bbox 1093 796 1287 853; x_wconf 89' lang='lat' dir='ltr'>confessionem</span> <span class='ocrx_word' id='word_1_100' title='bbox 1299 797 1521 856; x_wconf 67' lang='lat' dir='ltr'>⁴insolentissime</span> <span class='ocrx_word' id='word_1_101' title='bbox 1539 802 1679 856; x_wconf 84' lang='lat' dir='ltr'>vanitatis.</span> <span class='ocrx_word' id='word_1_102' title='bbox 1703 802 1743 858; x_wconf 82' lang='lat' dir='ltr'>th</span> <span class='ocrx_word' id='word_1_103' title='bbox 1766 802 1824 871; x_wconf 78' lang='lat' dir='ltr'>ejus</span> 
     </span>
     <span class='ocr_line' id='line_1_8' title="bbox 187 886 1824 964; baseline 0.001 -16"><span class='ocrx_word' id='word_1_104' title='bbox 187 895 336 949; x_wconf 89' lang='lat' dir='ltr'>orationem</span> <span class='ocrx_word' id='word_1_105' title='bbox 348 900 375 947; x_wconf 91' lang='lat' dir='ltr'>et</span> <span class='ocrx_word' id='word_1_106' title='bbox 388 890 580 947; x_wconf 87' lang='lat' dir='ltr'>osculationem</span> <span class='ocrx_word' id='word_1_107' title='bbox 594 890 664 945; x_wconf 87' lang='lat' dir='ltr'>iuter</span> <span class='ocrx_word' id='word_1_108' title='bbox 675 891 762 959; x_wconf 92' lang='lat' dir='ltr'>prima</span> <span class='ocrx_word' id='word_1_109' title='bbox 775 907 831 945; x_wconf 74' lang='lat' dir='ltr'>suae</span> <span class='ocrx_word' id='word_1_110' title='bbox 843 890 904 945; x_wconf 89' lang='lat' dir='ltr'>lldei</span> <span class='ocrx_word' id='word_1_111' title='bbox 916 907 976 945; x_wconf 92' lang='lat' dir='ltr'>mu·</span> <span class='ocrx_word' id='word_1_112' title='bbox 1030 886 1198 943; x_wconf 87' lang='lat' dir='ltr'>corrfessione</span> <span class='ocrx_word' id='word_1_113' title='bbox 1207 889 1302 957; x_wconf 84' lang='lat' dir='ltr'>pedena</span> <span class='ocrx_word' id='word_1_114' title='bbox 1325 890 1439 944; x_wconf 88' lang='lat' dir='ltr'>retrahit</span> <span class='ocrx_word' id='word_1_115' title='bbox 1452 890 1498 957; x_wconf 92' lang='lat' dir='ltr'>qui</span> <span class='ocrx_word' id='word_1_116' title='bbox 1512 890 1589 954; x_wconf 81' lang='lat' dir='ltr'>dixit,</span> <span class='ocrx_word' id='word_1_117' title='bbox 1604 890 1699 947; x_wconf 76' lang='lat' dir='ltr'>Omnis</span> <span class='ocrx_word' id='word_1_118' title='bbox 1712 896 1759 964; x_wconf 75' lang='lat' dir='ltr'>qai</span> <span class='ocrx_word' id='word_1_119' title='bbox 1782 912 1824 949; x_wconf 77' lang='lat' dir='ltr'>me</span> 
     </span>
     <span class='ocr_line' id='line_1_9' title="bbox 188 980 1824 1056; baseline -0.001 -16"><span class='ocrx_word' id='word_1_120' title='bbox 188 988 309 1041; x_wconf 88' lang='lat' dir='ltr'>nimenta</span> <span class='ocrx_word' id='word_1_121' title='bbox 331 984 418 1039; x_wconf 90' lang='lat' dir='ltr'>fassus</span> <span class='ocrx_word' id='word_1_122' title='bbox 439 990 502 1039; x_wconf 87' lang='lat' dir='ltr'>est:</span> <span class='ocrx_word' id='word_1_123' title='bbox 522 1001 531 1034; x_wconf 84' lang='lat' dir='ltr'>r</span> <span class='ocrx_word' id='word_1_124' title='bbox 549 983 628 1038; x_wconf 87' lang='lat' dir='ltr'>fidem</span> <span class='ocrx_word' id='word_1_125' title='bbox 648 998 677 1038; x_wconf 86' lang='lat' dir='ltr'>sc</span> <span class='ocrx_word' id='word_1_126' title='bbox 698 983 798 1038; x_wconf 90' lang='lat' dir='ltr'>habere</span> <span class='ocrx_word' id='word_1_127' title='bbox 816 983 979 1052; x_wconf 88' lang='lat' dir='ltr'>participare</span> <span class='ocrx_word' id='word_1_128' title='bbox 1029 980 1161 1049; x_wconf 76' lang='lat' dir='ltr'>confessus</span> <span class='ocrx_word' id='word_1_129' title='bbox 1180 980 1258 1050; x_wconf 66' lang='lat' dir='ltr'>[aaut</span> <span class='ocrx_word' id='word_1_130' title='bbox 1281 997 1370 1034; x_wconf 82' lang='lat' dir='ltr'>coram</span> <span class='ocrx_word' id='word_1_131' title='bbox 1387 981 1545 1046; x_wconf 81' lang='lat' dir='ltr'>hominibus,</span> <span class='ocrx_word' id='word_1_132' title='bbox 1566 983 1710 1051; x_wconf 77' lang='lat' dir='ltr'>confitebor</span> <span class='ocrx_word' id='word_1_133' title='bbox 1727 996 1752 1039; x_wconf 82' lang='lat' dir='ltr'>et</span> <span class='ocrx_word' id='word_1_134' title='bbox 1776 1003 1824 1056; x_wconf 80' lang='lat' dir='ltr'>epo</span> 
     </span>
     <span class='ocr_line' id='line_1_10' title="bbox 189 1070 1821 1143; baseline -0.001 -13"><span class='ocrx_word' id='word_1_135' title='bbox 189 1075 243 1130; x_wconf 89' lang='lat' dir='ltr'>illis</span> <span class='ocrx_word' id='word_1_136' title='bbox 255 1074 476 1129; x_wconf 80' lang='lat' dir='ltr'>sanctificatione.</span> <span class='ocrx_word' id='word_1_137' title='bbox 492 1092 502 1123; x_wconf 79' lang='lat' dir='ltr'>r</span> <span class='ocrx_word' id='word_1_138' title='bbox 517 1070 572 1126; x_wconf 88' lang='lat' dir='ltr'>Nee</span> <span class='ocrx_word' id='word_1_139' title='bbox 582 1071 716 1125; x_wconf 88' lang='lat' dir='ltr'>immerito</span> <span class='ocrx_word' id='word_1_140' title='bbox 729 1071 809 1126; x_wconf 87' lang='lat' dir='ltr'>rebus</span> <span class='ocrx_word' id='word_1_141' title='bbox 823 1071 978 1138; x_wconf 86' lang='lat' dir='ltr'>insensatis,</span> <span class='ocrx_word' id='word_1_142' title='bbox 1028 1088 1087 1125; x_wconf 83' lang='lat' dir='ltr'>eum</span> <span class='ocrx_word' id='word_1_143' title='bbox 1108 1088 1196 1125; x_wconf 84' lang='lat' dir='ltr'>coram</span> <span class='ocrx_word' id='word_1_144' title='bbox 1218 1070 1298 1124; x_wconf 83' lang='lat' dir='ltr'>Patre</span> <span class='ocrx_word' id='word_1_145' title='bbox 1311 1072 1422 1141; x_wconf 75' lang='lat' dir='ltr'>incoqui</span> <span class='ocrx_word' id='word_1_146' title='bbox 1437 1080 1475 1124; x_wconf 82' lang='lat' dir='ltr'>est</span> <span class='ocrx_word' id='word_1_147' title='bbox 1501 1072 1529 1124; x_wconf 87' lang='lat' dir='ltr'>in</span> <span class='ocrx_word' id='word_1_148' title='bbox 1555 1070 1626 1126; x_wconf 78' lang='lat' dir='ltr'>colia</span> <span class='ocrx_word' id='word_1_149' title='bbox 1647 1071 1758 1143; x_wconf 73' lang='lat' dir='ltr'>(Hmth.</span> <span class='ocrx_word' id='word_1_150' title='bbox 1787 1091 1821 1141; x_wconf 84' lang='lat' dir='ltr'>t;</span> 
     </span>
     <span class='ocr_line' id='line_1_11' title="bbox 188 1159 1824 1236; baseline 0.002 -18"><span class='ocrx_word' id='word_1_151' title='bbox 188 1173 216 1219; x_wconf 88' lang='lat' dir='ltr'>ct</span> <span class='ocrx_word' id='word_1_152' title='bbox 232 1179 285 1218; x_wconf 91' lang='lat' dir='ltr'>non</span> <span class='ocrx_word' id='word_1_153' title='bbox 302 1163 389 1218; x_wconf 90' lang='lat' dir='ltr'>solum</span> <span class='ocrx_word' id='word_1_154' title='bbox 404 1161 617 1216; x_wconf 87' lang='lat' dir='ltr'>sanctificatione</span> <span class='ocrx_word' id='word_1_155' title='bbox 633 1162 681 1215; x_wconf 88' lang='lat' dir='ltr'>sed</span> <span class='ocrx_word' id='word_1_156' title='bbox 696 1162 779 1216; x_wconf 90' lang='lat' dir='ltr'>etiam</span> <span class='ocrx_word' id='word_1_157' title='bbox 797 1162 850 1215; x_wconf 85' lang='lat' dir='ltr'>rita</span> <span class='ocrx_word' id='word_1_158' title='bbox 865 1162 979 1216; x_wconf 83' lang='lat' dir='ltr'>carenti·</span> <span class='ocrx_word' id='word_1_159' title='bbox 1028 1161 1093 1214; x_wconf 83' lang='lat' dir='ltr'>Luc.</span> <span class='ocrx_word' id='word_1_160' title='bbox 1108 1160 1158 1231; x_wconf 78' lang='lat' dir='ltr'>au)</span> <span class='ocrx_word' id='word_1_161' title='bbox 1182 1160 1248 1214; x_wconf 89' lang='lat' dir='ltr'>etin</span> <span class='ocrx_word' id='word_1_162' title='bbox 1265 1161 1408 1230; x_wconf 84' lang='lat' dir='ltr'>imaginum</span> <span class='ocrx_word' id='word_1_163' title='bbox 1422 1159 1619 1216; x_wconf 89' lang='lat' dir='ltr'>confessionem</span> <span class='ocrx_word' id='word_1_164' title='bbox 1630 1164 1694 1218; x_wconf 92' lang='lat' dir='ltr'>totis</span> <span class='ocrx_word' id='word_1_165' title='bbox 1705 1179 1735 1218; x_wconf 88' lang='lat' dir='ltr'>se</span> <span class='ocrx_word' id='word_1_166' title='bbox 1747 1181 1824 1236; x_wconf 86' lang='lat' dir='ltr'>gres-</span> 
     </span>
     <span class='ocr_line' id='line_1_12' title="bbox 187 1248 1824 1323; baseline 0.001 -15"><span class='ocrx_word' id='word_1_167' title='bbox 187 1255 248 1318; x_wconf 82' lang='lat' dir='ltr'>bus,</span> <span class='ocrx_word' id='word_1_168' title='bbox 261 1252 423 1323; x_wconf 90' lang='lat' dir='ltr'>participare</span> <span class='ocrx_word' id='word_1_169' title='bbox 433 1251 537 1322; x_wconf 86' lang='lat' dir='ltr'>dignus,</span> <span class='ocrx_word' id='word_1_170' title='bbox 549 1251 594 1320; x_wconf 92' lang='lat' dir='ltr'>qui</span> <span class='ocrx_word' id='word_1_171' title='bbox 605 1259 665 1320; x_wconf 94' lang='lat' dir='ltr'>post</span> <span class='ocrx_word' id='word_1_172' title='bbox 673 1250 869 1306; x_wconf 88' lang='lat' dir='ltr'>confessionem</span> <span class='ocrx_word' id='word_1_173' title='bbox 878 1260 978 1305; x_wconf 80' lang='lat' dir='ltr'>sancte</span> <span class='ocrx_word' id='word_1_174' title='bbox 1028 1249 1103 1303; x_wconf 90' lang='lat' dir='ltr'>sibus</span> <span class='ocrx_word' id='word_1_175' title='bbox 1116 1249 1206 1304; x_wconf 89' lang='lat' dir='ltr'>infert.</span> <span class='ocrx_word' id='word_1_176' title='bbox 1224 1248 1306 1303; x_wconf 92' lang='lat' dir='ltr'>Tacet</span> <span class='ocrx_word' id='word_1_177' title='bbox 1319 1249 1390 1317; x_wconf 91' lang='lat' dir='ltr'>quod</span> <span class='ocrx_word' id='word_1_178' title='bbox 1404 1257 1431 1304; x_wconf 92' lang='lat' dir='ltr'>et</span> <span class='ocrx_word' id='word_1_179' title='bbox 1456 1250 1500 1305; x_wconf 92' lang='lat' dir='ltr'>ille</span> <span class='ocrx_word' id='word_1_180' title='bbox 1523 1250 1601 1306; x_wconf 90' lang='lat' dir='ltr'>fateri</span> <span class='ocrx_word' id='word_1_181' title='bbox 1612 1260 1640 1306; x_wconf 91' lang='lat' dir='ltr'>et</span> <span class='ocrx_word' id='word_1_182' title='bbox 1661 1261 1777 1309; x_wconf 68' lang='lat' dir='ltr'>caeteros</span> <span class='ocrx_word' id='word_1_183' title='bbox 1793 1264 1824 1310; x_wconf 90' lang='lat' dir='ltr'>ut</span> 
     </span>
     <span class='ocr_line' id='line_1_13' title="bbox 188 1339 1823 1412; baseline 0.002 -13"><span class='ocrx_word' id='word_1_184' title='bbox 188 1353 215 1400; x_wconf 90' lang='lat' dir='ltr'>et</span> <span class='ocrx_word' id='word_1_185' title='bbox 228 1345 313 1398; x_wconf 64' lang='lat' dir='ltr'>unica*</span> <span class='ocrx_word' id='word_1_186' title='bbox 325 1342 466 1397; x_wconf 79' lang='lat' dir='ltr'>Trinitatis</span> <span class='ocrx_word' id='word_1_187' title='bbox 479 1342 506 1395; x_wconf 93' lang='lat' dir='ltr'>in</span> <span class='ocrx_word' id='word_1_188' title='bbox 520 1341 618 1396; x_wconf 88' lang='lat' dir='ltr'>talibus</span> <span class='ocrx_word' id='word_1_189' title='bbox 632 1342 727 1397; x_wconf 78' lang='lat' dir='ltr'>neniis</span> <span class='ocrx_word' id='word_1_190' title='bbox 744 1342 822 1397; x_wconf 90' lang='lat' dir='ltr'>fidem</span> <span class='ocrx_word' id='word_1_191' title='bbox 836 1357 864 1397; x_wconf 91' lang='lat' dir='ltr'>sc</span> <span class='ocrx_word' id='word_1_192' title='bbox 879 1344 978 1398; x_wconf 88' lang='lat' dir='ltr'>hahere</span> <span class='ocrx_word' id='word_1_193' title='bbox 1029 1339 1177 1393; x_wconf 85' lang='lat' dir='ltr'>faterentur</span> <span class='ocrx_word' id='word_1_194' title='bbox 1188 1339 1279 1394; x_wconf 85' lang='lat' dir='ltr'>debuit</span> <span class='ocrx_word' id='word_1_195' title='bbox 1293 1340 1446 1405; x_wconf 90' lang='lat' dir='ltr'>hortari,·et</span> <span class='ocrx_word' id='word_1_196' title='bbox 1468 1339 1555 1397; x_wconf 89' lang='lat' dir='ltr'>fassus</span> <span class='ocrx_word' id='word_1_197' title='bbox 1567 1350 1607 1397; x_wconf 81' lang='lat' dir='ltr'>est</span> <span class='ocrx_word' id='word_1_198' title='bbox 1619 1345 1691 1412; x_wconf 91' lang='lat' dir='ltr'>quod</span> <span class='ocrx_word' id='word_1_199' title='bbox 1713 1360 1764 1400; x_wconf 88' lang='lat' dir='ltr'>nce</span> <span class='ocrx_word' id='word_1_200' title='bbox 1779 1347 1823 1402; x_wconf 80' lang='lat' dir='ltr'>ilfa</span> 
     </span>
     <span class='ocr_line' id='line_1_14' title="bbox 187 1429 1821 1509; baseline 0.003 -20"><span class='ocrx_word' id='word_1_201' title='bbox 187 1435 265 1499; x_wconf 81' lang='lat' dir='ltr'>dixit,</span> <span class='ocrx_word' id='word_1_202' title='bbox 286 1441 314 1488; x_wconf 93' lang='lat' dir='ltr'>et</span> <span class='ocrx_word' id='word_1_203' title='bbox 333 1447 365 1487; x_wconf 86' lang='lat' dir='ltr'>ea</span> <span class='ocrx_word' id='word_1_204' title='bbox 383 1447 443 1500; x_wconf 78' lang='lat' dir='ltr'>que</span> <span class='ocrx_word' id='word_1_205' title='bbox 464 1432 535 1484; x_wconf 90' lang='lat' dir='ltr'>inter</span> <span class='ocrx_word' id='word_1_206' title='bbox 553 1431 639 1500; x_wconf 90' lang='lat' dir='ltr'>prima</span> <span class='ocrx_word' id='word_1_207' title='bbox 660 1431 820 1486; x_wconf 76' lang='lat' dir='ltr'>Christianae</span> <span class='ocrx_word' id='word_1_208' title='bbox 841 1433 979 1502; x_wconf 90' lang='lat' dir='ltr'>religionis</span> <span class='ocrx_word' id='word_1_209' title='bbox 1028 1429 1106 1485; x_wconf 88' lang='lat' dir='ltr'>fateri</span> <span class='ocrx_word' id='word_1_210' title='bbox 1118 1438 1146 1485; x_wconf 90' lang='lat' dir='ltr'>et</span> <span class='ocrx_word' id='word_1_211' title='bbox 1156 1447 1190 1486; x_wconf 89' lang='lat' dir='ltr'>ne</span> <span class='ocrx_word' id='word_1_212' title='bbox 1204 1432 1294 1487; x_wconf 80' lang='lat' dir='ltr'>ceteri</span> <span class='ocrx_word' id='word_1_213' title='bbox 1309 1432 1460 1488; x_wconf 89' lang='lat' dir='ltr'>faterentur</span> <span class='ocrx_word' id='word_1_214' title='bbox 1468 1433 1561 1489; x_wconf 91' lang='lat' dir='ltr'>debuit</span> <span class='ocrx_word' id='word_1_215' title='bbox 1574 1435 1718 1503; x_wconf 88' lang='lat' dir='ltr'>reluctari;</span> <span class='ocrx_word' id='word_1_216' title='bbox 1734 1446 1763 1493; x_wconf 89' lang='lat' dir='ltr'>et</span> <span class='ocrx_word' id='word_1_217' title='bbox 1774 1439 1821 1509; x_wconf 92' lang='lat' dir='ltr'>qui</span> 
     </span>
     <span class='ocr_line' id='line_1_15' title="bbox 188 1520 1820 1592; baseline 0.004 -16"><span class='ocrx_word' id='word_1_218' title='bbox 188 1522 351 1576; x_wconf 84' lang='lat' dir='ltr'>charismata</span> <span class='ocrx_word' id='word_1_219' title='bbox 365 1520 546 1574; x_wconf 85' lang='lat' dir='ltr'>enumeranda</span> <span class='ocrx_word' id='word_1_220' title='bbox 561 1528 637 1583; x_wconf 91' lang='lat' dir='ltr'>sunt,</span> <span class='ocrx_word' id='word_1_221' title='bbox 653 1521 840 1576; x_wconf 89' lang='lat' dir='ltr'>remissionem</span> <span class='ocrx_word' id='word_1_222' title='bbox 855 1523 979 1579; x_wconf 85' lang='lat' dir='ltr'>videlicet</span> <span class='ocrx_word' id='word_1_223' title='bbox 1028 1536 1162 1590; x_wconf 90' lang='lat' dir='ltr'>opponere</span> <span class='ocrx_word' id='word_1_224' title='bbox 1179 1537 1285 1576; x_wconf 90' lang='lat' dir='ltr'>murum</span> <span class='ocrx_word' id='word_1_225' title='bbox 1298 1537 1348 1592; x_wconf 92' lang='lat' dir='ltr'>pro</span> <span class='ocrx_word' id='word_1_226' title='bbox 1361 1523 1440 1578; x_wconf 89' lang='lat' dir='ltr'>domo</span> <span class='ocrx_word' id='word_1_227' title='bbox 1461 1522 1543 1578; x_wconf 88' lang='lat' dir='ltr'>lsrael</span> <span class='ocrx_word' id='word_1_228' title='bbox 1555 1525 1647 1579; x_wconf 86' lang='lat' dir='ltr'>debuit</span> <span class='ocrx_word' id='word_1_229' title='bbox 1657 1535 1684 1580; x_wconf 92' lang='lat' dir='ltr'>et</span> <span class='ocrx_word' id='word_1_230' title='bbox 1699 1535 1775 1583; x_wconf 87' lang='lat' dir='ltr'>stare</span> <span class='ocrx_word' id='word_1_231' title='bbox 1793 1529 1820 1583; x_wconf 91' lang='lat' dir='ltr'>in</span> 
     </span>
     <span class='ocr_line' id='line_1_16' title="bbox 187 1610 1819 1685; baseline 0.004 -19"><span class='ocrx_word' id='word_1_232' title='bbox 187 1621 370 1683; x_wconf 88' lang='lat' dir='ltr'>peccatorum,</span> <span class='ocrx_word' id='word_1_233' title='bbox 392 1611 481 1666; x_wconf 88' lang='lat' dir='ltr'>carnis</span> <span class='ocrx_word' id='word_1_234' title='bbox 501 1612 726 1667; x_wconf 84' lang='lat' dir='ltr'>resurrectionem</span> <span class='ocrx_word' id='word_1_235' title='bbox 745 1621 772 1667; x_wconf 92' lang='lat' dir='ltr'>et</span> <span class='ocrx_word' id='word_1_236' title='bbox 791 1614 875 1668; x_wconf 82' lang='lat' dir='ltr'>vitam</span> <span class='ocrx_word' id='word_1_237' title='bbox 895 1613 977 1671; x_wconf 91' lang='lat' dir='ltr'>futuri</span> <span class='ocrx_word' id='word_1_238' title='bbox 1027 1610 1155 1678; x_wconf 80' lang='lat' dir='ltr'>pretiolo</span> <span class='ocrx_word' id='word_1_239' title='bbox 1166 1610 1209 1664; x_wconf 90' lang='lat' dir='ltr'>die</span> <span class='ocrx_word' id='word_1_240' title='bbox 1219 1610 1335 1676; x_wconf 87' lang='lat' dir='ltr'>Domini,</span> <span class='ocrx_word' id='word_1_241' title='bbox 1349 1611 1406 1680; x_wconf 86' lang='lat' dir='ltr'>ipse</span> <span class='ocrx_word' id='word_1_242' title='bbox 1416 1611 1449 1666; x_wconf 91' lang='lat' dir='ltr'>ad</span> <span class='ocrx_word' id='word_1_243' title='bbox 1460 1612 1602 1667; x_wconf 90' lang='lat' dir='ltr'>deditionis</span> <span class='ocrx_word' id='word_1_244' title='bbox 1613 1614 1740 1682; x_wconf 86' lang='lat' dir='ltr'>dedecus,</span> <span class='ocrx_word' id='word_1_245' title='bbox 1752 1617 1819 1685; x_wconf 90' lang='lat' dir='ltr'>proh</span> 
     </span>
     <span class='ocr_line' id='line_1_17' title="bbox 187 1693 1820 1775; baseline 0.003 -18"><span class='ocrx_word' id='word_1_246' title='bbox 187 1702 279 1757; x_wconf 80' lang='lat' dir='ltr'>saculi</span> <span class='ocrx_word' id='word_1_247' title='bbox 302 1702 435 1757; x_wconf 83' lang='lat' dir='ltr'>desidiose</span> <span class='ocrx_word' id='word_1_248' title='bbox 456 1701 640 1770; x_wconf 68' lang='lat' dir='ltr'>praetermisit.</span> <span class='ocrx_word' id='word_1_249' title='bbox 666 1702 731 1758; x_wconf 84' lang='lat' dir='ltr'>Esto</span> <span class='ocrx_word' id='word_1_250' title='bbox 757 1704 887 1775; x_wconf 88' lang='lat' dir='ltr'>deniqne,</span> <span class='ocrx_word' id='word_1_251' title='bbox 912 1706 977 1762; x_wconf 83' lang='lat' dir='ltr'>utile</span> <span class='ocrx_word' id='word_1_252' title='bbox 994 1693 1119 1755; x_wconf 77' lang='lat' dir='ltr'>fidolor!</span> <span class='ocrx_word' id='word_1_253' title='bbox 1136 1709 1229 1770; x_wconf 90' lang='lat' dir='ltr'>sponte</span> <span class='ocrx_word' id='word_1_254' title='bbox 1245 1700 1373 1756; x_wconf 90' lang='lat' dir='ltr'>dilabitur</span> <span class='ocrx_word' id='word_1_255' title='bbox 1384 1719 1392 1769; x_wconf 91' lang='lat'>;</span> <span class='ocrx_word' id='word_1_256' title='bbox 1404 1703 1467 1772; x_wconf 90' lang='lat' dir='ltr'>quia</span> <span class='ocrx_word' id='word_1_257' title='bbox 1492 1703 1615 1758; x_wconf 83' lang='lat' dir='ltr'>videlicet</span> <span class='ocrx_word' id='word_1_258' title='bbox 1629 1705 1676 1773; x_wconf 93' lang='lat' dir='ltr'>qui</span> <span class='ocrx_word' id='word_1_259' title='bbox 1687 1705 1781 1761; x_wconf 89' lang='lat' dir='ltr'>debuit</span> <span class='ocrx_word' id='word_1_260' title='bbox 1805 1723 1820 1762; x_wconf 88' lang='lat' dir='ltr'>a</span> 
     </span>
     <span class='ocr_line' id='line_1_18' title="bbox 187 1789 1818 1862; baseline 0.004 -19"><span class='ocrx_word' id='word_1_261' title='bbox 187 1793 313 1862; x_wconf 81' lang='lat' dir='ltr'>quiddam</span> <span class='ocrx_word' id='word_1_262' title='bbox 327 1800 369 1846; x_wconf 90' lang='lat' dir='ltr'>est</span> <span class='ocrx_word' id='word_1_263' title='bbox 389 1790 519 1861; x_wconf 77' lang='lat' dir='ltr'>imagines</span> <span class='ocrx_word' id='word_1_264' title='bbox 538 1791 662 1857; x_wconf 88' lang='lat' dir='ltr'>adorare,</span> <span class='ocrx_word' id='word_1_265' title='bbox 681 1792 744 1861; x_wconf 90' lang='lat' dir='ltr'>quid</span> <span class='ocrx_word' id='word_1_266' title='bbox 757 1794 883 1849; x_wconf 90' lang='lat' dir='ltr'>adimitur</span> <span class='ocrx_word' id='word_1_267' title='bbox 899 1794 978 1850; x_wconf 81' lang='lat' dir='ltr'>chri-</span> <span class='ocrx_word' id='word_1_268' title='bbox 1027 1805 1109 1859; x_wconf 85' lang='lat' dir='ltr'>prata</span> <span class='ocrx_word' id='word_1_269' title='bbox 1132 1789 1303 1845; x_wconf 87' lang='lat' dir='ltr'>confessione</span> <span class='ocrx_word' id='word_1_270' title='bbox 1328 1800 1355 1846; x_wconf 90' lang='lat' dir='ltr'>et</span> <span class='ocrx_word' id='word_1_271' title='bbox 1379 1806 1394 1845; x_wconf 87' lang='lat' dir='ltr'>a</span> <span class='ocrx_word' id='word_1_272' title='bbox 1417 1791 1562 1847; x_wconf 84' lang='lat' dir='ltr'>ridiculoso</span> <span class='ocrx_word' id='word_1_273' title='bbox 1583 1808 1678 1849; x_wconf 89' lang='lat' dir='ltr'>errore</span> <span class='ocrx_word' id='word_1_274' title='bbox 1703 1795 1818 1850; x_wconf 91' lang='lat' dir='ltr'>aliorum</span> 
     </span>
     <span class='ocr_line' id='line_1_19' title="bbox 187 1881 1819 1954; baseline 0.01 -16"><span class='ocrx_word' id='word_1_275' title='bbox 187 1884 281 1938; x_wconf 63' lang='lat' dir='ltr'>dionae</span> <span class='ocrx_word' id='word_1_276' title='bbox 305 1881 427 1954; x_wconf 82' lang='lat' dir='ltr'>religioni</span> <span class='ocrx_word' id='word_1_277' title='bbox 452 1881 475 1937; x_wconf 91' lang='lat' dir='ltr'>si</span> <span class='ocrx_word' id='word_1_278' title='bbox 497 1881 569 1936; x_wconf 92' lang='lat' dir='ltr'>iutcr</span> <span class='ocrx_word' id='word_1_279' title='bbox 591 1882 693 1950; x_wconf 90' lang='lat' dir='ltr'>primas</span> <span class='ocrx_word' id='word_1_280' title='bbox 714 1882 775 1938; x_wconf 83' lang='lat' dir='ltr'>fidet</span> <span class='ocrx_word' id='word_1_281' title='bbox 797 1884 978 1953; x_wconf 78' lang='lat' dir='ltr'>professiones</span> <span class='ocrx_word' id='word_1_282' title='bbox 1027 1890 1131 1935; x_wconf 73' lang='lat' dir='ltr'>menies</span> <span class='ocrx_word' id='word_1_283' title='bbox 1146 1895 1271 1936; x_wconf 67' lang='grc' dir='ltr'>θῡθΐθθῐθ</span> <span class='ocrx_word' id='word_1_284' title='bbox 1286 1881 1596 1950; x_wconf 53' lang='grc' dir='ltr'>βηῦῑῡὲῑῑθῦῑδδῑΰΰῑῡ,</span> <span class='ocrx_word' id='word_1_285' title='bbox 1622 1884 1680 1954; x_wconf 63' lang='grc' dir='ltr'>ἱΡῦθ</span> <span class='ocrx_word' id='word_1_286' title='bbox 1700 1885 1819 1954; x_wconf 90' lang='lat' dir='ltr'>primum</span> 
     </span>
     <span class='ocr_line' id='line_1_20' title="bbox 187 1970 1816 2049; baseline 0.003 -21"><span class='ocrx_word' id='word_1_287' title='bbox 187 1975 257 2030; x_wconf 88' lang='lat' dir='ltr'>illius</span> <span class='ocrx_word' id='word_1_288' title='bbox 270 1990 376 2045; x_wconf 90' lang='lat' dir='ltr'>quoquc</span> <span class='ocrx_word' id='word_1_289' title='bbox 390 1975 429 2029; x_wconf 88' lang='lat' dir='ltr'>rei</span> <span class='ocrx_word' id='word_1_290' title='bbox 447 1972 579 2043; x_wconf 79' lang='lat' dir='ltr'>professio</span> <span class='ocrx_word' id='word_1_291' title='bbox 598 1989 649 2027; x_wconf 92' lang='lat' dir='ltr'>non</span> <span class='ocrx_word' id='word_1_292' title='bbox 664 1974 751 2040; x_wconf 92' lang='lat' dir='ltr'>detur,</span> <span class='ocrx_word' id='word_1_293' title='bbox 771 1990 832 2030; x_wconf 91' lang='lat' dir='ltr'>eum</span> <span class='ocrx_word' id='word_1_294' title='bbox 850 1976 977 2047; x_wconf 84' lang='lat' dir='ltr'>pleraque</span> <span class='ocrx_word' id='word_1_295' title='bbox 1027 1970 1080 2025; x_wconf 90' lang='lat' dir='ltr'>illis</span> <span class='ocrx_word' id='word_1_296' title='bbox 1091 1973 1196 2027; x_wconf 89' lang='lat' dir='ltr'>errandi</span> <span class='ocrx_word' id='word_1_297' title='bbox 1208 1973 1250 2027; x_wconf 86' lang='lat' dir='ltr'>ria</span> <span class='ocrx_word' id='word_1_298' title='bbox 1264 1971 1379 2028; x_wconf 86' lang='lat' dir='ltr'>efficitur</span> <span class='ocrx_word' id='word_1_299' title='bbox 1390 1989 1480 2044; x_wconf 78' lang='lat' dir='ltr'>prame</span> <span class='ocrx_word' id='word_1_300' title='bbox 1491 1975 1669 2032; x_wconf 86' lang='lat' dir='ltr'>confessionis</span> <span class='ocrx_word' id='word_1_301' title='bbox 1681 1980 1816 2049; x_wconf 82' lang='lat' dir='ltr'>exemplo.</span> 
     </span>
     <span class='ocr_line' id='line_1_21' title="bbox 186 2059 1818 2134; baseline 0.003 -16"><span class='ocrx_word' id='word_1_302' title='bbox 186 2064 241 2118; x_wconf 91' lang='lat' dir='ltr'>sint</span> <span class='ocrx_word' id='word_1_303' title='bbox 251 2079 312 2134; x_wconf 79' lang='lat' dir='ltr'>que</span> <span class='ocrx_word' id='word_1_304' title='bbox 325 2064 396 2119; x_wconf 89' lang='lat' dir='ltr'>inter</span> <span class='ocrx_word' id='word_1_305' title='bbox 407 2072 519 2118; x_wconf 88' lang='lat' dir='ltr'>caeteras</span> <span class='ocrx_word' id='word_1_306' title='bbox 534 2061 722 2118; x_wconf 78' lang='lat' dir='ltr'>ecclesiasticae</span> <span class='ocrx_word' id='word_1_307' title='bbox 734 2064 911 2121; x_wconf 87' lang='lat' dir='ltr'>institutionis</span> <span class='ocrx_word' id='word_1_308' title='bbox 923 2074 979 2121; x_wconf 91' lang='lat' dir='ltr'>tra·</span> <span class='ocrx_word' id='word_1_309' title='bbox 1027 2059 1104 2127; x_wconf 81' lang='lat' dir='ltr'>Quod</span> <span class='ocrx_word' id='word_1_310' title='bbox 1116 2075 1179 2116; x_wconf 73' lang='lat' dir='ltr'>teto</span> <span class='ocrx_word' id='word_1_311' title='bbox 1193 2062 1402 2117; x_wconf 71' lang='lat' dir='ltr'>anathematizat</span> <span class='ocrx_word' id='word_1_312' title='bbox 1424 2064 1574 2133; x_wconf 78' lang='lat' dir='ltr'>omnesqui</span> <span class='ocrx_word' id='word_1_313' title='bbox 1600 2081 1654 2119; x_wconf 90' lang='lat' dir='ltr'>non</span> <span class='ocrx_word' id='word_1_314' title='bbox 1678 2067 1818 2123; x_wconf 91' lang='lat' dir='ltr'>instruunt</span> 
     </span>
     <span class='ocr_line' id='line_1_22' title="bbox 185 2150 1816 2224; baseline -0.001 -14"><span class='ocrx_word' id='word_1_315' title='bbox 185 2154 301 2210; x_wconf 90' lang='lat' dir='ltr'>ditiones</span> <span class='ocrx_word' id='word_1_316' title='bbox 314 2153 436 2209; x_wconf 86' lang='lat' dir='ltr'>fidelibus</span> <span class='ocrx_word' id='word_1_317' title='bbox 458 2152 556 2207; x_wconf 92' lang='lat' dir='ltr'>tradita</span> <span class='ocrx_word' id='word_1_318' title='bbox 575 2163 648 2219; x_wconf 92' lang='lat' dir='ltr'>sunt,</span> <span class='ocrx_word' id='word_1_319' title='bbox 670 2170 784 2224; x_wconf 91' lang='lat' dir='ltr'>quorum</span> <span class='ocrx_word' id='word_1_320' title='bbox 795 2158 846 2211; x_wconf 89' lang='lat' dir='ltr'>etsi</span> <span class='ocrx_word' id='word_1_321' title='bbox 867 2157 894 2211; x_wconf 92' lang='lat' dir='ltr'>in</span> <span class='ocrx_word' id='word_1_322' title='bbox 916 2154 977 2213; x_wconf 90' lang='lat' dir='ltr'>tidci</span> <span class='ocrx_word' id='word_1_323' title='bbox 1027 2164 1133 2205; x_wconf 82' lang='lat' dir='ltr'>omnem</span> <span class='ocrx_word' id='word_1_324' title='bbox 1145 2150 1253 2205; x_wconf 83' lang='lat' dir='ltr'>Christo</span> <span class='ocrx_word' id='word_1_325' title='bbox 1265 2151 1391 2207; x_wconf 88' lang='lat' dir='ltr'>dilectum</span> <span class='ocrx_word' id='word_1_326' title='bbox 1410 2151 1539 2221; x_wconf 86' lang='lat' dir='ltr'>populum</span> <span class='ocrx_word' id='word_1_327' title='bbox 1557 2153 1672 2209; x_wconf 89' lang='lat' dir='ltr'>adorare</span> <span class='ocrx_word' id='word_1_328' title='bbox 1687 2163 1716 2209; x_wconf 90' lang='lat' dir='ltr'>et</span> <span class='ocrx_word' id='word_1_329' title='bbox 1735 2171 1816 2210; x_wconf 76' lang='lat' dir='ltr'>rene</span> 
     </span>
     <span class='ocr_line' id='line_1_23' title="bbox 184 2235 1817 2314; baseline 0.004 -14"><span class='ocrx_word' id='word_1_330' title='bbox 184 2235 353 2300; x_wconf 86' lang='lat' dir='ltr'>confessione</span> <span class='ocrx_word' id='word_1_331' title='bbox 362 2244 494 2314; x_wconf 78' lang='lat' dir='ltr'>professio</span> <span class='ocrx_word' id='word_1_332' title='bbox 505 2253 617 2309; x_wconf 86' lang='lat' dir='ltr'>tacetur,</span> <span class='ocrx_word' id='word_1_333' title='bbox 629 2246 695 2300; x_wconf 90' lang='lat' dir='ltr'>nibil</span> <span class='ocrx_word' id='word_1_334' title='bbox 707 2254 796 2303; x_wconf 89' lang='lat' dir='ltr'>tamen</span> <span class='ocrx_word' id='word_1_335' title='bbox 807 2248 867 2303; x_wconf 90' lang='lat' dir='ltr'>idco</span> <span class='ocrx_word' id='word_1_336' title='bbox 877 2256 977 2304; x_wconf 72' lang='lat' dir='ltr'>sanctae</span> <span class='ocrx_word' id='word_1_337' title='bbox 1027 2240 1082 2293; x_wconf 65' lang='lat' dir='ltr'>rari</span> <span class='ocrx_word' id='word_1_338' title='bbox 1099 2239 1228 2310; x_wconf 65' lang='lat' dir='ltr'>imtsslsses</span> <span class='ocrx_word' id='word_1_339' title='bbox 1245 2243 1366 2296; x_wconf 71' lang='lat' dir='ltr'>omnium</span> <span class='ocrx_word' id='word_1_340' title='bbox 1391 2250 1545 2297; x_wconf 61' lang='lat' dir='ltr'>sanctolum</span> <span class='ocrx_word' id='word_1_341' title='bbox 1558 2243 1604 2313; x_wconf 75' lang='lat' dir='ltr'>(itti</span> <span class='ocrx_word' id='word_1_342' title='bbox 1619 2259 1634 2297; x_wconf 76' lang='lat'><strong>³</strong></span> <span class='ocrx_word' id='word_1_343' title='bbox 1647 2244 1748 2300; x_wconf 68' lang='lat' dir='ltr'>stmulo</span> <span class='ocrx_word' id='word_1_344' title='bbox 1762 2246 1817 2300; x_wconf 68' lang='lat' dir='ltr'>lito</span> 
     </span>
     <span class='ocr_line' id='line_1_24' title="bbox 187 2332 1812 2408; baseline 0.006 -19"><span class='ocrx_word' id='word_1_345' title='bbox 187 2335 309 2405; x_wconf 86' lang='lat' dir='ltr'>religioni</span> <span class='ocrx_word' id='word_1_346' title='bbox 321 2334 465 2389; x_wconf 78' lang='lat' dir='ltr'>adimitur?</span> <span class='ocrx_word' id='word_1_347' title='bbox 482 2335 536 2391; x_wconf 84' lang='lat' dir='ltr'>hut</span> <span class='ocrx_word' id='word_1_348' title='bbox 552 2337 579 2391; x_wconf 91' lang='lat' dir='ltr'>in</span> <span class='ocrx_word' id='word_1_349' title='bbox 592 2352 645 2406; x_wconf 91' lang='lat' dir='ltr'>quo</span> <span class='ocrx_word' id='word_1_350' title='bbox 656 2337 828 2407; x_wconf 70' lang='lat' dir='ltr'>praejudicat,</span> <span class='ocrx_word' id='word_1_351' title='bbox 849 2340 978 2397; x_wconf 87' lang='lat' dir='ltr'>sicarum</span> <span class='ocrx_word' id='word_1_352' title='bbox 1025 2332 1198 2404; x_wconf 66' lang='lat' dir='ltr'>placuerum,</span> <span class='ocrx_word' id='word_1_353' title='bbox 1224 2349 1304 2404; x_wconf 93' lang='lat' dir='ltr'>quam</span> <span class='ocrx_word' id='word_1_354' title='bbox 1324 2333 1440 2389; x_wconf 68' lang='lat' dir='ltr'>absurde</span> <span class='ocrx_word' id='word_1_355' title='bbox 1459 2350 1593 2405; x_wconf 67' lang='lat' dir='ltr'>(illamque</span> <span class='ocrx_word' id='word_1_356' title='bbox 1614 2336 1812 2408; x_wconf 71' lang='lat' dir='ltr'>incaufe³g=11‚</span> 
     </span>
     <span class='ocr_line' id='line_1_25' title="bbox 186 2422 1815 2502; baseline 0.01 -23"><span class='ocrx_word' id='word_1_357' title='bbox 186 2425 308 2481; x_wconf 90' lang='lat' dir='ltr'>adoratio</span> <span class='ocrx_word' id='word_1_358' title='bbox 319 2433 448 2490; x_wconf 88' lang='lat' dir='ltr'>taceatur,</span> <span class='ocrx_word' id='word_1_359' title='bbox 461 2426 522 2482; x_wconf 90' lang='lat' dir='ltr'>fidei</span> <span class='ocrx_word' id='word_1_360' title='bbox 535 2428 696 2497; x_wconf 87' lang='lat' dir='ltr'>integritati,</span> <span class='ocrx_word' id='word_1_361' title='bbox 710 2444 798 2483; x_wconf 89' lang='lat' dir='ltr'>curua</span> <span class='ocrx_word' id='word_1_362' title='bbox 817 2431 916 2485; x_wconf 87' lang='lat' dir='ltr'>sanctis</span> <span class='ocrx_word' id='word_1_363' title='bbox 927 2430 978 2485; x_wconf 86' lang='lat' dir='ltr'>Pa·</span> <span class='ocrx_word' id='word_1_364' title='bbox 1026 2422 1145 2492; x_wconf 74' lang='lat' dir='ltr'>prudens</span> <span class='ocrx_word' id='word_1_365' title='bbox 1167 2423 1253 2479; x_wconf 89' lang='lat' dir='ltr'>lector</span> <span class='ocrx_word' id='word_1_366' title='bbox 1271 2425 1414 2490; x_wconf 82' lang='lat' dir='ltr'>advertat,</span> <span class='ocrx_word' id='word_1_367' title='bbox 1436 2426 1589 2494; x_wconf 65' lang='lat' dir='ltr'>Pfaesefslffl</span> <span class='ocrx_word' id='word_1_368' title='bbox 1608 2427 1655 2496; x_wconf 70' lang='lat' dir='ltr'>‘fui</span> <span class='ocrx_word' id='word_1_369' title='bbox 1673 2429 1815 2502; x_wconf 58' lang='lat' dir='ltr'>anathem</span> 
     </span>
     <span class='ocr_line' id='line_1_26' title="bbox 186 2513 1813 2586; baseline 0.008 -18"><span class='ocrx_word' id='word_1_370' title='bbox 186 2516 273 2570; x_wconf 89' lang='lat' dir='ltr'>tribus</span> <span class='ocrx_word' id='word_1_371' title='bbox 288 2515 400 2570; x_wconf 88' lang='lat' dir='ltr'>inhibita</span> <span class='ocrx_word' id='word_1_372' title='bbox 414 2516 596 2586; x_wconf 88' lang='lat' dir='ltr'>potiusquam</span> <span class='ocrx_word' id='word_1_373' title='bbox 613 2518 734 2573; x_wconf 91' lang='lat' dir='ltr'>instituta</span> <span class='ocrx_word' id='word_1_374' title='bbox 754 2519 890 2574; x_wconf 87' lang='lat' dir='ltr'>credatur.</span> <span class='ocrx_word' id='word_1_375' title='bbox 919 2519 977 2575; x_wconf 89' lang='lat' dir='ltr'>Nou</span> <span class='ocrx_word' id='word_1_376' title='bbox 1027 2513 1654 2586; x_wconf 79' lang='lat' dir='ltr'>quodaliistemerariapresumptioneinterrc</span> <span class='ocrx_word' id='word_1_377' title='bbox 1667 2520 1813 2581; x_wconf 67' lang='lat' dir='ltr'>contendit.</span> 
     </span>
     <span class='ocr_line' id='line_1_27' title="bbox 184 2604 1814 2680; baseline 0.001 -20"><span class='ocrx_word' id='word_1_378' title='bbox 184 2604 257 2660; x_wconf 84' lang='lat' dir='ltr'>enim</span> <span class='ocrx_word' id='word_1_379' title='bbox 276 2619 310 2659; x_wconf 89' lang='lat' dir='ltr'>eo</span> <span class='ocrx_word' id='word_1_380' title='bbox 329 2607 409 2660; x_wconf 84' lang='lat' dir='ltr'>modo</span> <span class='ocrx_word' id='word_1_381' title='bbox 432 2605 588 2677; x_wconf 70' lang='lat' dir='ltr'>prejudicat</span> <span class='ocrx_word' id='word_1_382' title='bbox 613 2608 805 2677; x_wconf 71' lang='lat' dir='ltr'>praetermissio</span> <span class='ocrx_word' id='word_1_383' title='bbox 830 2608 976 2680; x_wconf 88' lang='lat' dir='ltr'>imaginum</span> <span class='ocrx_word' id='word_1_384' title='bbox 1027 2604 1053 2659; x_wconf 89' lang='lat' dir='ltr'>in</span> <span class='ocrx_word' id='word_1_385' title='bbox 1067 2619 1222 2674; x_wconf 89' lang='lat' dir='ltr'>sesuosque</span> <span class='ocrx_word' id='word_1_386' title='bbox 1232 2605 1412 2661; x_wconf 83' lang='lat' dir='ltr'>irreverenter</span> <span class='ocrx_word' id='word_1_387' title='bbox 1421 2606 1567 2677; x_wconf 88' lang='lat' dir='ltr'>intorquet,</span> <span class='ocrx_word' id='word_1_388' title='bbox 1578 2617 1603 2661; x_wconf 89' lang='lat' dir='ltr'>et</span> <span class='ocrx_word' id='word_1_389' title='bbox 1614 2607 1696 2661; x_wconf 89' lang='lat' dir='ltr'>telum</span> <span class='ocrx_word' id='word_1_390' title='bbox 1710 2607 1814 2677; x_wconf 85' lang='lat' dir='ltr'>quosui</span> 
     </span>
     <span class='ocr_line' id='line_1_28' title="bbox 185 2696 1814 2770; baseline 0.002 -19"><span class='ocrx_word' id='word_1_391' title='bbox 185 2697 351 2752; x_wconf 88' lang='lat' dir='ltr'>adorationis</span> <span class='ocrx_word' id='word_1_392' title='bbox 364 2713 448 2754; x_wconf 79' lang='lat' dir='ltr'>sacre</span> <span class='ocrx_word' id='word_1_393' title='bbox 464 2698 525 2754; x_wconf 89' lang='lat' dir='ltr'>fidei</span> <span class='ocrx_word' id='word_1_394' title='bbox 540 2699 663 2769; x_wconf 86' lang='lat' dir='ltr'>puritati,</span> <span class='ocrx_word' id='word_1_395' title='bbox 683 2715 744 2769; x_wconf 81' lang='lat' dir='ltr'>qum</span> <span class='ocrx_word' id='word_1_396' title='bbox 766 2699 909 2755; x_wconf 89' lang='lat' dir='ltr'>interdicta</span> <span class='ocrx_word' id='word_1_397' title='bbox 928 2714 977 2770; x_wconf 94' lang='lat' dir='ltr'>po-</span> <span class='ocrx_word' id='word_1_398' title='bbox 1026 2696 1127 2752; x_wconf 87' lang='lat' dir='ltr'>erroris</span> <span class='ocrx_word' id='word_1_399' title='bbox 1139 2704 1293 2752; x_wconf 80' lang='lat' dir='ltr'>extraneam</span> <span class='ocrx_word' id='word_1_400' title='bbox 1303 2699 1399 2753; x_wconf 92' lang='lat' dir='ltr'>nititur</span> <span class='ocrx_word' id='word_1_401' title='bbox 1412 2699 1553 2770; x_wconf 86' lang='lat' dir='ltr'>perfodere</span> <span class='ocrx_word' id='word_1_402' title='bbox 1563 2710 1681 2770; x_wconf 88' lang='lat' dir='ltr'>partem,</span> <span class='ocrx_word' id='word_1_403' title='bbox 1698 2701 1814 2755; x_wconf 87' lang='lat' dir='ltr'>insuam</span> 
     </span>
     <span class='ocr_line' id='line_1_29' title="bbox 184 2787 1813 2862; baseline 0.003 -21"><span class='ocrx_word' id='word_1_404' title='bbox 184 2787 238 2843; x_wconf 91' lang='lat' dir='ltr'>tius</span> <span class='ocrx_word' id='word_1_405' title='bbox 259 2803 339 2856; x_wconf 91' lang='lat' dir='ltr'>quam</span> <span class='ocrx_word' id='word_1_406' title='bbox 357 2788 480 2844; x_wconf 89' lang='lat' dir='ltr'>instituta</span> <span class='ocrx_word' id='word_1_407' title='bbox 494 2797 545 2855; x_wconf 89' lang='lat' dir='ltr'>est,</span> <span class='ocrx_word' id='word_1_408' title='bbox 568 2789 637 2843; x_wconf 92' lang='lat' dir='ltr'>sicut</span> <span class='ocrx_word' id='word_1_409' title='bbox 657 2787 833 2858; x_wconf 75' lang='lat' dir='ltr'>praejudicant</span> <span class='ocrx_word' id='word_1_410' title='bbox 853 2788 976 2845; x_wconf 87' lang='lat' dir='ltr'>remissio</span> <span class='ocrx_word' id='word_1_411' title='bbox 1026 2787 1178 2857; x_wconf 81' lang='lat' dir='ltr'>civiumque</span> <span class='ocrx_word' id='word_1_412' title='bbox 1202 2789 1319 2844; x_wconf 88' lang='lat' dir='ltr'>deflectit</span> <span class='ocrx_word' id='word_1_413' title='bbox 1339 2803 1442 2845; x_wconf 88' lang='lat' dir='ltr'>necem.</span> <span class='ocrx_word' id='word_1_414' title='bbox 1466 2788 1521 2844; x_wconf 89' lang='lat' dir='ltr'>Nec</span> <span class='ocrx_word' id='word_1_415' title='bbox 1545 2791 1642 2845; x_wconf 88' lang='lat' dir='ltr'>liberat</span> <span class='ocrx_word' id='word_1_416' title='bbox 1668 2791 1813 2862; x_wconf 85' lang='lat' dir='ltr'>imaginum</span> 
     </span>
     <span class='ocr_line' id='line_1_30' title="bbox 183 2880 1813 2952; baseline 0.001 -18"><span class='ocrx_word' id='word_1_417' title='bbox 183 2887 367 2949; x_wconf 89' lang='lat' dir='ltr'>peccatorum,</span> <span class='ocrx_word' id='word_1_418' title='bbox 383 2881 473 2936; x_wconf 88' lang='lat' dir='ltr'>carnis</span> <span class='ocrx_word' id='word_1_419' title='bbox 492 2881 655 2936; x_wconf 86' lang='lat' dir='ltr'>resurreetio</span> <span class='ocrx_word' id='word_1_420' title='bbox 667 2889 695 2935; x_wconf 94' lang='lat' dir='ltr'>et</span> <span class='ocrx_word' id='word_1_421' title='bbox 712 2881 766 2935; x_wconf 85' lang='lat' dir='ltr'>rita</span> <span class='ocrx_word' id='word_1_422' title='bbox 785 2880 869 2937; x_wconf 92' lang='lat' dir='ltr'>futuri</span> <span class='ocrx_word' id='word_1_423' title='bbox 886 2881 975 2939; x_wconf 75' lang='lat' dir='ltr'>saeculi</span> <span class='ocrx_word' id='word_1_424' title='bbox 1026 2880 1146 2937; x_wconf 86' lang='lat' dir='ltr'>adoratio</span> <span class='ocrx_word' id='word_1_425' title='bbox 1163 2881 1196 2936; x_wconf 92' lang='lat' dir='ltr'>ab</span> <span class='ocrx_word' id='word_1_426' title='bbox 1209 2881 1386 2935; x_wconf 88' lang='lat' dir='ltr'>anathematis</span> <span class='ocrx_word' id='word_1_427' title='bbox 1407 2881 1578 2951; x_wconf 89' lang='lat' dir='ltr'>colligatione</span> <span class='ocrx_word' id='word_1_428' title='bbox 1594 2897 1668 2947; x_wconf 82' lang='lat' dir='ltr'>suos,</span> <span class='ocrx_word' id='word_1_429' title='bbox 1687 2898 1747 2952; x_wconf 73' lang='lat' dir='ltr'>quae</span> <span class='ocrx_word' id='word_1_430' title='bbox 1769 2897 1813 2936; x_wconf 82' lang='lat' dir='ltr'>ne-</span> 
     </span>
     <span class='ocr_line' id='line_1_31' title="bbox 184 2966 1813 3040; baseline 0.006 -20"><span class='ocrx_word' id='word_1_431' title='bbox 184 2967 206 3021; x_wconf 90' lang='lat' dir='ltr'>si</span> <span class='ocrx_word' id='word_1_432' title='bbox 221 2967 247 3021; x_wconf 89' lang='lat' dir='ltr'>iu</span> <span class='ocrx_word' id='word_1_433' title='bbox 262 2966 432 3023; x_wconf 85' lang='lat' dir='ltr'>confessione</span> <span class='ocrx_word' id='word_1_434' title='bbox 451 2969 702 3038; x_wconf 68' lang='lat' dir='ltr'>praetermittantur,</span> <span class='ocrx_word' id='word_1_435' title='bbox 721 2984 781 3039; x_wconf 86' lang='lat' dir='ltr'>quae</span> <span class='ocrx_word' id='word_1_436' title='bbox 794 2971 886 3040; x_wconf 89' lang='lat' dir='ltr'>utique</span> <span class='ocrx_word' id='word_1_437' title='bbox 903 2978 931 3026; x_wconf 92' lang='lat' dir='ltr'>et</span> <span class='ocrx_word' id='word_1_438' title='bbox 947 2970 973 3025; x_wconf 93' lang='lat' dir='ltr'>in</span> <span class='ocrx_word' id='word_1_439' title='bbox 1026 2983 1098 3030; x_wconf 89' lang='lat' dir='ltr'>ctere</span> <span class='ocrx_word' id='word_1_440' title='bbox 1111 2976 1295 3031; x_wconf 88' lang='lat' dir='ltr'>tautummodo</span> <span class='ocrx_word' id='word_1_441' title='bbox 1309 2975 1445 3030; x_wconf 86' lang='lat' dir='ltr'>nitebatur</span> <span class='ocrx_word' id='word_1_442' title='bbox 1455 2985 1573 3030; x_wconf 71' lang='lat' dir='ltr'>eeteros.</span> <span class='ocrx_word' id='word_1_443' title='bbox 1595 2975 1813 3031; x_wconf 80' lang='lat' dir='ltr'>Anathematizat</span> 
     </span>
     <span class='ocr_line' id='line_1_32' title="bbox 184 3055 1813 3135; baseline 0.006 -27"><span class='ocrx_word' id='word_1_444' title='bbox 184 3056 303 3109; x_wconf 92' lang='lat' dir='ltr'>omnium</span> <span class='ocrx_word' id='word_1_445' title='bbox 316 3055 517 3127; x_wconf 81' lang='lat' dir='ltr'>Scripturarum</span> <span class='ocrx_word' id='word_1_446' title='bbox 532 3067 685 3114; x_wconf 88' lang='lat' dir='ltr'>sanctarum</span> <span class='ocrx_word' id='word_1_447' title='bbox 699 3060 769 3114; x_wconf 86' lang='lat' dir='ltr'>serie</span> <span class='ocrx_word' id='word_1_448' title='bbox 784 3061 973 3130; x_wconf 88' lang='lat' dir='ltr'>praedicantur,</span> <span class='ocrx_word' id='word_1_449' title='bbox 1028 3066 1100 3121; x_wconf 92' lang='lat' dir='ltr'>euim</span> <span class='ocrx_word' id='word_1_450' title='bbox 1112 3066 1158 3135; x_wconf 94' lang='lat' dir='ltr'>qui</span> <span class='ocrx_word' id='word_1_451' title='bbox 1172 3081 1225 3119; x_wconf 91' lang='lat' dir='ltr'>non</span> <span class='ocrx_word' id='word_1_452' title='bbox 1239 3065 1376 3119; x_wconf 89' lang='lat' dir='ltr'>instruunt</span> <span class='ocrx_word' id='word_1_453' title='bbox 1387 3080 1495 3119; x_wconf 90' lang='lat' dir='ltr'>onmem</span> <span class='ocrx_word' id='word_1_454' title='bbox 1509 3061 1617 3120; x_wconf 87' lang='lat' dir='ltr'>Christo</span> <span class='ocrx_word' id='word_1_455' title='bbox 1626 3064 1754 3119; x_wconf 82' lang='lat' dir='ltr'>dilectum</span> <span class='ocrx_word' id='word_1_456' title='bbox 1767 3080 1813 3134; x_wconf 83' lang='lat' dir='ltr'>po-</span> 
     </span>
     <span class='ocr_line' id='line_1_33' title="bbox 184 3145 1814 3226; baseline 0.006 -27"><span class='ocrx_word' id='word_1_457' title='bbox 184 3154 226 3210; x_wconf 88' lang='lat' dir='ltr'>ct,</span> <span class='ocrx_word' id='word_1_458' title='bbox 240 3155 269 3199; x_wconf 94' lang='lat' dir='ltr'>ut</span> <span class='ocrx_word' id='word_1_459' title='bbox 280 3145 384 3216; x_wconf 76' lang='lat' dir='ltr'>prefati</span> <span class='ocrx_word' id='word_1_460' title='bbox 399 3164 501 3214; x_wconf 87' lang='lat' dir='ltr'>sumus,</span> <span class='ocrx_word' id='word_1_461' title='bbox 516 3151 549 3204; x_wconf 86' lang='lat' dir='ltr'>ab</span> <span class='ocrx_word' id='word_1_462' title='bbox 565 3150 693 3220; x_wconf 89' lang='lat' dir='ltr'>apostolis</span> <span class='ocrx_word' id='word_1_463' title='bbox 708 3151 735 3204; x_wconf 91' lang='lat' dir='ltr'>in</span> <span class='ocrx_word' id='word_1_464' title='bbox 751 3152 872 3222; x_wconf 83' lang='lat' dir='ltr'>symbolo</span> <span class='ocrx_word' id='word_1_465' title='bbox 885 3153 978 3209; x_wconf 86' lang='lat' dir='ltr'>lauda·</span> <span class='ocrx_word' id='word_1_466' title='bbox 1027 3156 1119 3225; x_wconf 93' lang='lat' dir='ltr'>pulum</span> <span class='ocrx_word' id='word_1_467' title='bbox 1134 3155 1246 3210; x_wconf 87' lang='lat' dir='ltr'>adorare</span> <span class='ocrx_word' id='word_1_468' title='bbox 1267 3154 1409 3226; x_wconf 88' lang='lat' dir='ltr'>imagines.</span> <span class='ocrx_word' id='word_1_469' title='bbox 1434 3153 1635 3225; x_wconf 82' lang='lat' dir='ltr'>Numquidnam,</span> <span class='ocrx_word' id='word_1_470' title='bbox 1651 3163 1682 3208; x_wconf 94' lang='lat' dir='ltr'>ut</span> <span class='ocrx_word' id='word_1_471' title='bbox 1702 3164 1814 3211; x_wconf 72' lang='lat' dir='ltr'>caeteros</span> 
     </span>
     <span class='ocr_line' id='line_1_34' title="bbox 183 3235 1813 3316; baseline 0.008 -28"><span class='ocrx_word' id='word_1_472' title='bbox 183 3235 230 3290; x_wconf 88' lang='lat' dir='ltr'>hili</span> <span class='ocrx_word' id='word_1_473' title='bbox 246 3237 378 3292; x_wconf 86' lang='lat' dir='ltr'>brevitate</span> <span class='ocrx_word' id='word_1_474' title='bbox 391 3253 519 3293; x_wconf 73' lang='lat' dir='ltr'>corrnette</span> <span class='ocrx_word' id='word_1_475' title='bbox 534 3247 667 3294; x_wconf 88' lang='lat' dir='ltr'>tenentur.</span> <span class='ocrx_word' id='word_1_476' title='bbox 1026 3253 1140 3310; x_wconf 88' lang='lat' dir='ltr'>taccam,</span> <span class='ocrx_word' id='word_1_477' title='bbox 1155 3246 1182 3301; x_wconf 91' lang='lat' dir='ltr'>iu</span> <span class='ocrx_word' id='word_1_478' title='bbox 1195 3246 1246 3302; x_wconf 89' lang='lat' dir='ltr'>sibi</span> <span class='ocrx_word' id='word_1_479' title='bbox 1257 3247 1401 3301; x_wconf 90' lang='lat' dir='ltr'>commissa</span> <span class='ocrx_word' id='word_1_480' title='bbox 1411 3246 1488 3316; x_wconf 89' lang='lat' dir='ltr'>plebe</span> <span class='ocrx_word' id='word_1_481' title='bbox 1502 3262 1596 3301; x_wconf 89' lang='lat' dir='ltr'>omues</span> <span class='ocrx_word' id='word_1_482' title='bbox 1606 3247 1746 3302; x_wconf 89' lang='lat' dir='ltr'>instruunt</span> <span class='ocrx_word' id='word_1_483' title='bbox 1758 3263 1813 3302; x_wconf 88' lang='lat' dir='ltr'>om·</span> 
     </span>
    </p>

    <p class='ocr_par' dir='ltr' id='par_1_3' title="bbox 184 3330 1813 3497">
     <span class='ocr_line' id='line_1_35' title="bbox 486 3330 1811 3408; baseline 0.006 -23"><span class='ocrx_word' id='word_1_484' title='bbox 486 3330 599 3386; x_wconf 79' lang='lat' dir='ltr'>carot</span> <span class='ocrx_word' id='word_1_485' title='bbox 620 3332 673 3386; x_wconf 86' lang='lat' dir='ltr'>tlt.</span> <span class='ocrx_word' id='word_1_486' title='bbox 1025 3350 1088 3390; x_wconf 86' lang='lat' dir='ltr'>hcm</span> <span class='ocrx_word' id='word_1_487' title='bbox 1106 3335 1214 3391; x_wconf 84' lang='lat' dir='ltr'>Christo</span> <span class='ocrx_word' id='word_1_488' title='bbox 1233 3336 1363 3391; x_wconf 87' lang='lat' dir='ltr'>dilectum</span> <span class='ocrx_word' id='word_1_489' title='bbox 1384 3339 1512 3408; x_wconf 90' lang='lat' dir='ltr'>populum</span> <span class='ocrx_word' id='word_1_490' title='bbox 1532 3338 1664 3408; x_wconf 89' lang='lat' dir='ltr'>imagines</span> <span class='ocrx_word' id='word_1_491' title='bbox 1685 3339 1811 3404; x_wconf 85' lang='lat' dir='ltr'>adorare,</span> 
     </span>
     <span class='ocr_line' id='line_1_36' title="bbox 184 3413 1813 3497; baseline 0.01 -29"><span class='ocrx_word' id='word_1_492' title='bbox 184 3413 222 3468; x_wconf 82' lang='lat' dir='ltr'>De</span> <span class='ocrx_word' id='word_1_493' title='bbox 242 3432 272 3469; x_wconf 83' lang='lat' dir='ltr'>eo</span> <span class='ocrx_word' id='word_1_494' title='bbox 297 3418 366 3487; x_wconf 87' lang='lat' dir='ltr'>qnod</span> <span class='ocrx_word' id='word_1_495' title='bbox 392 3416 552 3481; x_wconf 66' lang='lat' dir='ltr'>Theodon&#39;ua</span> <span class='ocrx_word' id='word_1_496' title='bbox 575 3420 665 3474; x_wconf 82' lang='lat' dir='ltr'>Artori</span> <span class='ocrx_word' id='word_1_497' title='bbox 691 3423 825 3492; x_wconf 79' lang='lat' dir='ltr'>epiecopus</span> <span class='ocrx_word' id='word_1_498' title='bbox 848 3424 975 3478; x_wconf 76' lang='lat' dir='ltr'>‹leridiose</span> <span class='ocrx_word' id='word_1_499' title='bbox 1025 3425 1069 3496; x_wconf 91' lang='lat' dir='ltr'>qui</span> <span class='ocrx_word' id='word_1_500' title='bbox 1082 3441 1130 3481; x_wconf 90' lang='lat' dir='ltr'>nec</span> <span class='ocrx_word' id='word_1_501' title='bbox 1143 3426 1293 3481; x_wconf 87' lang='lat' dir='ltr'>instruendi</span> <span class='ocrx_word' id='word_1_502' title='bbox 1303 3428 1402 3482; x_wconf 90' lang='lat' dir='ltr'>babent</span> <span class='ocrx_word' id='word_1_503' title='bbox 1416 3426 1542 3492; x_wconf 84' lang='lat' dir='ltr'>officium,</span> <span class='ocrx_word' id='word_1_504' title='bbox 1552 3443 1604 3483; x_wconf 90' lang='lat' dir='ltr'>nec</span> <span class='ocrx_word' id='word_1_505' title='bbox 1613 3430 1813 3497; x_wconf 76' lang='lat' dir='ltr'>predicationis</span> 
     </span>
    </p>
   </div>
   <div class='ocr_carea' id='block_1_3' title="bbox 217 3485 1811 3622">
    <p class='ocr_par' dir='ltr' id='par_1_4' title="bbox 217 3485 1811 3622">
     <span class='ocr_line' id='line_1_37' title="bbox 217 3485 1811 3587; baseline 0.01 -32"><span class='ocrx_word' id='word_1_506' title='bbox 217 3485 295 3566; x_wconf 56' lang='grc' dir='ltr'>ΜΨ</span> <span class='ocrx_word' id='word_1_507' title='bbox 308 3497 448 3569; x_wconf 59' lang='grc' dir='ltr'>*ΜΝ</span> <span class='ocrx_word' id='word_1_508' title='bbox 469 3490 553 3543; x_wconf 63' lang='lat' dir='ltr'>“¹⁸5⁶oe</span> <span class='ocrx_word' id='word_1_509' title='bbox 570 3489 705 3571; x_wconf 52' lang='lat' dir='ltr'>Trinium?</span> <span class='ocrx_word' id='word_1_510' title='bbox 721 3492 894 3575; x_wconf 64' lang='lat'>&#39;⁰?“⁹!&#39;“=,‘¹0</span> <span class='ocrx_word' id='word_1_511' title='bbox 908 3496 975 3549; x_wconf 61' lang='lat' dir='ltr'>ima·</span> <span class='ocrx_word' id='word_1_512' title='bbox 1024 3517 1152 3585; x_wconf 87' lang='lat' dir='ltr'>gradum?</span> <span class='ocrx_word' id='word_1_513' title='bbox 1167 3517 1286 3585; x_wconf 90' lang='lat' dir='ltr'>nunquid</span> <span class='ocrx_word' id='word_1_514' title='bbox 1299 3525 1326 3572; x_wconf 89' lang='lat' dir='ltr'>et</span> <span class='ocrx_word' id='word_1_515' title='bbox 1347 3517 1404 3587; x_wconf 89' lang='lat' dir='ltr'>ipse</span> <span class='ocrx_word' id='word_1_516' title='bbox 1422 3532 1531 3573; x_wconf 87' lang='lat' dir='ltr'>omnem</span> <span class='ocrx_word' id='word_1_517' title='bbox 1553 3518 1665 3572; x_wconf 89' lang='lat' dir='ltr'>Christo</span> <span class='ocrx_word' id='word_1_518' title='bbox 1687 3518 1811 3574; x_wconf 88' lang='lat' dir='ltr'>dilectum</span> 
     </span>
     <span class='ocr_line' id='line_1_38' title="bbox 217 3556 974 3622; baseline 0.017 -17"><span class='ocrx_word' id='word_1_519' title='bbox 217 3556 320 3622; x_wconf 73' lang='lat' dir='ltr'>utititas</span> <span class='ocrx_word' id='word_1_520' title='bbox 335 3573 393 3610; x_wconf 86' lang='lat' dir='ltr'>oero</span> <span class='ocrx_word' id='word_1_521' title='bbox 406 3569 511 3612; x_wconf 83' lang='lat' dir='ltr'>ttrcartte</span> <span class='ocrx_word' id='word_1_522' title='bbox 523 3568 547 3613; x_wconf 84' lang='lat' dir='ltr'>et</span> <span class='ocrx_word' id='word_1_523' title='bbox 560 3561 768 3615; x_wconf 75' lang='lat' dir='ltr'>extraordinarie</span> <span class='ocrx_word' id='word_1_524' title='bbox 778 3561 872 3617; x_wconf 77' lang='lat' dir='ltr'>darent</span> <span class='ocrx_word' id='word_1_525' title='bbox 886 3581 892 3616; x_wconf 90' lang='lat'>:</span> <span class='ocrx_word' id='word_1_526' title='bbox 905 3563 974 3618; x_wconf 88' lang='lat' dir='ltr'>Con·</span> 
     </span>
    </p>
   </div>
   <div class='ocr_carea' id='block_1_4' title="bbox 217 3606 1811 3770">
    <p class='ocr_par' dir='ltr' id='par_1_5' title="bbox 217 3606 1811 3770">
     <span class='ocr_line' id='line_1_39' title="bbox 217 3606 1811 3713; baseline 0.011 -37"><span class='ocrx_word' id='word_1_527' title='bbox 217 3623 295 3678; x_wconf 88' lang='lat' dir='ltr'>fiteor</span> <span class='ocrx_word' id='word_1_528' title='bbox 307 3632 334 3680; x_wconf 89' lang='lat' dir='ltr'>et</span> <span class='ocrx_word' id='word_1_529' title='bbox 344 3627 481 3694; x_wconf 91' lang='lat' dir='ltr'>promitto,</span> <span class='ocrx_word' id='word_1_530' title='bbox 497 3638 524 3683; x_wconf 92' lang='lat' dir='ltr'>ct</span> <span class='ocrx_word' id='word_1_531' title='bbox 537 3629 664 3697; x_wconf 87' lang='lat' dir='ltr'>suscipio,</span> <span class='ocrx_word' id='word_1_532' title='bbox 679 3639 707 3684; x_wconf 89' lang='lat' dir='ltr'>et</span> <span class='ocrx_word' id='word_1_533' title='bbox 720 3631 838 3694; x_wconf 80' lang='lat' dir='ltr'>osculor.</span> <span class='ocrx_word' id='word_1_534' title='bbox 851 3641 877 3687; x_wconf 93' lang='lat' dir='ltr'>et</span> <span class='ocrx_word' id='word_1_535' title='bbox 891 3633 973 3689; x_wconf 90' lang='lat' dir='ltr'>adoro</span> <span class='ocrx_word' id='word_1_536' title='bbox 1023 3606 1149 3676; x_wconf 72' lang='lat' dir='ltr'>¹³⁰p¹¹¹¹¹¹¹¹</span> <span class='ocrx_word' id='word_1_537' title='bbox 1165 3607 1289 3661; x_wconf 52' lang='lat' dir='ltr'>inmun?</span> <span class='ocrx_word' id='word_1_538' title='bbox 1307 3608 1374 3662; x_wconf 62' lang='lat' dir='ltr'>cum</span> <span class='ocrx_word' id='word_1_539' title='bbox 1387 3608 1512 3664; x_wconf 55' lang='lat' dir='ltr'>Videlicet</span> <span class='ocrx_word' id='word_1_540' title='bbox 1526 3623 1596 3677; x_wconf 63' lang='lat'><strong>”⁰¹¹⁶</strong></span> <span class='ocrx_word' id='word_1_541' title='bbox 1610 3617 1685 3713; x_wconf 50' lang='grc' dir='ltr'>Ψ</span> <span class='ocrx_word' id='word_1_542' title='bbox 1698 3611 1811 3664; x_wconf 62' lang='lat' dir='ltr'><strong>mundus</strong></span> 
     </span>
     <span class='ocr_line' id='line_1_40' title="bbox 217 3694 1809 3770; baseline 0.006 -23"><span class='ocrx_word' id='word_1_543' title='bbox 217 3694 361 3764; x_wconf 89' lang='lat' dir='ltr'>imagines;</span> <span class='ocrx_word' id='word_1_544' title='bbox 380 3706 403 3749; x_wconf 83' lang='lat' dir='ltr'>et</span> <span class='ocrx_word' id='word_1_545' title='bbox 422 3707 478 3767; x_wconf 76' lang='lat' dir='ltr'>port</span> <span class='ocrx_word' id='word_1_546' title='bbox 496 3715 602 3767; x_wconf 81' lang='lat' dir='ltr'>proco:</span> <span class='ocrx_word' id='word_1_547' title='bbox 619 3698 669 3765; x_wconf 80' lang='lat' dir='ltr'>Qui</span> <span class='ocrx_word' id='word_1_548' title='bbox 689 3717 742 3755; x_wconf 85' lang='lat' dir='ltr'>uon</span> <span class='ocrx_word' id='word_1_549' title='bbox 762 3701 898 3757; x_wconf 81' lang='lat' dir='ltr'>instruunt</span> <span class='ocrx_word' id='word_1_550' title='bbox 912 3703 974 3757; x_wconf 81' lang='lat' dir='ltr'>dili·</span> <span class='ocrx_word' id='word_1_551' title='bbox 1022 3697 1121 3752; x_wconf 87' lang='lat' dir='ltr'>Christi</span> <span class='ocrx_word' id='word_1_552' title='bbox 1138 3698 1236 3767; x_wconf 92' lang='lat' dir='ltr'>populo</span> <span class='ocrx_word' id='word_1_553' title='bbox 1252 3699 1348 3768; x_wconf 91' lang='lat' dir='ltr'>plenus</span> <span class='ocrx_word' id='word_1_554' title='bbox 1362 3700 1417 3754; x_wconf 87' lang='lat' dir='ltr'>sit:</span> <span class='ocrx_word' id='word_1_555' title='bbox 1438 3701 1565 3770; x_wconf 90' lang='lat' dir='ltr'>quoniam</span> <span class='ocrx_word' id='word_1_556' title='bbox 1589 3702 1671 3757; x_wconf 79' lang='lat' dir='ltr'>desiit</span> <span class='ocrx_word' id='word_1_557' title='bbox 1692 3711 1809 3756; x_wconf 89' lang='lat' dir='ltr'>tantum·</span> 
     </span>
    </p>
   </div>
   <div class='ocr_carea' id='block_1_5' title="bbox 217 3766 1810 3856">
    <p class='ocr_par' dir='ltr' id='par_1_6' title="bbox 217 3766 1810 3856">
     <span class='ocr_line' id='line_1_41' title="bbox 217 3766 1810 3856; baseline 0.012 -39"><span class='ocrx_word' id='word_1_558' title='bbox 217 3774 311 3832; x_wconf 82' lang='lat' dir='ltr'>genter</span> <span class='ocrx_word' id='word_1_559' title='bbox 324 3780 431 3819; x_wconf 90' lang='lat' dir='ltr'>omnem</span> <span class='ocrx_word' id='word_1_560' title='bbox 446 3766 552 3821; x_wconf 87' lang='lat' dir='ltr'>Christo</span> <span class='ocrx_word' id='word_1_561' title='bbox 570 3768 696 3823; x_wconf 88' lang='lat' dir='ltr'>dilectum</span> <span class='ocrx_word' id='word_1_562' title='bbox 714 3772 840 3853; x_wconf 76' lang='lat' dir='ltr'>populum</span> <span class='ocrx_word' id='word_1_563' title='bbox 858 3773 972 3829; x_wconf 89' lang='lat' dir='ltr'>adorare</span> <span class='ocrx_word' id='word_1_564' title='bbox 1021 3787 1102 3843; x_wconf 70' lang='lat' dir='ltr'>modo</span> <span class='ocrx_word' id='word_1_565' title='bbox 1116 3788 1142 3843; x_wconf 74' lang='lat' dir='ltr'>jn</span> <span class='ocrx_word' id='word_1_566' title='bbox 1155 3787 1246 3844; x_wconf 61' lang='lat' dir='ltr'>tuum</span> <span class='ocrx_word' id='word_1_567' title='bbox 1262 3797 1341 3844; x_wconf 69' lang='lat' dir='ltr'>nouus</span> <span class='ocrx_word' id='word_1_568' title='bbox 1356 3806 1415 3846; x_wconf 65' lang='lat' dir='ltr'>esse</span> <span class='ocrx_word' id='word_1_569' title='bbox 1428 3791 1509 3856; x_wconf 63' lang='lat' dir='ltr'>neus,</span> <span class='ocrx_word' id='word_1_570' title='bbox 1523 3792 1570 3847; x_wconf 61' lang='lat' dir='ltr'>sed</span> <span class='ocrx_word' id='word_1_571' title='bbox 1592 3793 1619 3847; x_wconf 76' lang='lat' dir='ltr'>j„</span> <span class='ocrx_word' id='word_1_572' title='bbox 1633 3808 1741 3848; x_wconf 69' lang='lat' dir='ltr'>omnem</span> <span class='ocrx_word' id='word_1_573' title='bbox 1760 3803 1810 3848; x_wconf 63' lang='lat' dir='ltr'>ref.</span> 
     </span>
    </p>
   </div>
   <div class='ocr_carea' id='block_1_6' title="bbox 214 3838 1809 3978">
    <p class='ocr_par' dir='ltr' id='par_1_7' title="bbox 214 3838 1809 3978">
     <span class='ocr_line' id='line_1_42' title="bbox 214 3838 1809 3978; baseline 0.01 -56"><span class='ocrx_word' id='word_1_574' title='bbox 214 3838 971 3978; x_wconf 48' lang='grc' dir='ltr'>ἓιξέὣᾝῧῗῗξὲἑὲὶῗὶξὲἓ’ὲῖξὲἐὲὲὲᾗὶῗῖἶὲἒὲᾞῖ</span> <span class='ocrx_word' id='word_1_575' title='bbox 1021 3893 1079 3931; x_wconf 86' lang='lat' dir='ltr'>rant</span> <span class='ocrx_word' id='word_1_576' title='bbox 1093 3879 1175 3934; x_wconf 83' lang='lat' dir='ltr'>exirit</span> <span class='ocrx_word' id='word_1_577' title='bbox 1186 3895 1268 3935; x_wconf 90' lang='lat' dir='ltr'>sonus</span> <span class='ocrx_word' id='word_1_578' title='bbox 1282 3881 1482 3951; x_wconf 78' lang='lat' dir='ltr'>apostolorum,</span> <span class='ocrx_word' id='word_1_579' title='bbox 1502 3894 1530 3938; x_wconf 92' lang='lat' dir='ltr'>et</span> <span class='ocrx_word' id='word_1_580' title='bbox 1544 3884 1649 3954; x_wconf 85' lang='lat' dir='ltr'>repleta</span> <span class='ocrx_word' id='word_1_581' title='bbox 1664 3894 1708 3940; x_wconf 86' lang='lat' dir='ltr'>cst</span> <span class='ocrx_word' id='word_1_582' title='bbox 1724 3885 1809 3940; x_wconf 88' lang='lat' dir='ltr'>omnis</span> 
     </span>
    </p>
   </div>
   <div class='ocr_carea' id='block_1_7' title="bbox 179 3993 969 4347">
    <p class='ocr_par' dir='ltr' id='par_1_8' title="bbox 179 3993 969 4347">
     <span class='ocr_line' id='line_1_43' title="bbox 216 3993 969 4070; baseline 0.015 -23"><span class='ocrx_word' id='word_1_583' title='bbox 216 3993 344 4049; x_wconf 79' lang='lat' dir='ltr'>basilium</span> <span class='ocrx_word' id='word_1_584' title='bbox 360 3994 483 4051; x_wconf 86' lang='lat' dir='ltr'>duobirae</span> <span class='ocrx_word' id='word_1_585' title='bbox 494 3998 649 4069; x_wconf 90' lang='lat' dir='ltr'>episcopum</span> <span class='ocrx_word' id='word_1_586' title='bbox 663 4000 690 4053; x_wconf 92' lang='lat' dir='ltr'>in</span> <span class='ocrx_word' id='word_1_587' title='bbox 703 4000 841 4069; x_wconf 86' lang='lat' dir='ltr'>superiore</span> <span class='ocrx_word' id='word_1_588' title='bbox 853 4001 969 4070; x_wconf 90' lang='lat' dir='ltr'>capitulo</span> 
     </span>
     <span class='ocr_line' id='line_1_44' title="bbox 179 4086 968 4164; baseline 0.019 -27"><span class='ocrx_word' id='word_1_589' title='bbox 179 4086 346 4153; x_wconf 84' lang='lat' dir='ltr'>arguendum</span> <span class='ocrx_word' id='word_1_590' title='bbox 358 4097 431 4144; x_wconf 88' lang='lat' dir='ltr'>recte</span> <span class='ocrx_word' id='word_1_591' title='bbox 442 4092 618 4159; x_wconf 89' lang='lat' dir='ltr'>ostendimus,</span> <span class='ocrx_word' id='word_1_592' title='bbox 630 4095 744 4164; x_wconf 87' lang='lat' dir='ltr'>eoquod</span> <span class='ocrx_word' id='word_1_593' title='bbox 756 4111 811 4151; x_wconf 84' lang='lat' dir='ltr'>suae</span> <span class='ocrx_word' id='word_1_594' title='bbox 825 4094 886 4151; x_wconf 83' lang='lat' dir='ltr'>fidet</span> <span class='ocrx_word' id='word_1_595' title='bbox 895 4095 968 4164; x_wconf 82' lang='lat' dir='ltr'>jacto</span> 
     </span>
     <span class='ocr_line' id='line_1_45' title="bbox 179 4174 968 4258; baseline 0.022 -30"><span class='ocrx_word' id='word_1_596' title='bbox 179 4174 333 4233; x_wconf 88' lang='lat' dir='ltr'>fundamine</span> <span class='ocrx_word' id='word_1_597' title='bbox 352 4179 380 4233; x_wconf 91' lang='lat' dir='ltr'>in</span> <span class='ocrx_word' id='word_1_598' title='bbox 399 4181 512 4239; x_wconf 82' lang='lat' dir='ltr'>aedificio</span> <span class='ocrx_word' id='word_1_599' title='bbox 532 4192 586 4238; x_wconf 90' lang='lat' dir='ltr'>tam</span> <span class='ocrx_word' id='word_1_600' title='bbox 606 4185 762 4241; x_wconf 82' lang='lat' dir='ltr'>excellentis</span> <span class='ocrx_word' id='word_1_601' title='bbox 782 4188 903 4258; x_wconf 83' lang='lat' dir='ltr'>mysterii</span> <span class='ocrx_word' id='word_1_602' title='bbox 924 4204 968 4245; x_wconf 90' lang='lat' dir='ltr'>res</span> 
     </span>
     <span class='ocr_line' id='line_1_46' title="bbox 179 4265 967 4347; baseline 0.02 -29"><span class='ocrx_word' id='word_1_603' title='bbox 179 4265 256 4321; x_wconf 75' lang='lat' dir='ltr'>valde</span> <span class='ocrx_word' id='word_1_604' title='bbox 274 4271 442 4326; x_wconf 88' lang='lat' dir='ltr'>necessarias</span> <span class='ocrx_word' id='word_1_605' title='bbox 459 4273 673 4342; x_wconf 73' lang='lat' dir='ltr'>superaedificare</span> <span class='ocrx_word' id='word_1_606' title='bbox 690 4275 846 4347; x_wconf 84' lang='lat' dir='ltr'>neglexerit,</span> <span class='ocrx_word' id='word_1_607' title='bbox 864 4286 892 4331; x_wconf 89' lang='lat' dir='ltr'>et</span> <span class='ocrx_word' id='word_1_608' title='bbox 908 4279 967 4334; x_wconf 82' lang='lat' dir='ltr'>tice</span> 
     </span>
    </p>
   </div>
   <div class='ocr_carea' id='block_1_8' title="bbox 178 4358 1007 4434">
    <p class='ocr_par' dir='ltr' id='par_1_9' title="bbox 178 4358 1007 4434">
     <span class='ocr_line' id='line_1_47' title="bbox 178 4358 1007 4434; baseline 0.018 -27"><span class='ocrx_word' id='word_1_609' title='bbox 178 4367 271 4408; x_wconf 88' lang='lat' dir='ltr'>earum</span> <span class='ocrx_word' id='word_1_610' title='bbox 295 4371 339 4411; x_wconf 88' lang='lat' dir='ltr'>res</span> <span class='ocrx_word' id='word_1_611' title='bbox 359 4358 393 4412; x_wconf 91' lang='lat' dir='ltr'>ab</span> <span class='ocrx_word' id='word_1_612' title='bbox 413 4362 485 4415; x_wconf 91' lang='lat' dir='ltr'>omni</span> <span class='ocrx_word' id='word_1_613' title='bbox 510 4363 616 4431; x_wconf 88' lang='lat' dir='ltr'>penitus</span> <span class='ocrx_word' id='word_1_614' title='bbox 638 4364 773 4434; x_wconf 88' lang='lat' dir='ltr'>religionis</span> <span class='ocrx_word' id='word_1_615' title='bbox 793 4364 896 4421; x_wconf 89' lang='lat' dir='ltr'>fabrica</span> <span class='ocrx_word' id='word_1_616' title='bbox 919 4359 1007 4422; x_wconf 80' lang='lat' dir='ltr'>ah-1)</span> 
     </span>
    </p>
   </div>
   <div class='ocr_carea' id='block_1_9' title="bbox 177 4443 967 4618">
    <p class='ocr_par' dir='ltr' id='par_1_10' title="bbox 177 4443 967 4618">
     <span class='ocr_line' id='line_1_48' title="bbox 178 4443 967 4524; baseline 0.025 -29"><span class='ocrx_word' id='word_1_617' title='bbox 178 4443 297 4499; x_wconf 92' lang='lat' dir='ltr'>uueudas</span> <span class='ocrx_word' id='word_1_618' title='bbox 317 4449 530 4515; x_wconf 88' lang='lat' dir='ltr'>superaedificare</span> <span class='ocrx_word' id='word_1_619' title='bbox 547 4453 622 4508; x_wconf 90' lang='lat' dir='ltr'>uisus</span> <span class='ocrx_word' id='word_1_620' title='bbox 638 4453 674 4508; x_wconf 91' lang='lat' dir='ltr'>sit</span> <span class='ocrx_word' id='word_1_621' title='bbox 693 4471 700 4508; x_wconf 93' lang='lat'>:</span> <span class='ocrx_word' id='word_1_622' title='bbox 719 4454 886 4524; x_wconf 72' lang='lat' dir='ltr'>inpraesenti</span> <span class='ocrx_word' id='word_1_623' title='bbox 903 4471 967 4514; x_wconf 89' lang='lat' dir='ltr'>rero</span> 
     </span>
     <span class='ocr_line' id='line_1_49' title="bbox 177 4528 965 4618; baseline 0.029 -35"><span class='ocrx_word' id='word_1_624' title='bbox 177 4528 357 4589; x_wconf 84' lang='lat' dir='ltr'>Theodosium</span> <span class='ocrx_word' id='word_1_625' title='bbox 373 4536 465 4593; x_wconf 77' lang='lat' dir='ltr'>Amori</span> <span class='ocrx_word' id='word_1_626' title='bbox 480 4542 633 4613; x_wconf 89' lang='lat' dir='ltr'>episcopum</span> <span class='ocrx_word' id='word_1_627' title='bbox 645 4546 744 4602; x_wconf 90' lang='lat' dir='ltr'>rectius</span> <span class='ocrx_word' id='word_1_628' title='bbox 756 4550 965 4618; x_wconf 88' lang='lat' dir='ltr'>competentius-</span> 
     </span>
    </p>
   </div>
   <div class='ocr_carea' id='block_1_10' title="bbox 74 4626 966 4705">
    <p class='ocr_par' dir='ltr' id='par_1_11' title="bbox 74 4626 966 4705">
     <span class='ocr_line' id='line_1_50' title="bbox 74 4626 966 4705; baseline 0.03 -35"><span class='ocrx_word' id='word_1_629' title='bbox 74 4634 85 4647; x_wconf 92' lang='lat'><strong>·</strong></span> <span class='ocrx_word' id='word_1_630' title='bbox 176 4635 230 4690; x_wconf 91' lang='lat' dir='ltr'>que</span> <span class='ocrx_word' id='word_1_631' title='bbox 247 4626 411 4692; x_wconf 86' lang='lat' dir='ltr'>arguendum</span> <span class='ocrx_word' id='word_1_632' title='bbox 428 4632 606 4701; x_wconf 87' lang='lat' dir='ltr'>decernimus,</span> <span class='ocrx_word' id='word_1_633' title='bbox 619 4636 675 4705; x_wconf 89' lang='lat' dir='ltr'>qui,</span> <span class='ocrx_word' id='word_1_634' title='bbox 695 4636 768 4692; x_wconf 91' lang='lat' dir='ltr'>nullo</span> <span class='ocrx_word' id='word_1_635' title='bbox 787 4654 842 4694; x_wconf 80' lang='lat' dir='ltr'>sum</span> <span class='ocrx_word' id='word_1_636' title='bbox 859 4639 920 4696; x_wconf 86' lang='lat' dir='ltr'>fidei</span> <span class='ocrx_word' id='word_1_637' title='bbox 939 4642 966 4695; x_wconf 91' lang='lat' dir='ltr'>in</span> 
     </span>
    </p>
   </div>
   <div class='ocr_carea' id='block_1_11' title="bbox 170 4710 965 5254">
    <p class='ocr_par' dir='ltr' id='par_1_12' title="bbox 170 4710 965 5254">
     <span class='ocr_line' id='line_1_51' title="bbox 176 4710 965 4791; baseline 0.028 -27"><span class='ocrx_word' id='word_1_638' title='bbox 176 4710 288 4780; x_wconf 71' lang='lat' dir='ltr'>praefata</span> <span class='ocrx_word' id='word_1_639' title='bbox 303 4716 405 4784; x_wconf 87' lang='lat' dir='ltr'>synodo</span> <span class='ocrx_word' id='word_1_640' title='bbox 416 4719 504 4786; x_wconf 90' lang='lat' dir='ltr'>posito</span> <span class='ocrx_word' id='word_1_641' title='bbox 519 4720 701 4791; x_wconf 89' lang='lat' dir='ltr'>fundamento,</span> <span class='ocrx_word' id='word_1_642' title='bbox 723 4742 767 4783; x_wconf 91' lang='lat' dir='ltr'>res</span> <span class='ocrx_word' id='word_1_643' title='bbox 785 4737 888 4784; x_wconf 90' lang='lat' dir='ltr'>tantum</span> <span class='ocrx_word' id='word_1_644' title='bbox 908 4730 965 4785; x_wconf 90' lang='lat' dir='ltr'>ina-</span> 
     </span>
     <span class='ocr_line' id='line_1_52' title="bbox 175 4805 964 4877; baseline 0.028 -22"><span class='ocrx_word' id='word_1_645' title='bbox 175 4817 225 4857; x_wconf 92' lang='lat' dir='ltr'>nes</span> <span class='ocrx_word' id='word_1_646' title='bbox 248 4811 275 4858; x_wconf 90' lang='lat' dir='ltr'>et</span> <span class='ocrx_word' id='word_1_647' title='bbox 296 4805 399 4862; x_wconf 88' lang='lat' dir='ltr'>ratione</span> <span class='ocrx_word' id='word_1_648' title='bbox 420 4810 538 4867; x_wconf 91' lang='lat' dir='ltr'>seclusas</span> <span class='ocrx_word' id='word_1_649' title='bbox 561 4813 675 4870; x_wconf 88' lang='lat' dir='ltr'>inaniter</span> <span class='ocrx_word' id='word_1_650' title='bbox 697 4824 724 4872; x_wconf 89' lang='lat' dir='ltr'>et</span> <span class='ocrx_word' id='word_1_651' title='bbox 745 4818 964 4877; x_wconf 89' lang='lat' dir='ltr'>irrationabiliter</span> 
     </span>
     <span class='ocr_line' id='line_1_53' title="bbox 172 4892 963 4980; baseline 0.024 -32"><span class='ocrx_word' id='word_1_652' title='bbox 172 4892 309 4949; x_wconf 76' lang='lat' dir='ltr'>aedificare</span> <span class='ocrx_word' id='word_1_653' title='bbox 330 4897 421 4966; x_wconf 78' lang='lat' dir='ltr'>erepit.</span> <span class='ocrx_word' id='word_1_654' title='bbox 438 4900 465 4954; x_wconf 91' lang='lat' dir='ltr'>ln</span> <span class='ocrx_word' id='word_1_655' title='bbox 488 4902 559 4959; x_wconf 91' lang='lat' dir='ltr'>illius</span> <span class='ocrx_word' id='word_1_656' title='bbox 579 4906 650 4960; x_wconf 88' lang='lat' dir='ltr'>enim</span> <span class='ocrx_word' id='word_1_657' title='bbox 669 4905 781 4963; x_wconf 78' lang='lat' dir='ltr'>edificio</span> <span class='ocrx_word' id='word_1_658' title='bbox 802 4910 824 4965; x_wconf 91' lang='lat' dir='ltr'>si</span> <span class='ocrx_word' id='word_1_659' title='bbox 846 4909 872 4965; x_wconf 95' lang='lat' dir='ltr'>id</span> <span class='ocrx_word' id='word_1_660' title='bbox 893 4913 963 4980; x_wconf 91' lang='lat' dir='ltr'>quod</span> 
     </span>
     <span class='ocr_line' id='line_1_54' title="bbox 175 4982 964 5072; baseline 0.029 -36"><span class='ocrx_word' id='word_1_661' title='bbox 175 4982 292 5039; x_wconf 89' lang='lat' dir='ltr'>inaniter</span> <span class='ocrx_word' id='word_1_662' title='bbox 314 4990 431 5042; x_wconf 81' lang='lat' dir='ltr'>surrexit</span> <span class='ocrx_word' id='word_1_663' title='bbox 454 4991 603 5063; x_wconf 81' lang='lat' dir='ltr'>dejiciatur,</span> <span class='ocrx_word' id='word_1_664' title='bbox 628 4998 722 5054; x_wconf 88' lang='lat' dir='ltr'>saltem</span> <span class='ocrx_word' id='word_1_665' title='bbox 746 5000 773 5055; x_wconf 92' lang='lat' dir='ltr'>id</span> <span class='ocrx_word' id='word_1_666' title='bbox 800 5003 871 5072; x_wconf 91' lang='lat' dir='ltr'>quod</span> <span class='ocrx_word' id='word_1_667' title='bbox 895 5004 964 5059; x_wconf 88' lang='lat' dir='ltr'>boue</span> 
     </span>
     <span class='ocr_line' id='line_1_55' title="bbox 174 5070 963 5151; baseline 0.032 -26"><span class='ocrx_word' id='word_1_668' title='bbox 174 5070 314 5129; x_wconf 89' lang='lat' dir='ltr'>fundatum</span> <span class='ocrx_word' id='word_1_669' title='bbox 336 5085 377 5132; x_wconf 87' lang='lat' dir='ltr'>cst</span> <span class='ocrx_word' id='word_1_670' title='bbox 401 5086 566 5151; x_wconf 88' lang='lat' dir='ltr'>remanebit;</span> <span class='ocrx_word' id='word_1_671' title='bbox 595 5087 623 5142; x_wconf 92' lang='lat' dir='ltr'>iu</span> <span class='ocrx_word' id='word_1_672' title='bbox 647 5089 725 5147; x_wconf 87' lang='lat' dir='ltr'>istius</span> <span class='ocrx_word' id='word_1_673' title='bbox 746 5107 809 5148; x_wconf 77' lang='lat' dir='ltr'>nero</span> <span class='ocrx_word' id='word_1_674' title='bbox 833 5094 856 5149; x_wconf 92' lang='lat' dir='ltr'>si</span> <span class='ocrx_word' id='word_1_675' title='bbox 883 5110 963 5150; x_wconf 87' lang='lat' dir='ltr'>omae</span> 
     </span>
     <span class='ocr_line' id='line_1_56' title="bbox 170 5165 963 5254; baseline 0.03 -36"><span class='ocrx_word' id='word_1_676' title='bbox 170 5165 244 5235; x_wconf 86' lang='lat' dir='ltr'>quod</span> <span class='ocrx_word' id='word_1_677' title='bbox 260 5167 381 5223; x_wconf 89' lang='lat' dir='ltr'>inuncet</span> <span class='ocrx_word' id='word_1_678' title='bbox 399 5170 523 5227; x_wconf 87' lang='lat' dir='ltr'>frivolum</span> <span class='ocrx_word' id='word_1_679' title='bbox 537 5184 579 5232; x_wconf 90' lang='lat' dir='ltr'>est</span> <span class='ocrx_word' id='word_1_680' title='bbox 592 5178 758 5246; x_wconf 88' lang='lat' dir='ltr'>destituatur,</span> <span class='ocrx_word' id='word_1_681' title='bbox 777 5183 814 5238; x_wconf 92' lang='lat' dir='ltr'>nil</span> <span class='ocrx_word' id='word_1_682' title='bbox 833 5186 903 5254; x_wconf 94' lang='lat' dir='ltr'>quod</span> <span class='ocrx_word' id='word_1_683' title='bbox 920 5199 963 5241; x_wconf 84' lang='lat' dir='ltr'>re·</span> 
     </span>
    </p>
   </div>
   <div class='ocr_carea' id='block_1_12' title="bbox 169 5256 961 5708">
    <p class='ocr_par' dir='ltr' id='par_1_13' title="bbox 169 5256 961 5708">
     <span class='ocr_line' id='line_1_57' title="bbox 172 5256 961 5344; baseline 0.033 -38"><span class='ocrx_word' id='word_1_684' title='bbox 172 5263 279 5309; x_wconf 86' lang='lat' dir='ltr'>maneat</span> <span class='ocrx_word' id='word_1_685' title='bbox 291 5256 344 5310; x_wconf 88' lang='lat' dir='ltr'>erit</span> <span class='ocrx_word' id='word_1_686' title='bbox 357 5275 363 5310; x_wconf 75' lang='grc' dir='ltr'><strong><em>ε</em></strong></span> <span class='ocrx_word' id='word_1_687' title='bbox 376 5258 398 5313; x_wconf 93' lang='lat' dir='ltr'>si</span> <span class='ocrx_word' id='word_1_688' title='bbox 410 5274 475 5330; x_wconf 87' lang='lat' dir='ltr'>ergo</span> <span class='ocrx_word' id='word_1_689' title='bbox 487 5261 524 5317; x_wconf 93' lang='lat' dir='ltr'>illi</span> <span class='ocrx_word' id='word_1_690' title='bbox 538 5274 610 5321; x_wconf 83' lang='lat' dir='ltr'>recte</span> <span class='ocrx_word' id='word_1_691' title='bbox 620 5280 793 5328; x_wconf 89' lang='lat' dir='ltr'>succensetur</span> <span class='ocrx_word' id='word_1_692' title='bbox 803 5276 849 5344; x_wconf 89' lang='lat' dir='ltr'>qui</span> <span class='ocrx_word' id='word_1_693' title='bbox 861 5284 961 5332; x_wconf 77' lang='lat' dir='ltr'>sancte</span> 
     </span>
     <span class='ocr_line' id='line_1_58' title="bbox 169 5345 961 5432; baseline 0.032 -35"><span class='ocrx_word' id='word_1_694' title='bbox 169 5351 198 5397; x_wconf 84' lang='lat' dir='ltr'>et</span> <span class='ocrx_word' id='word_1_695' title='bbox 217 5345 304 5402; x_wconf 79' lang='lat' dir='ltr'>unicae</span> <span class='ocrx_word' id='word_1_696' title='bbox 319 5346 459 5405; x_wconf 86' lang='lat' dir='ltr'>Trinitatis</span> <span class='ocrx_word' id='word_1_697' title='bbox 475 5353 636 5411; x_wconf 87' lang='lat' dir='ltr'>confessioni</span> <span class='ocrx_word' id='word_1_698' title='bbox 658 5359 803 5432; x_wconf 91' lang='lat' dir='ltr'>imaginum</span> <span class='ocrx_word' id='word_1_699' title='bbox 826 5365 961 5420; x_wconf 89' lang='lat' dir='ltr'>adoratio-</span> 
     </span>
     <span class='ocr_line' id='line_1_59' title="bbox 170 5433 959 5525; baseline 0.035 -42"><span class='ocrx_word' id='word_1_700' title='bbox 170 5444 231 5485; x_wconf 87' lang='lat' dir='ltr'>nem</span> <span class='ocrx_word' id='word_1_701' title='bbox 246 5433 367 5500; x_wconf 90' lang='lat' dir='ltr'>iuseruit,</span> <span class='ocrx_word' id='word_1_702' title='bbox 389 5439 474 5495; x_wconf 88' lang='lat' dir='ltr'>multo</span> <span class='ocrx_word' id='word_1_703' title='bbox 491 5444 589 5499; x_wconf 83' lang='lat' dir='ltr'>rectius</span> <span class='ocrx_word' id='word_1_704' title='bbox 609 5446 673 5503; x_wconf 90' lang='lat' dir='ltr'>huic</span> <span class='ocrx_word' id='word_1_705' title='bbox 690 5453 892 5508; x_wconf 88' lang='lat' dir='ltr'>succensebitur</span> <span class='ocrx_word' id='word_1_706' title='bbox 913 5456 959 5525; x_wconf 88' lang='lat' dir='ltr'>qui</span> 
     </span>
     <span class='ocr_line' id='line_1_60' title="bbox 169 5517 959 5613; baseline 0.035 -41"><span class='ocrx_word' id='word_1_707' title='bbox 169 5517 241 5575; x_wconf 91' lang='lat' dir='ltr'>illius</span> <span class='ocrx_word' id='word_1_708' title='bbox 255 5526 352 5579; x_wconf 91' lang='lat' dir='ltr'>summi</span> <span class='ocrx_word' id='word_1_709' title='bbox 370 5535 397 5581; x_wconf 93' lang='lat' dir='ltr'>et</span> <span class='ocrx_word' id='word_1_710' title='bbox 412 5528 553 5587; x_wconf 86' lang='lat' dir='ltr'>ineffabilis</span> <span class='ocrx_word' id='word_1_711' title='bbox 567 5537 686 5605; x_wconf 83' lang='lat' dir='ltr'>mysterii</span> <span class='ocrx_word' id='word_1_712' title='bbox 701 5527 869 5599; x_wconf 89' lang='lat' dir='ltr'>confessione</span> <span class='ocrx_word' id='word_1_713' title='bbox 882 5552 959 5613; x_wconf 89' lang='lat' dir='ltr'>post·</span> 
     </span>
     <span class='ocr_line' id='line_1_61' title="bbox 170 5611 960 5708; baseline 0.039 -46"><span class='ocrx_word' id='word_1_714' title='bbox 170 5611 266 5681; x_wconf 89' lang='lat' dir='ltr'>posita,</span> <span class='ocrx_word' id='word_1_715' title='bbox 281 5615 313 5669; x_wconf 89' lang='lat' dir='ltr'>dc</span> <span class='ocrx_word' id='word_1_716' title='bbox 326 5617 431 5673; x_wconf 91' lang='lat' dir='ltr'>illarum</span> <span class='ocrx_word' id='word_1_717' title='bbox 445 5621 601 5681; x_wconf 89' lang='lat' dir='ltr'>adoratione</span> <span class='ocrx_word' id='word_1_718' title='bbox 616 5624 710 5686; x_wconf 81' lang='lat' dir='ltr'>trtrota</span> <span class='ocrx_word' id='word_1_719' title='bbox 724 5633 886 5708; x_wconf 71' lang='lat' dir='ltr'>nescioquo}</span> <span class='ocrx_word' id='word_1_720' title='bbox 901 5643 960 5692; x_wconf 89' lang='lat' dir='ltr'>tan·</span> 
     </span>
    </p>
   </div>
   <div class='ocr_carea' id='block_1_13' title="bbox 1010 3968 1808 5605">
    <p class='ocr_par' dir='ltr' id='par_1_14' title="bbox 1010 3968 1808 5605">
     <span class='ocr_line' id='line_1_62' title="bbox 1020 3968 1808 4043; baseline 0.013 -23"><span class='ocrx_word' id='word_1_721' title='bbox 1020 3974 1091 4021; x_wconf 90' lang='lat' dir='ltr'>terra</span> <span class='ocrx_word' id='word_1_722' title='bbox 1109 3968 1193 4039; x_wconf 83' lang='lat' dir='ltr'>gloria</span> <span class='ocrx_word' id='word_1_723' title='bbox 1208 3970 1323 4034; x_wconf 85' lang='lat' dir='ltr'>Domini,</span> <span class='ocrx_word' id='word_1_724' title='bbox 1334 3978 1362 4026; x_wconf 91' lang='lat' dir='ltr'>et</span> <span class='ocrx_word' id='word_1_725' title='bbox 1373 3987 1467 4028; x_wconf 91' lang='lat' dir='ltr'>omnes</span> <span class='ocrx_word' id='word_1_726' title='bbox 1477 3982 1571 4043; x_wconf 90' lang='lat' dir='ltr'>gentes</span> <span class='ocrx_word' id='word_1_727' title='bbox 1592 3975 1706 4030; x_wconf 79' lang='lat' dir='ltr'>veniunt</span> <span class='ocrx_word' id='word_1_728' title='bbox 1719 3984 1746 4030; x_wconf 91' lang='lat' dir='ltr'>ct</span> <span class='ocrx_word' id='word_1_729' title='bbox 1767 3975 1808 4029; x_wconf 83' lang='lat' dir='ltr'>ad</span> 
     </span>
     <span class='ocr_line' id='line_1_63' title="bbox 1019 4061 1808 4130; baseline 0.008 -18"><span class='ocrx_word' id='word_1_730' title='bbox 1019 4069 1099 4112; x_wconf 90' lang='lat' dir='ltr'>orant</span> <span class='ocrx_word' id='word_1_731' title='bbox 1112 4061 1138 4114; x_wconf 89' lang='lat' dir='ltr'>in</span> <span class='ocrx_word' id='word_1_732' title='bbox 1150 4069 1293 4130; x_wconf 87' lang='lat' dir='ltr'>conspeetu</span> <span class='ocrx_word' id='word_1_733' title='bbox 1301 4061 1646 4130; x_wconf 81' lang='lat' dir='ltr'>Domini‚juttabfalacbiae</span> <span class='ocrx_word' id='word_1_734' title='bbox 1654 4065 1808 4120; x_wconf 82' lang='lat' dir='ltr'>vaticinium</span> 
     </span>
     <span class='ocr_line' id='line_1_64' title="bbox 1019 4146 1808 4225; baseline 0.008 -24"><span class='ocrx_word' id='word_1_735' title='bbox 1019 4146 1047 4201; x_wconf 93' lang='lat' dir='ltr'>in</span> <span class='ocrx_word' id='word_1_736' title='bbox 1057 4149 1250 4204; x_wconf 79' lang='lat' dir='ltr'>t&#39;erhoDoruini</span> <span class='ocrx_word' id='word_1_737' title='bbox 1264 4151 1388 4217; x_wconf 87' lang='lat' dir='ltr'>dicentis,</span> <span class='ocrx_word' id='word_1_738' title='bbox 1400 4152 1439 4206; x_wconf 81' lang='lat' dir='ltr'>dt</span> <span class='ocrx_word' id='word_1_739' title='bbox 1450 4163 1509 4207; x_wconf 83' lang='lat' dir='ltr'>ortu</span> <span class='ocrx_word' id='word_1_740' title='bbox 1519 4153 1584 4208; x_wconf 79' lang='lat' dir='ltr'>solis</span> <span class='ocrx_word' id='word_1_741' title='bbox 1597 4171 1681 4225; x_wconf 74' lang='lat' dir='ltr'>usqae</span> <span class='ocrx_word' id='word_1_742' title='bbox 1692 4155 1726 4209; x_wconf 86' lang='lat' dir='ltr'>ad</span> <span class='ocrx_word' id='word_1_743' title='bbox 1737 4171 1808 4208; x_wconf 79' lang='lat' dir='ltr'>occa·</span> 
     </span>
     <span class='ocr_line' id='line_1_65' title="bbox 1017 4241 1807 4312; baseline 0.01 -22"><span class='ocrx_word' id='word_1_744' title='bbox 1017 4253 1076 4290; x_wconf 85' lang='lat' dir='ltr'>attm</span> <span class='ocrx_word' id='word_1_745' title='bbox 1089 4253 1211 4308; x_wconf 80' lang='lat' dir='ltr'>magnum</span> <span class='ocrx_word' id='word_1_746' title='bbox 1226 4249 1264 4292; x_wconf 85' lang='lat' dir='ltr'>eat</span> <span class='ocrx_word' id='word_1_747' title='bbox 1279 4257 1372 4295; x_wconf 87' lang='lat' dir='ltr'>nomen</span> <span class='ocrx_word' id='word_1_748' title='bbox 1384 4257 1469 4295; x_wconf 83' lang='lat' dir='ltr'>meum</span> <span class='ocrx_word' id='word_1_749' title='bbox 1479 4242 1507 4296; x_wconf 88' lang='lat' dir='ltr'>in</span> <span class='ocrx_word' id='word_1_750' title='bbox 1520 4242 1651 4312; x_wconf 73' lang='lat' dir='ltr'>gentibus,</span> <span class='ocrx_word' id='word_1_751' title='bbox 1666 4253 1690 4298; x_wconf 82' lang='lat' dir='ltr'>et</span> <span class='ocrx_word' id='word_1_752' title='bbox 1702 4246 1729 4297; x_wconf 85' lang='lat' dir='ltr'>in</span> <span class='ocrx_word' id='word_1_753' title='bbox 1741 4241 1807 4298; x_wconf 73' lang='lat' dir='ltr'>oratii</span> 
     </span>
     <span class='ocr_line' id='line_1_66' title="bbox 1019 4323 1804 4404; baseline 0.006 -26"><span class='ocrx_word' id='word_1_754' title='bbox 1019 4323 1075 4379; x_wconf 88' lang='lat' dir='ltr'>loco</span> <span class='ocrx_word' id='word_1_755' title='bbox 1085 4326 1278 4396; x_wconf 80' lang='lat' dir='ltr'>sacrificaturet</span> <span class='ocrx_word' id='word_1_756' title='bbox 1286 4330 1465 4398; x_wconf 70' lang='lat' dir='ltr'>offerturmihi</span> <span class='ocrx_word' id='word_1_757' title='bbox 1477 4330 1671 4385; x_wconf 82' lang='lat' dir='ltr'>hostiamsndu</span> <span class='ocrx_word' id='word_1_758' title='bbox 1680 4330 1804 4404; x_wconf 79' lang='lat' dir='ltr'>(fdofacfr.</span> 
     </span>
     <span class='ocr_line' id='line_1_67' title="bbox 1019 4414 1805 4488; baseline 0.009 -21"><span class='ocrx_word' id='word_1_759' title='bbox 1019 4414 1062 4486; x_wconf 87' lang='grc' dir='ltr'><strong>ιι),</strong></span> <span class='ocrx_word' id='word_1_760' title='bbox 1077 4421 1103 4470; x_wconf 92' lang='lat' dir='ltr'>et</span> <span class='ocrx_word' id='word_1_761' title='bbox 1113 4423 1204 4484; x_wconf 90' lang='lat' dir='ltr'>pastor</span> <span class='ocrx_word' id='word_1_762' title='bbox 1212 4417 1352 4483; x_wconf 78' lang='lat' dir='ltr'>Ecclesiae,</span> <span class='ocrx_word' id='word_1_763' title='bbox 1365 4419 1409 4474; x_wconf 89' lang='lat' dir='ltr'>cui</span> <span class='ocrx_word' id='word_1_764' title='bbox 1419 4420 1445 4472; x_wconf 91' lang='lat' dir='ltr'>in</span> <span class='ocrx_word' id='word_1_765' title='bbox 1459 4418 1544 4488; x_wconf 89' lang='lat' dir='ltr'>ligura</span> <span class='ocrx_word' id='word_1_766' title='bbox 1556 4420 1624 4475; x_wconf 88' lang='lat' dir='ltr'>disci</span> <span class='ocrx_word' id='word_1_767' title='bbox 1641 4421 1805 4477; x_wconf 82' lang='lat' dir='ltr'>diversorum</span> 
     </span>
     <span class='ocr_line' id='line_1_68' title="bbox 1018 4505 1804 4582; baseline 0.011 -24"><span class='ocrx_word' id='word_1_768' title='bbox 1018 4505 1195 4560; x_wconf 89' lang='lat' dir='ltr'>animantium</span> <span class='ocrx_word' id='word_1_769' title='bbox 1208 4508 1352 4577; x_wconf 89' lang='lat' dir='ltr'>generibus</span> <span class='ocrx_word' id='word_1_770' title='bbox 1362 4508 1432 4579; x_wconf 90' lang='lat' dir='ltr'>pleni</span> <span class='ocrx_word' id='word_1_771' title='bbox 1446 4517 1518 4564; x_wconf 86' lang='lat' dir='ltr'>totus</span> <span class='ocrx_word' id='word_1_772' title='bbox 1528 4510 1603 4564; x_wconf 89' lang='lat' dir='ltr'>orbis</span> <span class='ocrx_word' id='word_1_773' title='bbox 1617 4511 1736 4566; x_wconf 81' lang='lat' dir='ltr'>dirersis</span> <span class='ocrx_word' id='word_1_774' title='bbox 1745 4527 1804 4582; x_wconf 78' lang='lat' dir='ltr'>gru·</span> 
     </span>
     <span class='ocr_line' id='line_1_69' title="bbox 1017 4592 1804 4668; baseline 0.01 -21"><span class='ocrx_word' id='word_1_775' title='bbox 1017 4592 1090 4648; x_wconf 91' lang='lat' dir='ltr'>tibus</span> <span class='ocrx_word' id='word_1_776' title='bbox 1108 4594 1203 4663; x_wconf 89' lang='lat' dir='ltr'>plenus</span> <span class='ocrx_word' id='word_1_777' title='bbox 1221 4597 1254 4651; x_wconf 92' lang='lat' dir='ltr'>ad</span> <span class='ocrx_word' id='word_1_778' title='bbox 1278 4597 1325 4652; x_wconf 85' lang='lat' dir='ltr'>Dei</span> <span class='ocrx_word' id='word_1_779' title='bbox 1344 4599 1458 4668; x_wconf 89' lang='lat' dir='ltr'>gratiam</span> <span class='ocrx_word' id='word_1_780' title='bbox 1478 4599 1614 4654; x_wconf 78' lang='lat' dir='ltr'>vocandus</span> <span class='ocrx_word' id='word_1_781' title='bbox 1639 4602 1804 4664; x_wconf 87' lang='lat' dir='ltr'>ostenditur,</span> 
     </span>
     <span class='ocr_line' id='line_1_70' title="bbox 1016 4680 1805 4760; baseline 0.011 -25"><span class='ocrx_word' id='word_1_782' title='bbox 1016 4680 1081 4736; x_wconf 89' lang='lat' dir='ltr'>dicit</span> <span class='ocrx_word' id='word_1_783' title='bbox 1093 4682 1141 4736; x_wconf 85' lang='lat' dir='ltr'>:fn</span> <span class='ocrx_word' id='word_1_784' title='bbox 1150 4685 1256 4739; x_wconf 83' lang='lat' dir='ltr'>ueritate</span> <span class='ocrx_word' id='word_1_785' title='bbox 1267 4687 1379 4757; x_wconf 81' lang='lat' dir='ltr'>comperi</span> <span class='ocrx_word' id='word_1_786' title='bbox 1389 4702 1513 4756; x_wconf 79' lang='lat' dir='ltr'>quorsom</span> <span class='ocrx_word' id='word_1_787' title='bbox 1523 4703 1576 4742; x_wconf 87' lang='lat' dir='ltr'>non</span> <span class='ocrx_word' id='word_1_788' title='bbox 1587 4699 1626 4742; x_wconf 82' lang='lat' dir='ltr'>est</span> <span class='ocrx_word' id='word_1_789' title='bbox 1635 4707 1805 4760; x_wconf 72' lang='lat' dir='ltr'>personarunt</span> 
     </span>
     <span class='ocr_line' id='line_1_71' title="bbox 1016 4772 1806 4848; baseline 0.01 -23"><span class='ocrx_word' id='word_1_790' title='bbox 1016 4781 1135 4843; x_wconf 80' lang='lat' dir='ltr'>arreptor</span> <span class='ocrx_word' id='word_1_791' title='bbox 1145 4772 1225 4838; x_wconf 80' lang='lat' dir='ltr'>Deua,</span> <span class='ocrx_word' id='word_1_792' title='bbox 1240 4775 1284 4828; x_wconf 80' lang='lat' dir='ltr'>aad</span> <span class='ocrx_word' id='word_1_793' title='bbox 1296 4775 1324 4828; x_wconf 87' lang='lat' dir='ltr'>in</span> <span class='ocrx_word' id='word_1_794' title='bbox 1337 4776 1407 4828; x_wconf 85' lang='lat' dir='ltr'>omni</span> <span class='ocrx_word' id='word_1_795' title='bbox 1415 4785 1488 4846; x_wconf 83' lang='lat' dir='ltr'>gente</span> <span class='ocrx_word' id='word_1_796' title='bbox 1497 4779 1542 4847; x_wconf 86' lang='lat' dir='ltr'>qtti</span> <span class='ocrx_word' id='word_1_797' title='bbox 1554 4778 1628 4831; x_wconf 80' lang='lat' dir='ltr'>timet</span> <span class='ocrx_word' id='word_1_798' title='bbox 1641 4794 1702 4832; x_wconf 82' lang='lat' dir='ltr'>eum</span> <span class='ocrx_word' id='word_1_799' title='bbox 1712 4787 1736 4832; x_wconf 84' lang='lat' dir='ltr'>et</span> <span class='ocrx_word' id='word_1_800' title='bbox 1748 4793 1806 4848; x_wconf 78' lang='lat' dir='ltr'>ope-</span> 
     </span>
     <span class='ocr_line' id='line_1_72' title="bbox 1016 4863 1805 4938; baseline 0.01 -23"><span class='ocrx_word' id='word_1_801' title='bbox 1016 4873 1090 4916; x_wconf 83' lang='lat' dir='ltr'>ratur</span> <span class='ocrx_word' id='word_1_802' title='bbox 1102 4863 1245 4934; x_wconf 77' lang='lat' dir='ltr'>justitium,</span> <span class='ocrx_word' id='word_1_803' title='bbox 1260 4875 1379 4935; x_wconf 79' lang='lat' dir='ltr'>acceptor</span> <span class='ocrx_word' id='word_1_804' title='bbox 1396 4874 1433 4920; x_wconf 83' lang='lat' dir='ltr'>ert</span> <span class='ocrx_word' id='word_1_805' title='bbox 1445 4864 1484 4921; x_wconf 84' lang='lat' dir='ltr'>tttt</span> <span class='ocrx_word' id='word_1_806' title='bbox 1498 4866 1567 4938; x_wconf 78' lang='lat' dir='ltr'>(dcl.</span> <span class='ocrx_word' id='word_1_807' title='bbox 1582 4867 1620 4938; x_wconf 80' lang='lat' dir='ltr'>x).</span> <span class='ocrx_word' id='word_1_808' title='bbox 1643 4867 1712 4923; x_wconf 84' lang='lat' dir='ltr'>Nam</span> <span class='ocrx_word' id='word_1_809' title='bbox 1723 4869 1748 4922; x_wconf 87' lang='lat' dir='ltr'>si</span> <span class='ocrx_word' id='word_1_810' title='bbox 1765 4884 1805 4924; x_wconf 83' lang='lat' dir='ltr'>sc·</span> 
     </span>
     <span class='ocr_line' id='line_1_73' title="bbox 1015 4955 1804 5030; baseline 0.006 -21"><span class='ocrx_word' id='word_1_811' title='bbox 1015 4955 1131 5009; x_wconf 87' lang='lat' dir='ltr'>cundum</span> <span class='ocrx_word' id='word_1_812' title='bbox 1143 4955 1201 5024; x_wconf 84' lang='lat' dir='ltr'>ejus</span> <span class='ocrx_word' id='word_1_813' title='bbox 1211 4956 1416 5014; x_wconf 89' lang='lat' dir='ltr'>deliramentum</span> <span class='ocrx_word' id='word_1_814' title='bbox 1428 4959 1582 5030; x_wconf 86' lang='lat' dir='ltr'>quicunque</span> <span class='ocrx_word' id='word_1_815' title='bbox 1595 4977 1651 5016; x_wconf 90' lang='lat' dir='ltr'>uon</span> <span class='ocrx_word' id='word_1_816' title='bbox 1666 4963 1804 5017; x_wconf 85' lang='lat' dir='ltr'>instruunt</span> 
     </span>
     <span class='ocr_line' id='line_1_74' title="bbox 1014 5047 1803 5126; baseline 0.01 -25"><span class='ocrx_word' id='word_1_817' title='bbox 1014 5060 1122 5101; x_wconf 79' lang='lat' dir='ltr'>onlnem</span> <span class='ocrx_word' id='word_1_818' title='bbox 1133 5047 1239 5101; x_wconf 83' lang='lat' dir='ltr'>Christo</span> <span class='ocrx_word' id='word_1_819' title='bbox 1254 5047 1379 5104; x_wconf 90' lang='lat' dir='ltr'>dilectum</span> <span class='ocrx_word' id='word_1_820' title='bbox 1392 5051 1530 5121; x_wconf 86' lang='lat' dir='ltr'>populum,</span> <span class='ocrx_word' id='word_1_821' title='bbox 1545 5054 1720 5109; x_wconf 85' lang='lat' dir='ltr'>anathemate</span> <span class='ocrx_word' id='word_1_822' title='bbox 1731 5053 1803 5126; x_wconf 86' lang='lat' dir='ltr'>digni</span> 
     </span>
     <span class='ocr_line' id='line_1_75' title="bbox 1014 5140 1804 5216; baseline 0.013 -26"><span class='ocrx_word' id='word_1_823' title='bbox 1014 5145 1086 5204; x_wconf 88' lang='lat' dir='ltr'>snnt,</span> <span class='ocrx_word' id='word_1_824' title='bbox 1100 5152 1188 5208; x_wconf 89' lang='lat' dir='ltr'>neque</span> <span class='ocrx_word' id='word_1_825' title='bbox 1206 5140 1262 5208; x_wconf 92' lang='lat' dir='ltr'>ipsc</span> <span class='ocrx_word' id='word_1_826' title='bbox 1279 5140 1361 5207; x_wconf 91' lang='lat' dir='ltr'>idem,</span> <span class='ocrx_word' id='word_1_827' title='bbox 1381 5156 1468 5212; x_wconf 89' lang='lat' dir='ltr'>neque</span> <span class='ocrx_word' id='word_1_828' title='bbox 1481 5144 1635 5215; x_wconf 85' lang='lat' dir='ltr'>coepiscopi</span> <span class='ocrx_word' id='word_1_829' title='bbox 1655 5146 1702 5216; x_wconf 91' lang='lat' dir='ltr'>qui</span> <span class='ocrx_word' id='word_1_830' title='bbox 1720 5147 1749 5200; x_wconf 89' lang='lat' dir='ltr'>in</span> <span class='ocrx_word' id='word_1_831' title='bbox 1761 5161 1804 5200; x_wconf 87' lang='lat' dir='ltr'>ca·</span> 
     </span>
     <span class='ocr_line' id='line_1_76' title="bbox 1013 5236 1803 5315; baseline 0.013 -24"><span class='ocrx_word' id='word_1_832' title='bbox 1013 5237 1074 5292; x_wconf 91' lang='lat' dir='ltr'>dem</span> <span class='ocrx_word' id='word_1_833' title='bbox 1087 5237 1190 5308; x_wconf 83' lang='lat' dir='ltr'>synodo</span> <span class='ocrx_word' id='word_1_834' title='bbox 1206 5236 1289 5293; x_wconf 86' lang='lat' dir='ltr'>tuisse</span> <span class='ocrx_word' id='word_1_835' title='bbox 1303 5241 1488 5309; x_wconf 90' lang='lat' dir='ltr'>perhibentur,</span> <span class='ocrx_word' id='word_1_836' title='bbox 1508 5255 1597 5315; x_wconf 71' lang='lat' dir='ltr'>neque</span> <span class='ocrx_word' id='word_1_837' title='bbox 1614 5244 1669 5301; x_wconf 88' lang='lat' dir='ltr'>illis</span> <span class='ocrx_word' id='word_1_838' title='bbox 1688 5246 1803 5301; x_wconf 81' lang='lat' dir='ltr'>subdite</span> 
     </span>
     <span class='ocr_line' id='line_1_77' title="bbox 1011 5335 1800 5415; baseline 0.015 -27"><span class='ocrx_word' id='word_1_839' title='bbox 1011 5335 1104 5405; x_wconf 89' lang='lat' dir='ltr'>plebes</span> <span class='ocrx_word' id='word_1_840' title='bbox 1117 5337 1297 5393; x_wconf 89' lang='lat' dir='ltr'>anathematis</span> <span class='ocrx_word' id='word_1_841' title='bbox 1306 5339 1415 5396; x_wconf 85' lang='lat' dir='ltr'>viuculo</span> <span class='ocrx_word' id='word_1_842' title='bbox 1425 5357 1519 5398; x_wconf 89' lang='lat' dir='ltr'>carere</span> <span class='ocrx_word' id='word_1_843' title='bbox 1530 5344 1655 5412; x_wconf 84' lang='lat' dir='ltr'>quibunt,</span> <span class='ocrx_word' id='word_1_844' title='bbox 1672 5345 1737 5415; x_wconf 81' lang='lat' dir='ltr'>quia</span> <span class='ocrx_word' id='word_1_845' title='bbox 1752 5346 1800 5400; x_wconf 74' lang='lat' dir='ltr'>est</span> 
     </span>
     <span class='ocr_line' id='line_1_78' title="bbox 1012 5437 1799 5512; baseline 0.008 -20"><span class='ocrx_word' id='word_1_846' title='bbox 1012 5438 1149 5492; x_wconf 90' lang='lat' dir='ltr'>instruunt</span> <span class='ocrx_word' id='word_1_847' title='bbox 1167 5437 1282 5492; x_wconf 87' lang='lat' dir='ltr'>duantm</span> <span class='ocrx_word' id='word_1_848' title='bbox 1304 5448 1350 5493; x_wconf 88' lang='lat' dir='ltr'>aut</span> <span class='ocrx_word' id='word_1_849' title='bbox 1368 5440 1449 5496; x_wconf 90' lang='lat' dir='ltr'>trium</span> <span class='ocrx_word' id='word_1_850' title='bbox 1473 5441 1515 5495; x_wconf 85' lang='lat' dir='ltr'>rel</span> <span class='ocrx_word' id='word_1_851' title='bbox 1535 5453 1610 5498; x_wconf 83' lang='lat' dir='ltr'>certe</span> <span class='ocrx_word' id='word_1_852' title='bbox 1623 5442 1799 5512; x_wconf 87' lang='lat' dir='ltr'>plurimarum</span> 
     </span>
     <span class='ocr_line' id='line_1_79' title="bbox 1010 5535 1800 5605; baseline 0.006 -16"><span class='ocrx_word' id='word_1_853' title='bbox 1010 5535 1209 5604; x_wconf 78' lang='lat' dir='ltr'>provinciarum</span> <span class='ocrx_word' id='word_1_854' title='bbox 1225 5545 1325 5605; x_wconf 84' lang='lat' dir='ltr'>gentes,</span> <span class='ocrx_word' id='word_1_855' title='bbox 1346 5553 1400 5592; x_wconf 90' lang='lat' dir='ltr'>non</span> <span class='ocrx_word' id='word_1_856' title='bbox 1419 5545 1508 5594; x_wconf 93' lang='lat' dir='ltr'>tameu</span> <span class='ocrx_word' id='word_1_857' title='bbox 1522 5553 1630 5594; x_wconf 88' lang='lat' dir='ltr'>omnem</span> <span class='ocrx_word' id='word_1_858' title='bbox 1642 5540 1752 5598; x_wconf 83' lang='lat' dir='ltr'>Christo</span> <span class='ocrx_word' id='word_1_859' title='bbox 1762 5541 1800 5595; x_wconf 90' lang='lat' dir='ltr'>di·</span> 
     </span>
    </p>
   </div>
   <div class='ocr_carea' id='block_1_14' title="bbox 1010 5632 1799 5711">
    <p class='ocr_par' dir='ltr' id='par_1_15' title="bbox 1010 5632 1799 5711">
     <span class='ocr_line' id='line_1_80' title="bbox 1010 5632 1799 5711; baseline 0.009 -21"><span class='ocrx_word' id='word_1_860' title='bbox 1010 5637 1109 5693; x_wconf 88' lang='lat' dir='ltr'>lcctum</span> <span class='ocrx_word' id='word_1_861' title='bbox 1126 5632 1252 5706; x_wconf 91' lang='lat' dir='ltr'>populum</span> <span class='ocrx_word' id='word_1_862' title='bbox 1278 5634 1428 5706; x_wconf 87' lang='lat' dir='ltr'>instruunt,</span> <span class='ocrx_word' id='word_1_863' title='bbox 1455 5652 1517 5693; x_wconf 87' lang='lat' dir='ltr'>eum</span> <span class='ocrx_word' id='word_1_864' title='bbox 1534 5653 1584 5711; x_wconf 87' lang='lat' dir='ltr'>per</span> <span class='ocrx_word' id='word_1_865' title='bbox 1605 5648 1663 5695; x_wconf 85' lang='lat' dir='ltr'>tam</span> <span class='ocrx_word' id='word_1_866' title='bbox 1682 5643 1799 5711; x_wconf 77' lang='lat' dir='ltr'>prolixas</span> 
     </span>
    </p>
   </div>
   <div class='ocr_carea' id='block_1_15' title="bbox 0 0 1894 6120">
    <p class='ocr_par' dir='ltr' id='par_1_16' title="bbox 0 0 1894 6120">
     <span class='ocr_line' id='line_1_81' title="bbox 0 0 1894 6120; baseline 0 2"><span class='ocrx_word' id='word_1_867' title='bbox 0 0 1894 6120; x_wconf 95' lang='lat' dir='ltr'> </span> 
     </span>
    </p>
   </div>
  </div>
 </body>
</html>
