3780 6120
570 296 599 349 tt.
620 292 745 350 crunott
766 294 875 351 Mlel
893 295 968 352 OPP.
987 294 1078 351 PARS
1097 296 1117 350 l.
1138 293 1261 350 secato
1279 293 1322 349 iil.

371 408 537 465 Ettstota
550 409 657 464 xxt'tt.

244 502 404 576 Religionem
419 501 558 573 quemdam
572 499 685 569 lepatunr
701 502 787 554 mittit⁴

253 599 322 656 -t-ta.
338 597 413 651 bom.
426 596 501 659 tata,
517 595 576 650 cod.
591 593 661 646 llud.
682 592 778 657 xxva.)

120 692 320 749 nraauaarror.
336 718 371 728 -
386 687 513 740 Potentes
534 687 630 738 litterae
654 685 686 737 al
708 698 803 737 omnes
828 683 914 751 uragi-

155 770 258 817 stratus
269 760 410 814 civitatum
423 757 507 811 ltalia·
517 755 587 823 juris
602 754 716 808 llonrani
732 754 846 821 imperii,
855 754 916 822 qui-

155 833 207 887 bus
231 830 356 898 religioso
371 827 402 880 tt.
422 827 501 897 plena
530 825 642 879 facultas
659 825 729 893 regia
757 824 916 877 conceditur

155 902 245 962 arania
260 901 292 955 de
311 899 466 952 eommdem
483 897 596 951 coasilio
610 893 769 961 disponendi
782 909 832 964 pro
844 894 916 964 regis

158 972 344 1027 Romanorum
359 968 457 1022 decore
472 975 499 1022 et
512 966 630 1020 utilitate
647 963 763 1034 imperii.

156 1062 321 1130 liudolphus,
335 1067 387 1115 etc.
402 1057 538 1121 strenuis,
553 1067 605 1113 ete.
618 1055 740 1126 Egregiis
754 1054 830 1120 uiris,
844 1070 916 1109 mar·

120 1133 271 1195 cbioaibus,
290 1131 446 1189 comitibus,
473 1128 622 1190 nobilibus,
652 1125 815 1194 capitaneis,
840 1134 911 1195 pote

119 1203 256 1265 statibus,
271 1210 297 1256 et
321 1199 509 1255 communibus
538 1195 671 1253 uniuersis
698 1212 746 1267 per
764 1195 913 1249 Romanurn

120 1273 264 1344 imperium
284 1271 447 1333 constitutis,
462 1266 574 1337 adunas
588 1268 684 1322 artene
707 1266 766 1321 istae
787 1280 916 1335 pervene-

121 1344 185 1407 rint,
194 1343 309 1413 gratiam
322 1355 399 1394 suant
410 1349 437 1394 et
451 1338 605 1392 benevolam
619 1336 795 1411 voluntatem.
810 1335 916 1390 Tenere

120 1413 295 1484 praesentium
314 1408 499 1464 urrirersitatis
514 1417 608 1462 r’estrae
630 1406 732 1459 notitiae
743 1404 915 1460 declaramus

121 1483 194 1552 quod
206 1497 255 1537 nos
267 1482 300 1536 dc
323 1480 459 1546 eir'curnsp
470 1477 565 1532 ctione
577 1494 609 1532 ac
621 1473 673 1530 arte
687 1474 806 1544 religiosi
827 1484 854 1530 ct
867 1475 915 1529 bo·

121 1552 252 1609 norabilis
267 1548 299 1604 N.
319 1547 423 1603 salaciae
444 1546 637 1617 plenitudinem
654 1546 825 1610 obtinentes,
841 1561 916 1600 euar-

123 1622 184 1676 dem
204 1623 238 1676 ad
254 1618 435 1688 transalpinas
449 1617 553 1687 imperii
576 1625 668 1686 partes
689 1615 816 1670 duximus
834 1615 917 1670 desti-

121 1693 242 1748 nandum
254 1704 276 1752 ¹¹,
294 1690 389 1745 darrtes
401 1688 452 1742 sibi
465 1687 582 1754 speciale
595 1702 655 1740 maa
666 1686 749 1739 latum
762 1693 789 1740 ct
801 1693 918 1754 potcsta-

1708 294 1763 351 752

926 421 949 472 A
966 428 1015 466 nos
1027 420 1121 465 tenore
1135 402 1308 480 praesentium
1322 410 1484 477 alligamus,
1498 412 1570 481 arrad
1590 427 1640 467 nos
1653 413 1689 468 ab
1704 428 1763 469 onr-

967 483 1046 536 nibus
1059 482 1118 535 aliis
1137 483 1343 550 tprilruscunrpre
1353 480 1556 536 dillirrrltatibns
1568 483 1664 537 taliter
1678 483 1765 552 expli-

966 568 1029 607 care
1042 551 1217 620 disponimus.
1226 553 1297 620 arrad
1313 552 1339 606 in
1348 551 1471 621 proximo
1483 569 1554 606 nune
1567 553 1680 608 instanti
1695 553 1764 608 leste

966 623 1173 676 resurrectionis
1200 621 1341 675 dominicae
1371 622 1398 675 in
1425 621 1575 677 Mediolano
1603 633 1764 694 praesentes,

967 693 1030 746 biae
1044 691 1120 758 jtrxta
1136 692 1312 745 beatitudinis
1325 692 1521 760 beurplacitunt
1540 704 1580 748 ‘e
1597 695 1712 763 vestigio
1730 696 1765 749 ad

966 777 1094 816 coronam
1120 762 1223 829 imperii
1247 761 1446 831 prrocedemas,
1474 765 1693 819 transmittentes
1718 779 1763 819 ro-

966 831 1008 885 bis
1034 833 1084 885 bas
1108 831 1212 887 litteras
1239 838 1345 886 nostras
1369 841 1491 900 ptentcs
1518 833 1546 887 in
1576 835 1763 889 testiinonium

966 916 1048 973 saper
1072 916 1115 955 eo.

1217 970 1383 1025 EPlSTOLM
1411 972 1510 1027 xtttx.

968 1049 1121 1122 liudolplara
1135 1053 1233 1121 ¹orarias
1252 1052 1305 1121 opit
1325 1052 1451 1121 Gregorio
1465 1052 1489 1104 t·
1502 1053 1620 1122 pontifici
1645 1053 1765 1113 Romano

1112 1138 1159 1193 pro
1175 1122 1375 1191 corrfirmatione
1395 1139 1450 1175 auc
1468 1121 1610 1177 electionis.

1002 1211 1053 1282 (dn
1064 1210 1142 1265 Dona.
1152 1211 1231 1275 idib,
1244 1210 1303 1265 cod.
1313 1209 1381 1265 Gur.
1393 1227 1473 1275 cxxx,
1485 1213 1543 1266 cod.
1555 1212 1627 1268 ttaa.
1639 1215 1730 1289 xxxx.)

965 1278 1208 1337 Aacunesrua.-
1219 1280 1386 1351 liudolphus.
1404 1283 1448 1337 ubi
1467 1286 1593 1352 arguortr
1604 1285 1638 1340 ad
1655 1287 1766 1342 univer-

1002 1368 1048 1408 sos
1061 1351 1213 1407 Germaniae
1227 1351 1362 1419 principes
1376 1352 1452 1407 dans
1465 1368 1524 1408 esse
1542 1354 1648 1411 litteras
1665 1372 1679 1411 a
1700 1355 1765 1412 Gre-

1003 1424 1078 1547 Porio
1099 1422 1274 1486 hortatorias,
1292 1430 1321 1475 ut
1341 1437 1430 1491 regern
1450 1422 1634 1479 Romanorum
1653 1427 1765 1483 bonori-

1013 1507 1053 1548 rre
1064 1494 1258 1547 comitarentur
1272 1492 1305 1546 ad
1320 1490 1470 1560 imperialia
1486 1493 1537 1548 insi
1557 1496 1601 1549 uia
1616 1497 1689 1551 susci
1710 1497 1767 1552 ien-

1003 1564 1035 1618 da
1054 1563 1215 1625 venientem,
1235 1561 1333 1632 gaudio
1358 1562 1506 1627 exsultans,
1533 1511 1566 1618 ie
1591 1573 1666 1620 tanta
1723 1567 1765 1623 ni·

1003 1633 1105 1703 gnitate
1120 1634 1222 1703 gratias
1237 1633 1301 1702 agit,
1317 1632 1409 1713 priora
1423 1633 1514 1688 omnia
1534 1631 1666 1690 herrestein
1690 1653 1766 1695 eorn-

1005 1717 1167 1766 rneruorans,
1184 1711 1265 1773 atque
1280 1703 1379 1779 iusrgai
1400 1702 1525 1773 legationi
1546 1705 1704 1774 aliquandiu
1721 1708 1763 1762 di-

122 1769 177 1817 tem
190 1759 339 1830 plenariam
351 1757 430 1830 ³!ss
448 1757 592 1819 Sliffllfflfir
608 1755 760 1820 Oldillssfflilr
785 1764 813 1810 θῑ
825 1755 955 1822 ⁰¹¹¹ssiiil
1005 1772 1066 1827 latre
1080 1774 1114 1828 ob
1132 1772 1260 1828 instantia
1279 1773 1387 1827 corrrrtia
1405 1774 1544 1842 atramittit
1561 1776 1698 1841 uuntiunr,
1716 1793 1765 1833 seu

121 1831 284 1902 procurandi
299 1830 331 1884 de
346 1840 436 1883 t'rstro
458 1827 586 1888 coasilio,
604 1841 664 1896 arrae
677 1826 771 1881 bouori
793 1824 917 1880 Caesareo

121 1909 150 1956 et
181 1900 291 1955 utilitati
310 1899 415 1968 imperii
438 1899 536 1954 viderit
557 1906 708 1966 opportuna
731 1897 755 1948 ¹³.
783 1895 851 1950 ilinc
878 1904 920 1950 est

121 1973 195 2040 quod
205 1969 390 2026 universitatis
404 1978 501 2024 vestrae
515 1966 686 2038 purulentiam
703 1967 800 2022 votivis
814 1963 882 2020 allec
896 1966 918 2020 i-

121 2043 173 2100 aas
187 2041 372 2102 exhortamur,
389 2048 523 2108 quatenus
537 2037 672 2102 superbis
690 2036 715 2090 ci
731 2052 780 2106 pro
803 2044 918 2097 nostra,

121 2121 149 2168 ct
159 2111 265 2180 imperii
282 2110 431 2165 reverentia
442 2108 627 2162 favorabiliter
639 2106 790 2176 aspirantes
800 2106 921 2161 consiliis

121 2190 149 2236 et
163 2181 271 2236 auxiliis
297 2179 425 2248 gratiosis
449 2177 482 2233 de
506 2179 567 2233 aliis
582 2179 632 2231 rire
655 2175 735 2243 bajus
760 2176 920 2231 necessariis

122 2253 184 2314 sibi,
201 2259 298 2306 ettam
313 2251 519 2317 libenterauam
536 2247 687 2302 liberaliter
707 2248 849 2317 providere
874 2262 921 2301 cu-

124 2323 200 2377 rctis.
218 2322 252 2378 ta
263 2329 374 2391 propter
387 2321 438 2374 boc
450 2320 521 2388 apud
534 2335 585 2374 nos
599 2328 688 2372 vestra
704 2317 812 2373 devotio
826 2317 921 2372 deleat

123 2392 223 2449 arterito
237 2390 433 2447 commendari.

369 2478 537 2534 ablatona
556 2476 675 2533 xttt'ttt.

124 2571 166 2627 Ad
186 2588 282 2644 panant
305 2571 432 2642 proraittr't
463 2586 489 2623 ae
519 2578 656 2649 rantrrrum
684 2565 864 2621 Mediolanum
887 2566 921 2618 ad

417 2650 622 2694 coronationem.

251 2730 501 2804 (ala.1)orn.liili,
520 2728 578 2783 cod.
602 2728 671 2782 llrrd.
689 2725 796 2796 xxurrr.)

126 2824 325 2879 bacuxnnrau.
339 2855 375 2864 -
386 2823 508 2877 bantana
525 2822 645 2892 pontifici
660 2820 769 2889 scriptis
787 2820 830 2874 bis
851 2820 923 2875 litte-

162 2896 199 2948 ris¹
214 2895 261 2948 dat
281 2896 370 2956 lideru,
389 2909 417 2947 se
433 2893 460 2946 iu
478 2892 602 2946 Paselruli
622 2891 793 2945 solemnitate
816 2890 924 2944 adlatu-

163 2978 222 3018 rrrrtr
242 2964 400 3026 Mediolani,
420 2975 501 3031 atque
525 2963 586 3016 inde
607 2962 792 3032 proiecturum
810 2959 923 3031 llorrrarn

162 3035 196 3116 ad
227 3034 379 3159 ilrrrpcrialia
410 3033 527 3103 insignia
555 3031 590 3086 tle
625 3031 697 3086 illius
725 3046 804 3084 aranu
835 3031 924 3085 susci-

161 3119 224 3174 pren
244 3120 269 3157 a.

162 3195 352 3258 Sanctissirno,
371 3201 424 3248 ete.
442 3205 453 3232 ⁰
471 3192 505 3248 Ut
517 3193 551 3247 dc
568 3204 662 3247 nostro
682 3190 752 3245 lelici
770 3189 921 3259 processutl

128 3267 163 3320 arl
179 3265 380 3334 suscipiendum
393 3264 426 3319 de
439 3263 620 3318 sacrosanctis
632 3263 786 3331 apostolicis
799 3263 924 3315 manibus

127 3335 227 3391 vestris
246 3336 352 3403 imperii
368 3335 501 3397 «lindenau,
530 3334 654 3389 absterso
677 3331 821 3400 cujuslibet
838 3331 924 3385 ambi-

127 3407 239 3474 gaitatis
267 3405 416 3470 involucro,
445 3403 512 3457 lrrles
539 3403 736 3459 audiendorum
767 3403 921 3456 babeatur:

128 3476 209 3548 342
224 3489 287 3531 eece
301 3475 373 3544 quod
389 3475 458 3530 bona
477 3472 530 3528 llde
552 3473 747 3541 promittimus,
766 3481 794 3526 et
817 3472 851 3525 od
872 3472 925 3525 bae

165 3586 258 3654 roua
269 3587 347 3642 nobis
364 3584 500 3656 cisalpinae
525 3583 659 3655 regiones,
674 3599 713 3639 cae
737 3581 877 3651 Raaotptro
897 3579 924 3634 iu

129 3658 272 3715 Germania
294 3655 473 3713 commoranti
489 3654 661 3732 transalpinae
680 3653 849 3707 videbantur.
867 3651 926 3705 lluc

130 3729 284 3799 religiosrnrr
298 3727 378 3781 istum
391 3725 542 3781 mittitcuar
554 3728 627 3795 regio
638 3724 774 3779 marndato.
789 3721 816 3776 bl
825 3721 924 3776 laetum

130 3807 193 3870 puta
205 3806 268 3852 ante
279 3796 528 3866 Farstcnrbcrgiuru
540 3795 709 3866 designatum
721 3802 853 3848 rectorem
870 3790 925 3845 llo·

131 3865 544 3936 arrandiolaelalsocrediuejuris
561 3865 676 3935 imperii,
699 3862 805 3918 tametsi
820 3861 926 3932 Lango-

130 3940 223 3996 bardia
248 3946 275 3992 et
286 3937 392 4002 Tuscia,
413 3953 473 4007 quan
485 3950 547 3991 vere
558 3936 591 3990 ad
607 3935 748 4004 irnperinnr
765 3933 924 3993 attinebant,

130 4019 207 4066 extra
230 4010 297 4064 lines
322 4008 539 4077 Frrrstcmbergio
552 4006 722 4076 praescriptos
744 4005 803 4057 sitae
825 4009 924 4055 essent.

168 4079 333 4133 bFallaecm
366 4079 437 4132 banc
466 4077 667 4146 ‹teporartarrem
693 4073 811 4129 dillicilia
843 4071 926 4125 ltaliae

132 4159 254 4220 tempora
270 4148 455 4210 reddiderant,
468 4146 593 4217 utramvis
611 4153 671 4215 post
686 4144 858 4198 Lausancnse
871 4140 926 4195 cal-

132 4220 255 4290 loquium
278 4233 340 4288 spes
361 4217 452 4286 al'qua
476 4214 621 4279 affulserit,
650 4213 712 4268 dum
740 4210 926 4281 Gregoriusx

132 4299 191 4345 erat
207 4290 234 4345 in
249 4289 327 4351 rius,
343 4286 473 4342 bretiorrcs
485 4283 673 4355 eornpouendi,
688 4292 715 4338 et
729 4281 845 4351 madores
862 4295 927 4334 con·

133 4359 280 4416 troversias
303 4355 453 4421 auferendi,
479 4372 539 4425 aare
562 4353 707 4425 cisalpinas
733 4351 857 4423 regiones
871 4349 926 4403 dis-

133 4429 291 4485 turbabant.

1007 1842 1125 1913 legatum
1142 1843 1260 1900 Probum
1274 1843 1443 1914 cognomine.

1006 1937 1146 1990 immensae
1170 1936 1324 1990 serenitatis
1347 1935 1491 1990 amrerritas
1512 1938 1668 2005 apostolice
1695 1941 1767 1994 tubae

970 2009 1046 2068 llatu,
1057 2004 1115 2077 jarn
1132 2006 1250 2076 undique
1266 2007 1371 2061 cunctis
1387 2005 1448 2061 lidei
1465 2008 1624 2061 orthodoxae
1643 2009 1764 2064 circum-

971 2077 1106 2131 fundenda
1122 2077 1281 2140 cultoribus,
1298 2091 1370 2131 nunc
1388 2077 1420 2130 de
1435 2092 1515 2140 novo,
1530 2078 1612 2132 veluti
1630 2094 1700 2134 nrrra
1720 2080 1764 2134 lux

970 2147 1079 2203 emlitus
1100 2147 1178 2201 novis
1196 2156 1274 2202 aucta
1294 2146 1457 2217 lrrlgoru'bus,
1477 2147 1553 2215 pulsa
1575 2149 1650 2203 omui
1671 2152 1765 2205 obam-

971 2218 1096 2273 bratione
1111 2218 1244 2288 caliginis,
1260 2217 1338 2271 nobis
1351 2233 1384 2273 ex
1401 2231 1433 2272 oo
1457 2219 1607 2287 pracsertim
1628 2222 1763 2291 apparuit,

971 2298 999 2343 et
1014 2288 1111 2342 claruit
1126 2289 1274 2350 evidenter,
1287 2289 1358 2357 quod
1374 2297 1472 2342 vestrae
1487 2289 1664 2344 lreatitrulinls
1681 2292 1764 2357 aelus,

971 2359 1017 2428 qui
1032 2358 1121 2427 justas
1132 2358 1225 2429 dirigit
1240 2373 1336 2413 causas
1349 2359 1539 2434 crudetestatur
1556 2360 1687 2428 injustas,
1712 2377 1764 2416 non

972 2431 1064 2484 sinens
1081 2429 1151 2484 ultra
1166 2444 1216 2482 nos
1228 2428 1322 2498 impeti
1335 2429 1508 2483 calumniosis
1523 2430 1670 2485 insultibus
1684 2448 1765 2486 mmu-

973 2499 1070 2563 lornm,
1088 2499 1192 2568 paterni
1206 2498 1306 2553 laveris
1318 2496 1454 2563 allectum,
1470 2514 1549 2567 trecor
1564 2501 1596 2554 ad
1617 2516 1667 2555 nrrs
1687 2503 1723 2571 pii
1740 2515 1765 2556 et

973 2570 1096 2641 generosi
1113 2569 1240 2640 praeconii
1256 2568 1416 2624 clarillcavit
1430 2570 1455 2623 in
1474 2585 1577 2639 organo
1593 2583 1620 2624 et
1639 2572 1666 2624 in
1684 2574 1766 2641 narri-

974 2648 1030 2694 tate
1046 2638 1159 2708 justitiae
1181 2638 1345 2709 applausivis
1369 2639 1681 2703 immixtadulcoribus,
1699 2657 1766 2712 aprus

973 2710 1115 2771 altissimi,
1143 2711 1215 2778 quod
1241 2709 1268 2762 in
1293 2719 1382 2764 uestra
1407 2707 1488 2832 μθ
1511 2724 1629 2778 persona
1652 2713 1765 2768 nririlicc

973 2781 1085 2835 dextera
1103 2796 1151 2834 sna
1168 2779 1314 2842 contexuit,
1333 2780 1404 2833 mani
1418 2792 1475 2834 este
1492 2780 1605 2833 deduxit
1628 2782 1653 2834 ia
1679 2784 1764 2851 publi·

973 2866 1034 2905 cam
1049 2851 1185 2905 notionem
1202 2863 1283 2930 strper
1294 2849 1466 2919 expressione
1485 2848 1585 2903 lavaris
1603 2850 1766 2919 bajusnradi,

974 2920 1142 2990 principibus
1156 2928 1256 2974 nostrus
1272 2928 1298 2973 et
1314 2919 1429 2973 srrbditis
1446 2919 1601 2987 aposolicae
1616 2923 1711 2991 gratim
1726 2924 1765 2976 lit·

975 3000 1047 3045 teras
1067 2991 1155 3044 onmis
1179 2989 1371 3043 benevolentiae
1392 2988 1557 3058 plenitudine
1573 2988 1684 3047 llaridas
1700 2993 1765 3048 dirr-

975 3061 1062 3131 gendo
1077 3060 1098 3115 l.
1117 3059 1169 3113 Pro
1182 3060 1280 3128 quibus
1291 3060 1384 3128 utique
1405 3057 1590 3115 benelicentite
1610 3070 1707 3116 vestra
1719 3080 1766 3118 co-

933 3123 956 3187 C
972 3131 1056 3200 piosis
1068 3129 1225 3183 muneribus
1237 3130 1316 3184 nabis
1330 3129 1510 3199 inexplicabili
1525 3130 1624 3198 gaudio
1638 3130 1765 3186 lerunrla-

974 3201 1010 3255 tis
1025 3201 1058 3254 ad
1082 3199 1274 3254 redhibentem
1296 3199 1465 3254 condebitam
1486 3201 1680 3270 gratitudinem
1705 3218 1766 3272 gra·

975 3271 1086 3330 tiaruor,
1107 3286 1159 3323 non
1176 3267 1275 3322 srrllirit
1292 3270 1381 3339 lingua
1403 3270 1504 3335 earnis,
1521 3285 1583 3325 cum
1601 3272 1705 3325 nonsit
1719 3274 1766 3326 lra-

974 3355 1062 3395 nrame
1083 3339 1209 3410 potentie
1227 3340 1376 3408 superbae
1400 3339 1525 3393 alfetum
1547 3341 1574 3394 in
1599 3351 1690 3395 ruente
1703 3358 1766 3396 eon·

974 3417 1081 3478 ceptum
1106 3408 1224 3478 perlecto
1248 3424 1326 3477 posse
1343 3409 1494 3479 exprimere
1519 3423 1567 3478 per
1588 3409 1766 3466 effoetandi]

976 3481 1043 3535 mira
1057 3487 1177 3551 patenae
1193 3479 1334 3533 clerrrerrtia
1347 3479 1466 3548 pietatis,
1486 3493 1546 3548 arrae
1563 3495 1618 3534 non
1637 3490 1681 3536 est
1695 3483 1767 3536 ‹leeli-

975 3604 1088 3651 norrrm;
1112 3603 1226 3658 curaque
1249 3588 1382 3646 terminus
1407 3588 1590 3643 coronationis
1614 3590 1768 3645 necessarie

976 3660 1121 3714 mutandus
1131 3668 1202 3714 esset
1213 3660 1247 3711 alr
1259 3658 1443 3713 imminentem
1455 3659 1525 3713 diem
1537 3658 1636 3713 testum
1649 3660 1768 3714 omniurn

976 3738 1141 3793 sanctorum,
1158 3731 1185 3782 iu
1200 3729 1295 3783 eodem
1308 3728 1441 3797 colloquio
1458 3728 1484 3781 id
1501 3726 1602 3783 laetum
1622 3726 1707 3785 luisse
1732 3741 1768 3784 te-

976 3807 1083 3855 stantur
1095 3797 1421 3854 anrralesGobnarienses:
1432 3816 1441 3848 ι
1454 3797 1520 3862 Rex,
1530 3799 1616 3862 aiunt,
1628 3800 1689 3869 plus
1708 3817 1768 3862 naar

976 3869 1028 3925 atto
1048 3870 1174 3924 rnarcbas
1191 3869 1357 3938 expenderat
1381 3868 1408 3923 in
1429 3876 1518 3922 vestes
1539 3869 1685 3938 pretiosas.
1720 3887 1768 3939 apa

976 3939 1033 4009 regi
1050 3939 1232 4000 consuluerat,
1251 3945 1281 3991 ut
1306 3939 1417 3992 llamarn
1432 3938 1466 3992 ad
1481 3936 1578 3991 lustum
1596 3938 1768 3995 Penteorrstcs

976 4025 1038 4064 curn
1052 4010 1157 4063 dunlrus
1172 4008 1291 4063 millibus
1307 4008 1423 4063 militurn
1435 4008 1548 4072 veniret,
1562 4018 1592 4062 ut
1604 4024 1667 4064 error
1680 4009 1707 4063 io
1720 4011 1768 4062 r'm-

976 4087 1129 4149 peratorcrrr
1145 4077 1328 4132 Romanorum
1348 4078 1504 4133 solemniter·
1517 4087 1672 4133 corouaret.
1692 4099 1701 4131 r
1720 4079 1768 4132 ibr-

977 4151 1038 4203 dem
1056 4148 1139 4204 relert
1153 4148 1307 4203 Bernardus
1327 4147 1524 4202 Tbcsaurarius
1546 4157 1643 4203 auctor
1664 4163 1768 4203 caetus

977 4217 1086 4288 (caran.
1103 4236 1118 4271 a
1139 4256 1146 4271 .
1163 4217 1283 4272 Murteae
1294 4215 1413 4271 Manain.
1431 4225 1497 4271 tour.
1512 4217 1555 4286 Vl,
1594 4219 1620 4273 ai
1635 4219 1688 4274 boc
1699 4233 1768 4273 anno

977 4287 1076 4342 claudit
1103 4236 1250 4343 cMronicon
1277 4303 1365 4342 suurn.
1397 4287 1461 4353 Qum
1491 4232 1648 4356 barnuinus
1677 4286 1766 4360 (tata.

977 4373 1004 4411 a.
1021 4357 1067 4427 26)
1082 4357 1205 4427 Gregorii
1223 4357 1320 4411 litteris
1344 4356 1481 4426 deceptus,
1497 4357 1575 4437 queis
1593 4356 1691 4414 festum
1710 4373 1767 4412 our-

976 4427 1052 4482 niunr
1069 4441 1224 4483 sanctorum
1241 4427 1437 4495 praescribitur,
1453 4426 1514 4487 lalsr
1528 4442 1644 4496 arguere
1657 4443 1710 4483 non
1725 4442 1767 4481 ve·

172 4511 182 4539 τ
198 4497 253 4552 llas
265 4497 369 4551 litteras
382 4494 416 4550 ad
429 4494 590 4565 Gregorium
603 4494 628 4548 il
648 4509 701 4548 non
719 4506 778 4547 esse
792 4493 869 4549 datas
887 4493 926 4548 la·
940 4479 964 4547 D
977 4505 1060 4553 retur.
1079 4497 1142 4555 ttae
1162 4507 1250 4552 autem
1265 4497 1377 4565 epistola
1398 4495 1505 4551 termini
1523 4498 1668 4552 arroasiani
1689 4496 1765 4553 lrdern

133 4569 178 4625 cili
195 4567 301 4636 negotio
314 4581 500 4634 assequemur,
520 4565 543 4620 si
566 4564 720 4634 pontiticem
741 4562 863 4633 Lugduni
876 4564 924 4619 ad·

134 4640 189 4698 truc
198 4637 348 4692 consistere
360 4651 389 4690 rr
409 4644 525 4699 aternus,
537 4650 598 4688 curn
608 4633 767 4703 Rualolpbus
781 4632 924 4688 Mediolani

134 4725 164 4765 se
179 4707 333 4762 adlaturam
356 4651 507 4776 poiiicetur.
522 4705 601 4759 Anao
612 4703 684 4758 enirn
697 4701 765 4757 titt
781 4701 884 4758 l‘asclra
897 4703 925 4759 in

135 4781 207 4835 diem
218 4777 475 4846 orrartarrrdecimanr
491 4773 591 4845 aprilis
609 4773 759 4833 incidebat:
778 4772 925 4842 Gregorius

135 4864 201 4907 vero
213 4848 344 4918 Lugduno
356 4847 427 4902 baud
442 4846 554 4901 recessit
566 4853 629 4900 ante
642 4843 712 4898 diem
729 4842 761 4895 ll
775 4843 836 4896 Maii
855 4841 927 4910 rjus-

136 4919 199 4976 dem
211 4921 285 4975 autri.
305 4917 439 4974 Praeterea
453 4916 623 4986 liudolpbum
642 4929 694 4967 non
720 4911 830 4977 latebat,
849 4928 927 4967 coro·

136 4990 255 5047 nationis
280 4989 424 5045 terminum
452 5000 512 5042 esse
541 4986 718 5042 constitutum
740 4984 810 5038 dicar
828 4981 927 5038 lostam

137 5061 258 5117 omniurn
275 5069 446 5122 sanctorum3
469 5057 577 5112 interim
599 5071 662 5110 vero
686 5053 841 5123 pontificem
865 5069 926 5108 cunr

136 5131 275 5202 rilpbonso
286 5130 482 5186 collocuturum
493 5143 543 5198 pro
552 5126 682 5182 abolenda
696 5124 768 5178 oarai
782 5122 926 5186 discordia,
948 5161 954 5174 .

137 5202 337 5272 abaciacum
361 5199 407 5254 illo
420 5198 614 5260 intercalabat,
634 5194 768 5264 praecipue
787 5210 848 5249 cunr
876 5191 929 5248 lta-

74 5297 81 5305 ·
138 5272 182 5327 tta
200 5268 448 5341 parsunnnrodica
469 5267 505 5324 llli
522 5269 687 5326 adhererem
713 5264 809 5318 deiude
837 5279 928 5318 secura

140 5341 238 5397 alieubi
255 5355 409 5396 serinottem
427 5339 581 5395 babituram
607 5337 640 5391 de
685 5334 787 5389 laribus
803 5331 927 5403 negotiis,

140 5413 213 5478 qnod
234 5413 348 5481 ipsemet
371 5411 486 5481 petierat
511 5406 582 5478 (rap.
596 5421 639 5474 ep.
654 5352 697 5473 M)
712 5405 930 5460 aeueberrrerrter

140 5483 261 5548 optabat.
277 5480 459 5549 Quamobrem
476 5486 503 5535 ot
522 5478 580 5533 irae
590 5475 703 5543 epistola
725 5472 785 5529 loco
799 5473 929 5527 movenda

141 5558 192 5613 est,
200 5558 282 5619 atque
290 5550 325 5604 ad
335 5558 492 5619 manentem
507 5561 607 5603 annum
620 5553 681 5613 post
692 5554 805 5599 mortem
816 5541 928 5613 Gregll

140 5617 252 5688 eiusque
265 5621 429 5676 successoris
442 5618 600 5675 electionem
618 5612 775 5669 dillerenda.

177 5687 190 5726 d
204 5688 358 5757 lllpboasus
367 5689 492 5758 Gregorii
504 5702 585 5758 opera
595 5682 653 5751 jam
666 5684 847 5745 abdicaverat,
860 5682 931 5738 bau·

143 5774 216 5815 sanae
226 5754 390 5818 collaudem
406 5757 524 5827 porrtiler
540 5755 670 5813 babuerat
682 5768 742 5808 earo
757 5766 817 5820 rege
829 5752 929 5807 lbrnra·

978 4565 1052 4622 lacit.
1072 4566 1140 4623 Nam
1161 4566 1316 4636 liudolphus
1329 4581 1358 4621 se
1376 4573 1518 4622 venturum
1584 4567 1681 4631 licetur
1693 4566 1766 4636 iuxta

976 4637 1130 4693 condictum
1155 4648 1275 4706 tempus,
1301 4644 1328 4690 et
1349 4635 1490 4691 Mediolani
1515 4636 1673 4693 allaturum
1695 4635 1767 4692 dieo

975 4703 1086 4777 Aprilis,
1108 4707 1135 4762 in
1152 4722 1235 4776 uuam
1252 4706 1357 4761 Pasclra
1374 4707 1509 4761 incidebat
1527 4722 1573 4760 aa.
1598 4706 1676 4770 tata,
1694 4722 1768 4762 coro·

977 4791 1039 4831 nam
1064 4786 1237 4847 suscepturus
1257 4775 1350 4831 Rome
1373 4776 1417 4830 die
1439 4774 1614 4833 pentecostes
1637 4777 1673 4831 il
1694 4775 1765 4831 Maii.

976 4846 1049 4900 idern
1064 4846 1218 4917 Raynaldus
1229 4845 1319 4917 (tato,
1332 4862 1359 4900 n.
1372 4845 1418 4928 il)
1430 4843 1514 4900 relert
1523 4861 1555 4899 ex
1566 4847 1628 4902 eod.
1638 4845 1766 4903 vallicell.

979 4916 1149 4986 Rudotptruar
1167 4932 1277 4985 parasse
1299 4917 1496 4985 erpedrtronem
1514 4915 1654 4981 italicam,
1668 4925 1699 4971 at
1715 4917 1769 4972 dis·

977 4986 1064 5056 sipata
1079 4986 1208 5042 diuturno
1220 4988 1374 5067 interregno
1391 4985 1496 5055 imperii
1513 4984 1630 5043 Romani
1647 5002 1709 5057 pura
1726 5001 1768 5042 re-

978 5064 1129 5180 cuperaiet,
1144 5057 1390 5182 atquelinsrgnrbrtrg
1405 5055 1589 5180 imparttrrlial'ibns
1602 5057 1654 5181 ῗιῐιί
1670 5073 1686 5113 a
1703 5058 1769 5142 Gre-

978 5142 1099 5252 llill...r
1108 5140 1424 5251 antistitaret
1434 5141 1672 5253 ...asmata
1683 5143 1769 5269 titt?

979 5268 1007 5322 di
1018 5274 1080 5349 ante
1099 5266 1262 5335 compositas
1276 5281 1336 5321 curn
1353 5265 1449 5322 Garolo
1460 5265 1559 5321 Siciliae
1580 5281 1646 5336 rege
1659 5278 1768 5325 contro·

980 5351 1226 5470 vertsMinabatur,
1239 5406 1284 5476 aui
1299 5404 1469 5475 Rudolpbunt
1480 5405 1556 5461 aiunt
1571 5405 1605 5463 de
1618 5406 1769 5465 compatiar

979 5491 1014 5531 ne
1026 5476 1170 5531 sollicitum
1183 5491 1237 5530 noo
1253 5475 1347 5530 luisse.
1360 5474 1530 5531 innocentius
1554 5483 1582 5544 et
1599 5491 1769 5533 sucooesonrs

980 5545 1089 5601 luerunt
1101 5545 1128 5599 in
1144 5561 1235 5608 causa,
1258 5561 1307 5601 car
1331 5546 1423 5601 tandiu
1447 5547 1587 5602 coronatio
1604 5545 1770 5609 differretur,

980 5624 1021 5681 ut,
1036 5615 1108 5697 tratis
1121 5615 1233 5673 suffinde
1243 5616 1334 5673 causis
1350 5615 1412 5672 aliis
1427 5613 1498 5675 inira
1509 5617 1688 5688 exponendis,
1708 5632 1769 5672 eva-

980 5692 1110 5810 nuiriiitn
1129 5755 1183 5810 dini
1197 5756 1222 5810 irr
1238 5755 1309 5811 tantia
1322 5754 1355 5809 nrl
1366 5736 1444 5824 epistss
1462 5755 1494 5812 l9
1508 5757 1558 5812 sub
1576 5755 1657 5811 linem
1672 5769 1770 5820 praee
