3780 6120
132 293 195 348 llos
292 345 299 358 ,
549 294 579 346 B.
601 291 725 348 dlltdtl
743 290 850 346 hthNl
868 289 942 345 orb.
964 289 1052 345 PARS
1070 292 1100 345 tl.
1123 291 1244 351 sectio
1262 294 1293 349 ll.
1677 295 1745 351 ilbi

125 419 229 464 manem
241 401 382 458 absciderit
391 417 564 473 purpureum,
581 417 703 458 unacum
718 411 804 471 putre,
817 401 907 471 etltys
923 411 943 465 p
957 400 997 454 rel
1012 401 1045 455 ad
1068 401 1237 456 tractandum
1260 402 1387 473 mystica,
1405 411 1432 458 ct
1452 405 1604 475 pictoribus
1629 407 1663 460 ad
1690 408 1745 462 lor·

126 497 292 564 obstuprata
302 501 454 549 mntcrtcrn
465 510 481 547 a
493 505 568 564 patre
579 503 682 564 gestum
697 504 724 548 et
733 493 906 548 homicidium
956 491 1081 544 mnodum
1095 491 1245 558 familiaria,
1260 508 1371 563 prorsus
1384 504 1457 562 sunt,
1474 505 1504 551 ut
1514 497 1618 566 pintan
1636 514 1743 565 sumus,

126 585 221 641 mutris
233 584 290 639 sire
303 592 453 640 manutere
470 585 496 638 in
520 585 608 654 seipso
619 595 756 655 patratum
769 600 823 639 una
843 599 905 639 cum
955 578 1079 635 adirirris
1092 580 1190 637 litteris
1202 582 1298 637 alicua.
1319 582 1396 648 Naar,
1419 593 1558 640 utentem
1581 595 1741 653 taceamus,

122 674 281 743 parentibus
291 673 496 745 sirematertcrn
507 676 533 730 in
544 677 666 731 volucres
678 676 814 746 llnguntur
824 674 906 733 subse
955 670 977 724 si
990 669 1050 737 quis
1062 670 1148 738 pictor
1168 671 1222 725 duo
1238 673 1326 741 cupita
1339 673 1366 727 in
1378 690 1432 729 unc
1442 689 1564 744 corpore,
1577 687 1625 731 aut
1638 678 1668 731 in
1678 677 1741 732 duo·

126 763 263 820 conversi?
280 771 327 817 aut
338 779 400 819 eum
421 763 536 835 Syrenes
552 780 585 821 ex
602 776 678 835 purte
691 767 819 837 virgines,
834 775 861 821 et
871 783 905 823 ex
954 758 1004 813 bus
1021 761 1177 828 corporibus
1189 770 1270 833 capnt
1285 778 1381 826 ununr,
1403 772 1450 819 aut
1467 765 1579 820 alterius
1595 766 1740 822 animandis

125 861 202 922 parto
214 853 335 909 volucres
346 853 498 924 linguntur?
511 864 558 910 aut
571 871 631 910 cunr
641 855 715 911 ixion
726 857 848 911 illusione
860 855 906 911 lu·
954 858 1043 919 capnt,
1057 851 1168 908 alerius
1178 863 1276 909 memra
1294 855 1434 921 membra,
1450 864 1479 910 ut
1492 855 1738 926 Hippocentaurum

125 947 204 1002 nonis
215 962 276 1002 cnm
288 945 363 1001 Nube
375 946 466 1001 coiens
476 946 622 1002 Centauros
633 947 906 1017 lingiturgcuerasse?
955 950 1011 997 toto
1024 957 1137 1012 corpore
1147 945 1245 1014 equino
1260 953 1287 1000 et
1304 955 1392 1015 capite
1410 947 1544 1013 humano,
1566 956 1595 1001 et
1607 948 1741 1002 llinotnu-

124 1041 240 1087 autenm
254 1031 391 1102 Neptunus
411 1032 518 1087 tridenti
535 1043 654 1089 armatus
671 1036 783 1088 ritarinis
797 1034 906 1106 lingitur
954 1048 1014 1088 rum
1024 1034 1186 1089 semibovem
1199 1036 1408 1107 semivirumque
1418 1037 1525 1094 affectet
1535 1039 1656 1107 pingere,
1673 1055 1737 1092 nua-

124 1120 247 1176 fluctibus
263 1121 412 1175 dominari?
431 1119 540 1176 Annon
561 1121 658 1177 diuinis
680 1122 826 1193 Scriptnris
840 1124 906 1179 alie·
954 1122 1018 1192 quid
1035 1137 1088 1176 non
1110 1121 1256 1193 Suriptnris
1278 1125 1377 1181 (licitur
1393 1128 1548 1184 contmiret
1567 1129 1670 1197 Ecquid
1696 1137 1737 1185 est

123 1227 186 1266 num
197 1220 247 1277 est,
261 1212 332 1282 quod
351 1211 466 1266 Perseus
481 1221 535 1267 tres
552 1228 658 1268 sorores
672 1213 810 1284 Gorgonas
827 1213 905 1284 adiu·
953 1212 1142 1277 dicere,an
1162 1224 1315 1271 contraeunt
1339 1219 1450 1289 pictores
1473 1218 1640 1288 scripturis?
1660 1220 1736 1289 quasi

123 1304 191 1358 torio
204 1303 328 1358 llinervae
341 1300 525 1365 interfecisse,
548 1311 593 1357 aut
617 1319 678 1358 cum
695 1304 782 1359 nlartus
794 1319 905 1361 aversus
954 1316 1007 1355 lton
1024 1300 1112 1370 aliqua
1131 1303 1306 1371 apictoribus
1322 1306 1425 1375 possint
1440 1306 1547 1377 depingi
1568 1322 1629 1376 que
1652 1311 1735 1365 sacris

123 1396 211 1449 ,nrm
226 1394 345 1463 fingitur,
367 1400 413 1446 nur
427 1409 488 1448 cum
500 1395 532 1448 dn
549 1395 676 1462 sanguine
690 1394 747 1461 ejus
761 1396 835 1450 nasci
849 1395 904 1451 rep.
953 1388 1049 1445 litteris
1065 1391 1210 1446 credantur
1221 1391 1359 1463 reiragari.
1372 1393 1399 1448 ln
1416 1395 1502 1449 sacris
1514 1396 1615 1450 etenim
1627 1396 1733 1461 litteris,

123 1493 177 1566 tur·
189 1484 315 1556 Pegasus,
333 1499 418 1554 equus
436 1485 541 1550 alatus,
557 1487 601 1555 qui
624 1488 721 1556 ungula
735 1503 782 1542 sua
802 1486 904 1543 iontem
952 1481 1019 1536 nihil
1031 1483 1171 1549 vitiosum,
1185 1485 1251 1539 nihil
1273 1485 1472 1553 inconveniens,
1495 1488 1562 1543 nibil
1579 1489 1731 1558 impurum,

123 1572 224 1642 rupisse
240 1571 322 1629 biusis
336 1573 503 1643 depingitur?
514 1573 555 1627 An
570 1590 623 1629 uon
642 1575 739 1630 diriurs
756 1575 905 1647 Scripturis
952 1571 1019 1627 nihil
1039 1570 1146 1639 tabum,
1161 1574 1213 1629 nisi
1235 1572 1304 1630 sorte
1325 1575 1351 1630 id
1369 1577 1441 1646 quud
1453 1592 1595 1646 perversos
1612 1593 1733 1648 quosque

32 1728 36 1737 .
122 1665 286 1720 eontrarium
302 1673 353 1731 est,
376 1666 447 1735 qnod
459 1665 649 1722 Prometheum
667 1667 788 1721 honrines
802 1681 833 1720 ex
847 1666 904 1720 luto
953 1661 1053 1717 dixisse
1074 1663 1116 1718 rel
1133 1661 1229 1720 iecisse
1250 1672 1344 1720 sanan
1369 1665 1508 1736 Scriptura
1528 1673 1732 1731 commemorat,

122 1755 231 1811 tinxisse
242 1755 402 1811 inanimatos
413 1754 526 1827 llngunt,
540 1765 568 1811 ct
578 1756 701 1812 cumdem
714 1756 902 1811 Prometheum
920 1739 942 1800 Β
953 1752 1060 1821 pertitus
1084 1752 1232 1820 insonitum
1254 1755 1281 1809 in
1301 1755 1413 1824 picturis
1431 1763 1522 1818 nutem
1547 1755 1624 1824 plura
1647 1753 1732 1825 lata,

121 1843 266 1900 allinerra
279 1844 306 1899 in
321 1844 417 1900 caelum
428 1844 544 1900 levatum
563 1846 706 1901 intereras
720 1845 902 1915 septemplicis
951 1841 1026 1910 plura
1048 1841 1153 1908 vitiosa,
1171 1842 1247 1913 plura
1269 1843 1497 1914 inconsequentia,
1512 1844 1590 1913 plum
1606 1843 1731 1899 income·

121 1935 217 2006 clypei,
230 1944 257 1991 et
275 1936 338 1991 dum
359 1936 448 1991 omnia
461 1936 579 1991 emlcstta
593 1936 714 2001 vidisset,
728 1935 831 2006 lingunt
841 1949 903 1991 eum
951 1931 1060 1997 aientia,
1075 1939 1111 1999 et,
1126 1940 1156 1988 ut
1170 1933 1273 2005 magula
1285 1942 1396 1999 taceam
1414 1949 1483 2004 pene
1497 1935 1587 1988 omnia
1604 1934 1661 1990 sire
1674 1949 1732 2002 pos·

120 2023 233 2079 lerulam
256 2024 407 2081 Phoebiacis
422 2026 569 2096 applicasse
584 2027 671 2092 rotis,
685 2027 828 2095 ignemque
843 2041 904 2084 esse
952 2023 1057 2089 sibilia,
1072 2024 1128 2080 sire
1142 2025 1330 2096 impossibilia,
1349 2025 1383 2080 ab
1398 2026 1512 2081 eruditis
1526 2026 1676 2095 pictoribus
1691 2024 1732 2080 de

121 2114 252 2182 iuratum,
265 2123 292 2170 et
302 2117 455 2185 pectusculo
474 2118 589 2173 hominis
601 2134 681 2189 quern
691 2118 806 2174 tinxerat
820 2118 904 2189 appll-
951 2112 1097 2183 pinguntur
1111 2127 1119 2167 z
1135 2114 1232 2183 quibus
1242 2114 1409 2170 documentis
1427 2113 1543 2170 ioannes
1551 2115 1695 2185 presbyter
1706 2121 1730 2169 cl

120 2215 181 2260 ento
200 2206 346 2261 animatum
367 2207 515 2264 reddidisse
533 2209 648 2278 corpusl
668 2206 709 2262 An
730 2223 783 2263 non
806 2207 904 2264 divinis
951 2205 1055 2276 legatus
1072 2203 1248 2262 Orientalium
1267 2207 1294 2261 in
1315 2207 1366 2262 hac
1382 2222 1488 2278 quoque
1508 2217 1603 2278 parte,
1618 2209 1689 2263 sicut
1705 2217 1731 2264 et

121 2295 266 2366 scripturis
286 2298 450 2353 contrarium
464 2306 524 2362 est,
548 2298 620 2368 quod
636 2297 777 2353 Tantalum
800 2297 903 2368 lingunt
952 2296 979 2351 in
1000 2297 1105 2352 caeoeris
1116 2297 1246 2352 delirasse
1266 2297 1443 2353 convincitur.
1459 2297 1536 2365 Quod
1553 2307 1643 2353 sutem
1656 2314 1730 2368 pres-

120 2386 147 2440 ἰιι
160 2386 264 2443 interno
276 2387 302 2443 in
313 2388 496 2457 quodamlacu
512 2389 677 2459 depositum,
690 2388 768 2459 eique
778 2387 902 2444 lallacem
950 2386 1028 2458 byter
1040 2386 1172 2452 intenuit,
1187 2387 1298 2458 pictores
1316 2386 1441 2458 quidquid
1458 2387 1596 2459 Scriptura
1619 2389 1732 2459 loquitur

120 2492 216 2547 aquarn
227 2477 326 2549 gulosis
341 2478 410 2535 labia
421 2479 600 2535 titillamentis
613 2480 754 2549 attingere,
769 2494 903 2548 pomaque
951 2476 1140 2542 demonstrare,
1153 2493 1233 2547 quam
1247 2477 1283 2532 sit
1295 2476 1390 2532 laisum
1407 2492 1540 2547 quamque
1555 2479 1660 2542 inutile,
1672 2493 1730 2548 pru·

121 2565 239 2637 fugitivis
261 2567 454 2624 cinerescentia
479 2569 595 2624 tactibus
610 2569 724 2639 desuper
738 2567 807 2622 lucie
825 2576 904 2623 tenus
952 2568 1017 2623 dens
1028 2567 1113 2624 lector
1124 2568 1256 2623 advertat.
1271 2568 1458 2639 Nunquidnam
1475 2568 1573 2624 divium
1585 2580 1683 2625 cuncta
1695 2570 1730 2625 le-

119 2654 233 2723 peudula
248 2670 394 2725 apparere,
413 2657 492 2727 cique
514 2672 575 2714 esse
593 2657 752 2727 locupletem
769 2658 857 2712 risun
875 2666 903 2714 et
951 2657 992 2728 gis
1005 2666 1138 2728 praecepta
1159 2672 1219 2727 quae
1232 2673 1248 2712 a
1262 2659 1373 2714 ιιοιιιιιιο
1393 2675 1442 2729 per
1461 2659 1571 2728 Moysen
1582 2651 1643 2714 dan
1661 2668 1728 2722 sunt,

120 2760 262 2815 pauperem
274 2744 416 2803 ellectum?
428 2746 471 2801 nn
490 2763 544 2804 non
557 2746 655 2803 diuinis
674 2748 821 2818 Scriptnris
839 2747 904 2802 alie·
951 2754 1030 2803 utest
1040 2748 1113 2812 illud,
1125 2749 1194 2802 daut
1204 2747 1430 2813 decachinnamur
1442 2749 1728 2804 montembarrum

120 2849 182 2887 ιιιιιιι
196 2841 247 2902 est,
270 2849 332 2891 cunr
351 2834 470 2892 Phineus
489 2850 576 2892 cecus
594 2836 718 2908 lingitur,
740 2833 816 2904 errius
828 2835 903 2892 cibos
951 2845 988 2890 est
1002 2836 1090 2907 (deut.
1101 2837 1149 2901 vr),
1165 2845 1296 2892 etentera
1309 2839 1502 2906 hupuscemcdi,
1515 2839 1542 2893 in
1556 2841 1655 2909 quibus
1666 2838 1729 2894 nihil

119 2919 242 2993 ltnrpyin
264 2923 393 2992 rapuisse,
415 2923 526 2994 ejusque
534 2925 648 2993 prandia
668 2926 832 2981 stercoribus
855 2923 903 2982 ιω-
951 2935 1048 2983 scnant
1060 2941 1120 2996 quae
1141 2927 1213 2997 pingi
1223 2927 1336 2995 possint,
1351 2928 1527 2997 apictcribus
1544 2929 1728 2984 demonstran·

121 3012 197 3067 dasse
219 3012 382 3083 pinguntur,
410 3029 477 3084 quas
501 3014 583 3070 zetus
606 3024 634 3070 et
650 3014 737 3071 Calais
763 3015 902 3086 Aquilonis
952 3014 1013 3068 tnrt
1030 3011 1216 3082 Nunquidnnm
1241 3015 1330 3069 omnia
1354 3015 1435 3070 verba
1463 3015 1673 3086 prophetarum,
1704 3016 1728 3071 in

122 3101 193 3155 renti
211 3101 259 3156 dlii
276 3101 383 3172 legasse
405 3118 420 3157 a
435 3112 579 3174 conspectu
599 3104 657 3175 ejus
671 3105 835 3161 mendaciter
848 3107 900 3161 ιιιι-
914 3066 938 3132 c
951 3102 1049 3171 quibus
1063 3103 1206 3168 doctrine,
1220 3104 1430 3169 exhortationes,
1443 3105 1657 3177 redargutiones,
1670 3123 1728 3162 con·

121 3190 235 3261 gnutnrl
252 3190 293 3245 Αιι
311 3207 363 3247 ιιοιι
384 3192 482 3248 divinis
504 3193 650 3264 Seriptnris
671 3195 899 3262 contrariumest,
950 3189 1146 3260 lembhliffies·
1174 3191 1262 3257 mium,
1288 3191 1329 3246 vel
1342 3200 1438 3247 wera
1461 3194 1504 3248 llis
1524 3195 1624 3249 similia
1646 3196 1728 3250 0⁰1¹!i·

121 3292 181 3332 cum
196 3276 326 3333 Admetus
339 3292 385 3334 rex
398 3277 518 3346 Graeciae,
531 3289 560 3335 nt
569 3281 684 3337 Alcnstae
693 3281 816 3352 corqngin
830 3282 901 3340 trun
950 3287 1058 3344 nentur,
1081 3278 1107 3332 in
1122 3279 1219 3349 quihus
1230 3281 1327 3336 erebro
1346 3280 1497 3347 invenitur,
1517 3281 1658 3338 discalcia
1677 3284 1728 3338 llo·

121 3373 195 3422 retur
212 3368 358 3424 secundum
371 3370 537 3441 propositum
548 3375 634 3428 sceeri
648 3373 752 3428 leonem
765 3384 791 3429 ct
805 3391 901 3445 aprum
950 3371 1053 3434 mimus
1067 3376 1123 3434 ²¹11·
1137 3369 1241 3425 taranta
1255 3370 1391 3440 Dominus
1410 3381 1457 3428 ³¹¹²
1477 3374 1520 3429 ¹¹5⁸
1540 3376 1656 3441 Similia,
1673 3392 1728 3447 lluae

121 3457 154 3512 ad
168 3473 276 3512 currum
294 3457 373 3513 simul
387 3456 505 3528 junctos,
528 3460 657 3531 Apollinis
669 3471 697 3518 et
714 3463 835 3520 liercolis
855 3465 903 3520 ad-
951 3459 985 3514 ab
1000 3459 1175 3531 scriptoribus
1191 3463 1370 3534 potiusquam
1388 3480 1404 3519 a
1413 3468 1561 3536 pictoribus
1570 3481 1728 3538 exarantur,

120 3544 249 3606 tunorium
264 3549 389 3606 hahuisse
402 3551 540 3623 pingitur?
555 3553 609 3609 Aut
618 3570 680 3610 pum
695 3555 824 3613 Hercules
838 3557 902 3614 cer.
950 3549 1055 3618 pictura
1067 3553 1212 3608 secundum
1225 3553 1281 3622 ejus
1294 3557 1438 3612 uanitatem
1451 3561 1636 3617 dernenstrare
1648 3564 1728 3620 valet!

121 3635 214 3695 lterum
226 3639 368 3710 tricipitem
382 3656 477 3698 canem
490 3641 637 3700 interorum
651 3646 820 3704 interemisse
839 3649 901 3719 pin.
951 3637 1137 3710 Nunquiduam
1163 3643 1243 3697 rerba
1266 3644 1349 3714 ipsius
1369 3647 1475 3702 Domini
1498 3659 1527 3704 et
1548 3654 1727 3722 apostolorum

121 3725 210 3792 gitur?
231 3725 274 3783 An
300 3743 354 3784 non
375 3729 473 3786 divinis
489 3729 636 3802 scripturis
661 3736 825 3791 contrarium
848 3745 900 3805 est,
951 3729 1055 3802 singula
1072 3733 1249 3801 apietoribus
1267 3746 1379 3805 possm
1396 3738 1593 3796 demonstrarit
1613 3742 1730 3800 pignores

122 3815 191 3884 qnod
213 3816 360 3874 buteonem
373 3820 516 3888 quemdam
531 3829 683 3878 venatorem
705 3825 822 3894 eoquod
841 3825 902 3880 Dia·
952 3819 1034 3890 igitur
1046 3834 1134 3876 rerum
1145 3831 1279 3893 gestamrn
1293 3826 1418 3883 historias
1435 3831 1469 3885 ad
1483 3833 1641 3888 memoriam
1658 3837 1729 3891 redu·

122 3920 184 3962 nnm
206 3905 338 3962 lavantem
360 3909 464 3976 viderit,
489 3910 518 3964 in
532 3925 640 3966 cerrum
654 3912 828 3985 linguntesse
839 3932 903 3972 eon·
952 3926 1013 3966 cete
1034 3913 1228 3981 quodammodo
1247 3917 1345 3983 valent,
1364 3933 1406 3973 res
1430 3928 1519 3975 autem
1533 3936 1594 3991 tque
1613 3926 1728 3980 sensibus

122 4010 238 4063 versum,
258 4005 286 4053 et
305 3998 445 4055 aeonibus
468 4000 525 4056 suis
538 4016 591 4057 non
608 4003 742 4071 agnitum,
757 4020 903 4077 corumque
953 4002 1370 4074 tantummodopercipiunturet
1384 4009 1471 4064 verbis
1484 4009 1728 4081 proteranturque

123 4086 256 4142 tocmibus
270 4088 444 4144 devoratum?
455 4089 497 4146 An
506 4106 559 4146 non
572 4092 670 4149 divinis
683 4092 828 4163 Scripturis
840 4112 903 4153 con-
952 4108 968 4146 a
985 4093 1150 4163 pictoribus,
1170 4097 1217 4151 sed
1231 4097 1265 4152 ³1)
1288 4099 1464 4168 serillwribus
1480 4107 1692 4174 comprehendi,
1706 4114 1728 4161 tl

122 4175 234 4230 tranium
262 4183 324 4243 est,
355 4179 425 4248 qnod
457 4180 636 4252 wecyutbta
658 4197 769 4252 puerum
796 4184 902 4243 lcrmo-
952 4183 1065 4237 aliorum
1086 4183 1213 4240 relatibus
1238 4187 1414 4244 demonstrari
1440 4192 1546 4259 valent,
1572 4211 1605 4251 ac
1619 4212 1668 4267 per
1685 4199 1729 4253 hoc

122 4264 257 4321 tissimum
270 4264 339 4338 htyn
356 4283 480 4335 amasse,
499 4285 614 4341 eumque
628 4272 767 4345 zelotypian
781 4277 901 4335 vanitate
952 4273 1097 4328 absurdum
1111 4286 1153 4329 cst
1163 4275 1252 4332 dicere
1265 4292 1273 4330 ε
1288 4277 1350 4334 Non
1368 4291 1521 4338 contraeunt
1539 4287 1652 4356 pictam
1663 4289 1728 4344 serl-

123 4367 250 4411 succensa
261 4365 407 4425 castrasse,
422 4365 449 4415 et
460 4360 675 4417 semimasculum
697 4361 793 4422 iecisse
809 4367 903 4439 depin-
915 4395 940 4455 υ
952 4367 1046 4435 pturia,
1064 4365 1109 4419 red
1121 4367 1246 4438 quidquid
1260 4370 1396 4441 Scriptura
1414 4372 1541 4444 loquitur,
1564 4379 1614 4434 hoc
1630 4381 1727 4436 denen

121 4446 212 4517 gitur?
225 4448 267 4501 dn
280 4463 333 4504 non
354 4450 452 4507 divinis
476 4450 623 4524 scripturis
649 4459 815 4515 contrarium
838 4470 900 4527 est,
954 4464 1035 4508 tront.
1046 4454 1131 4512 Porro
1150 4461 1220 4528 dt¹⁰tl
1232 4459 1279 4526 ³1²,
1293 4460 1511 4518 concordarunt
1526 4464 1726 4538 Scripltttetstl·

122 4538 194 4608 quod
215 4538 336 4609 Orpheus
348 4541 491 4600 Euridicen
506 4549 652 4618 nympham
667 4565 772 4607 amasse
794 4560 821 4608 et
836 4569 902 4610 orno
954 4559 1033 4613 (luam
1045 4543 1080 4599 ⁵5²
1092 4544 1239 4616 5⁰⁵¹¹¹⁵¹¹¹¹l2
1252 4565 1385 4620 quamque
1401 4554 1565 4624 ²b⁸⁰rl¹¹¹¹¹¹s
1579 4562 1671 4617 multis
1686 4577 1728 4632 Pl·

122 4627 240 4699 cytharae
261 4641 417 4697 persuasam
439 4648 549 4689 uxorem
566 4636 674 4693 duxisse
692 4638 819 4712 pingitur,
838 4657 899 4713 qna
953 4642 1007 4691 test
1023 4639 1164 4708 approbari
1180 4642 1295 4698 indiciis.
1312 4644 1422 4712 Qualem
1431 4650 1505 4705 enim
1517 4658 1727 4713 concordantiam

122 4715 202 4771 etiam
214 4716 276 4773 dum
287 4716 386 4774 Ariste
401 4723 518 4792 pastoris
526 4728 738 4794 persecutionem
749 4745 801 4785 non
814 4730 903 4788 terens
952 4736 1064 4795 possunt
1074 4729 1174 4786 habere
1186 4747 1248 4788 eum
1265 4734 1410 4806 seripturis
1423 4741 1519 4808 sacris,
1539 4759 1603 4801 cum
1619 4747 1672 4802 illae
1689 4763 1728 4802 re

121 4805 234 4878 lugeret,
248 4814 275 4865 et
285 4807 313 4864 in
327 4819 480 4881 serpentem
493 4814 613 4872 incidens
620 4826 725 4873 mortua
737 4828 818 4887 esset,
832 4836 904 4876 eam
953 4831 1030 4872 raees
1052 4818 1115 4884 sint,
1131 4820 1174 4875 isti
1193 4822 1350 4896 plemmque
1373 4828 1439 4884 laba
1460 4832 1639 4906 confingant?
1654 4848 1682 4894 et
1702 4839 1728 4894 dc

121 4912 174 4967 que
199 4899 312 4956 maritus
332 4900 475 4973 insequens
500 4906 534 4960 ad
552 4905 653 4963 interos
667 4907 854 4976 descenderet,
874 4920 901 4968 et
953 4907 1131 4975 illisdicatur,
1142 4910 1254 4983 Eloquia
1272 4915 1376 4972 bomini
1389 4918 1491 4992 elocuta
1502 4936 1577 4981 caan
1591 4927 1667 4999 (Psoi
1679 4931 1728 5000 n).

121 4988 207 5059 legem
219 4990 353 5063 acciperet
365 5009 400 5050 ne
423 5010 483 5051 earn
499 5011 644 5055 urnrcrsus
656 4999 805 5070 aspiceret,
830 5002 901 5059 banc
954 5000 998 5055 isti
1016 5000 1151 5056 interdum
1161 5001 1262 5073 lingant
1274 5005 1378 5077 inopum
1391 5017 1419 5063 et
1430 5011 1553 5068 incesta?
1563 5015 1618 5073 libe
1630 5033 1728 5090 semper

121 5096 265 5140 conversus
278 5085 413 5154 aspexisse
424 5095 451 5143 et
463 5088 549 5144 denuc
562 5091 713 5159 perdidisse
723 5091 849 5164 lingiturl
859 5094 900 5148 An
953 5091 1082 5146 suadeant
1105 5093 1217 5149 honesta
1232 5105 1260 5152 et
1284 5099 1416 5168 salubria,
1440 5103 1486 5160 isti
1503 5108 1641 5167 multoties
1661 5115 1727 5168 inho

121 5185 175 5226 oon
190 5171 443 5245 diuinisScripturis
454 5177 570 5235 ιιιιιιιιιιιιι
582 5190 638 5247 est,
654 5183 726 5253 quod
740 5183 827 5240 Venus
840 5201 903 5240 cum
953 5192 1029 5237 nesta
1048 5191 1075 5237 et
1088 5183 1222 5252 ludibria?
1238 5188 1292 5245 ille
1310 5205 1415 5262 semper
1430 5194 1533 5253 instent
1547 5199 1673 5259 humana
1692 5220 1730 5261 sa·

120 5257 204 5316 Marte
216 5263 391 5321 concubuisse
404 5275 459 5321 etu
474 5264 535 5323 Sole
547 5268 729 5341 deprehensa,
743 5282 770 5329 et
783 5275 903 5333 Vulcano
952 5274 1012 5342 luti,
1031 5275 1076 5330 isti
1089 5275 1246 5349 plerumque
1268 5284 1395 5338 ranintii
1406 5283 1460 5339 lllae
1474 5301 1583 5359 semper
1597 5294 1729 5350 huruuua

121 5351 242 5419 prodita,
266 5359 295 5410 et
316 5355 417 5412 abillo
441 5359 621 5418 adamantinis
639 5365 740 5421 ottenis
764 5383 817 5421 nna
841 5383 903 5424 cum
953 5368 986 5423 ad
1008 5368 1127 5425 colestia
1141 5372 1229 5438 dona,
1255 5375 1299 5431 isti
1318 5379 1413 5435 crebro
1429 5380 1576 5455 depringant
1599 5390 1729 5446 tenesmo

120 5438 205 5495 llarte
225 5442 342 5514 pingitur
357 5444 439 5502 luisse
456 5447 584 5519 religata?
599 5450 701 5510 lineet
719 5454 762 5511 his
784 5457 901 5523 similia,
952 5473 1065 5530 queque
1087 5464 1246 5521 etcaduca?
1264 5467 1367 5535 Quanta
1382 5473 1454 5527 enim
1477 5478 1671 5537 concordantia
1694 5490 1729 5539 est

121 5538 221 5633 ιιιιιιιοι
232 5533 310 5638 nobis
326 5533 361 5590 ad
372 5538 546 5594 retexendum
557 5549 621 5596 sunt
635 5541 784 5613 fastidiosa,
795 5554 823 5602 et
835 5561 901 5617 pce-
954 5549 1023 5604 inter
1036 5552 1062 5608 id
1080 5555 1151 5624 quod
1168 5570 1273 5628 semper
1291 5561 1396 5618 ueritati
1418 5564 1551 5635 innititur,
1574 5577 1603 5626 et
1617 5572 1646 5627 in
1665 5548 1730 5644 quoi

121 5625 157 5676 ‘ts
168 5635 225 5677 stre
231 5624 393 5695 philosophis
402 5630 522 5699 gentium
532 5631 573 5688 rel
585 5633 619 5689 ad
629 5640 790 5696 mutandum
799 5638 901 5708 suarm,
953 5639 1111 5716 plemmque
1122 5648 1273 5721 ueritatem,
1284 5653 1443 5729 plernnrquc
1458 5659 1601 5720 talaiam
1620 5667 1734 5738 insurgat.
