3780 6120
107 264 172 360 ‘ata
263 297 345 358 ceu.
364 297 502 357 onnon.
514 333 550 342 -
564 285 717 374 vtronum,
736 306 828 373 ure..
851 306 917 364 sau
939 304 1055 361 couax
1074 305 1283 364 cananaea.
1303 338 1338 348 -
1358 308 1433 363 aar.
1452 309 1606 365 nuaram.
1713 307 1768 369 tat

124 427 176 475 tata
202 416 338 483 manebit,
361 417 425 490 quia
444 433 495 488 pre
516 416 670 488 hujusmodi
689 430 808 477 vestrum
827 420 917 496 regale
930 425 955 480 Α
970 419 1115 483 direxistis,
1134 419 1277 490 praeparati
1299 419 1428 482 existant,
1441 426 1469 475 et
1495 421 1540 477 ubi
1558 422 1635 478 nobis
1658 437 1769 482 necessa

121 524 220 566 nomeu
230 508 259 564 in
270 507 341 564 libm
351 516 461 564 aeternae
477 508 540 565 ritae
558 512 707 580 ascriptum
726 521 767 568 est
779 525 803 565 ι.
972 509 1055 566 fixerit
1067 512 1192 566 celeriter
1203 527 1346 567 occurrere
1357 508 1505 581 sataganth

156 600 225 656 lllud
239 600 504 670 auternquoduobis
527 611 617 657 restra
638 603 772 658 intimavit
788 603 922 660 excellen-
971 601 1054 673 496
1087 603 1244 673 Reperimus
1268 602 1349 656 etlam
1378 601 1405 656 in
1434 602 1500 671 ipsis
1527 603 1627 660 restris
1647 606 1770 675 apicibus

123 697 171 760 tia,
183 705 213 750 ut
227 693 360 766 quidquid
371 694 404 750 de
426 695 485 751 istis
501 697 626 767 partibus
641 706 808 767 compertum
823 698 923 753 halme-
972 694 1106 749 embolum
1125 695 1158 749 de
1180 693 1335 749 civitatibus
1357 693 1384 748 io
1408 693 1532 762 partibus
1556 694 1765 764 Beneventanis,

123 787 220 850 rimus,
231 784 433 842 subceleritate
443 785 535 843 omnia
547 795 643 842 restrae
656 787 739 857 regali
754 787 922 843 excellentiae
972 773 1040 853 quas
1053 784 1132 839 beato
1147 785 1227 838 Petro
1243 782 1365 852 apostolo
1379 792 1406 838 et
1423 783 1502 839 nobis
1514 784 1610 839 devota
1630 786 1769 843 obtulistis

123 876 277 950 siguificare
291 874 451 943 niteremur,
466 877 557 933 emisit
575 877 653 934 nobis
673 876 837 949 Stephanus,
850 878 921 933 Nea·
972 883 1061 929 niente
1086 875 1119 930 de
1147 873 1270 935 Nescitis,
1293 881 1321 929 et
1346 875 1379 929 de
1402 872 1563 945 Populonio,
1582 875 1684 933 Aruina
1705 878 1766 935 duci

122 967 261 1038 politanus
270 967 424 1040 episcopus,
437 982 486 1037 per
496 983 559 1024 suas
569 969 660 1037 apices
675 968 797 1024 diaconia
811 967 920 1041 [Creta.‚
967 964 1106 1035 jussistis,
1137 965 1253 1035 qualiter
1285 981 1347 1020 cum
1376 965 1483 1021 ceteris
1511 964 1636 1023 fidelihus
1670 969 1769 1024 restris

123 1057 374 1132 thamuiamljuris
389 1066 604 1115 sanetaeuostrte
614 1059 744 1115 Ecclesiae
758 1060 809 1116 sihi
828 1075 923 1115 conce·
971 1059 1063 1113 ntissis
1093 1070 1115 1117 ι.
1138 1058 1174 1113 ιιι
1199 1059 1291 1113 omnia
1315 1058 1453 1128 complere
1475 1059 1586 1127 debeat,
1611 1061 1683 1116 sicut
1710 1060 1767 1116 Deo

123 1149 162 1215 di,
190 1148 220 1204 in
247 1147 346 1219 quibus
372 1148 508 1203 embolum
531 1149 631 1218 posuit,
655 1149 738 1222 495
765 1149 921 1218 significans
970 1149 1074 1219 placeat
1086 1149 1287 1204 etbeatoPetro
1301 1150 1432 1218 apostolo,
1444 1157 1472 1205 ιι
1484 1166 1534 1206 nos
1544 1153 1770 1221 proptereainhis

123 1242 205 1298 nobis
230 1241 263 1296 de
282 1238 399 1296 nefanda
415 1239 554 1313 ⁴ldalgiso‚
576 1240 631 1296 lilio
641 1241 762 1313 protervi
776 1242 919 1309 Desiderii,
969 1252 1019 1307 pro
1045 1248 1135 1293 restra
1150 1239 1278 1294 berrcvula
1294 1240 1453 1295 excellentia
1467 1256 1521 1296 non
1540 1242 1689 1299 desinimus
1701 1244 1770 1300 ‹liul-

123 1340 150 1387 ct
164 1333 198 1388 de
211 1331 320 1386 insidiis
335 1329 502 1386 Graecomm.
516 1329 604 1385 Simili
619 1331 699 1387 modo
719 1339 747 1385 ct
763 1329 919 1400 campulus,
970 1342 1033 1381 nam
1054 1332 1168 1383 'exorare
1189 1327 1371 1383 clementiam.
1397 1329 1450 1385 Sed
1474 1329 1540 1401 quid
1563 1331 1654 1388 missis
1668 1337 1769 1391 restris

121 1422 268 1492 episcopus
285 1419 440 1489 cajetanus,
455 1435 504 1490 per
529 1435 593 1475 suas
610 1420 695 1476 series
716 1434 748 1474 ca
768 1420 825 1491 ipsa
843 1421 921 1476 nobis
971 1418 1093 1488 contigit,
1119 1426 1210 1473 restra
1231 1419 1379 1474 noluerunt
1396 1421 1544 1490 adimplere
1567 1423 1600 1478 de
1613 1421 1768 1491 hujusmodi

123 1513 272 1579 intimarit,
289 1520 423 1582 quatenus
437 1526 487 1580 pro
511 1510 596 1565 nimio
621 1519 713 1566 vestro
736 1524 829 1566 amore
850 1510 921 1565 idem
967 1505 1053 1575 jussa,
1083 1523 1172 1578 neque
1199 1509 1231 1565 de
1251 1508 1366 1565 liosellis
1383 1516 1412 1563 et
1427 1509 1586 1579 Populonio,
1607 1527 1694 1583 necque
1706 1530 1770 1584 par-

123 1605 262 1661 embolum
273 1613 354 1673 atque
366 1601 508 1672 epistolam
521 1599 591 1656 infra
603 1600 755 1673 posuimus;
769 1599 816 1656 scd
832 1598 922 1654 taliter
971 1600 1043 1654 tilms
1066 1600 1261 1656 Beneventanis
1279 1598 1303 1654 d.
1326 1599 1402 1656 Unde
1430 1600 1602 1656 Crescentem
1625 1612 1652 1657 et
1673 1604 1770 1658 Adria-

124 1709 216 1755 restra
244 1695 429 1768 praecellentia
441 1676 645 1751 'commendare
669 1703 751 1764 atque
779 1694 921 1764 disponere
972 1710 1036 1748 ιιιιιιι
1049 1695 1130 1749 duces
1142 1709 1203 1749 cum
1216 1694 1380 1750 fidelissimis
1393 1694 1483 1749 missis
1495 1696 1593 1750 restris
1607 1696 1634 1749 in
1647 1697 1771 1766 partilms

121 1789 225 1863 lubeat,
252 1797 283 1845 ut
304 1788 441 1844 exercitus
461 1801 476 1842 ι
493 1787 571 1842 rolris
597 1786 763 1854 demandati,
785 1794 817 1842 ut
843 1787 922 1843 nobis
939 1769 1169 1838 Bllcncrentanis
1184 1784 1342 1850 direximus,
1370 1791 1461 1839 restra
1476 1786 1577 1856 regalia
1593 1788 1771 1858 suscipientes

158 1955 171 1983 ¹
185 1947 246 2001 fluo
258 1947 311 2001 ista
324 1944 413 2016 capita
425 1943 458 1998 dc
472 1949 573 1997 sanetae
582 1940 655 1996 sedis
665 1949 691 1995 et
703 1938 793 1995 Caroli
804 1938 923 1995 utilitate
974 1940 1056 2003 nisse,
1074 1941 1146 2009 quod
1161 1955 1195 1993 ex
1211 1939 1324 1995 inarmis
1348 1939 1402 1993 lllll
1419 1940 1498 2008 epist.
1518 1939 1553 1994 89
1565 1948 1594 1994 ιι
1611 1940 1645 1995 7ι
1658 1941 1769 2013 colligit.

123 2035 158 2074 ea
181 2016 273 2072 allicio
285 2016 385 2073 summi
410 2013 546 2084 pontilicis
562 2027 626 2082 erga
639 2022 762 2066 sanctam
775 2009 878 2074 sedem,
895 2016 923 2064 et
974 2011 1105 2080 Equidem
1130 2010 1294 2065 testimoniis
1311 2008 1409 2065 saeculo
1421 2009 1479 2064 fere
1492 2010 1597 2081 integro
1608 2013 1769 2083 praeterieri-

125 2103 230 2145 tmnuaa
254 2103 289 2142 es
314 2084 501 2142 benermmtia
525 2097 589 2152 erga
614 2097 702 2152 regem
727 2080 920 2135 nascebantur.
972 2082 1023 2137 bus
1038 2097 1090 2135 non
1107 2080 1240 2136 insistam.
1253 2079 1282 2134 ld
1302 2088 1439 2148 procerte
1452 2079 1652 2135 affirmarenoo
1666 2081 1770 2147 dubito,

125 2158 260 2229 Utrinque
285 2165 377 2212 autem
405 2152 545 2209 catholice
568 2150 630 2207 fidei
653 2151 794 2214 securitas,
820 2149 923 2205 Grecis
973 2150 1098 2207 Carolurn
1114 2151 1238 2221 blagrmm
1254 2164 1341 2220 neque
1353 2149 1527 2204 Tarracinam
1543 2165 1631 2220 neque
1645 2150 1769 2221 Caietam

124 2225 429 2297 ltaliaomninopulsis,
447 2222 613 2294 quodannm
625 2220 761 2276 Adrianus
774 2222 923 2291 predeces-
972 2222 1088 2276 donasse
1112 2230 1213 2276 sanetae
1233 2221 1301 2285 sedi,
1321 2221 1394 2290 quod
1417 2228 1492 2290 patet
1515 2234 1549 2274 ex
1570 2221 1697 2278 Eudoxici
1729 2222 1770 2279 Pii

126 2312 256 2368 acresque
277 2297 336 2366 ejus
361 2304 501 2364 tantopere
523 2293 721 2348 desiderarunt.
736 2292 799 2347 llaec
818 2291 923 2346 scilieet
973 2291 1234 2358 cortstitutionc3sed
1253 2290 1427 2347 Tarracinam
1449 2292 1525 2361 prius
1546 2289 1716 2363 subjugatam
1735 2295 1771 2349 ab

126 2379 183 2428 erat
195 2377 300 2425 sauctae
320 2366 369 2422 liei
392 2365 521 2421 Ecclesiae
540 2361 670 2427 defensio,
692 2377 774 2432 quam
796 2360 923 2418 orrruihus
973 2363 1095 2418 exercitu
1119 2361 1269 2433 pontificio,
1296 2362 1393 2418 deinde
1412 2361 1521 2417 auxiliis
1542 2361 1708 2418 Francorum
1727 2381 1771 2420 re·

126 2441 180 2496 lere
197 2439 225 2494 iu
237 2437 360 2510 epistolis
383 2436 548 2490 Francorum
566 2434 673 2504 regibus
688 2433 801 2502 Pippino
821 2440 849 2486 et
869 2430 922 2486 Ca·
973 2441 1077 2501 ceptam
1100 2449 1144 2486 an.
1167 2431 1219 2487 788
1241 2434 1295 2504 (ep.
1314 2431 1359 2497 65,
1383 2432 1418 2486 al.
1443 2431 1499 2503 ot),
1532 2433 1680 2502 eademque
1692 2449 1772 2489 occa-

126 2510 181 2566 rolo
205 2509 329 2579 patriciis
355 2507 536 2562 Romanorum
556 2504 771 2558 commendatam
793 2502 921 2557 vidimus.

126 2580 177 2637 Pro
201 2587 297 2636 sancta
319 2587 411 2634 autem
431 2576 479 2630 Dei
504 2574 635 2638 Ecclesia,
658 2572 808 2628 Romanam
824 2572 921 2643 accipi,

125 2667 185 2721 quaa
200 2660 244 2706 est
273 2656 400 2720 caputet
429 2655 552 2702 centrum
578 2645 711 2699 universas
739 2643 876 2706 Ecclesiae,
902 2643 922 2697 ii

127 2729 230 2777 tantum
248 2721 374 2792 ignorant
392 2718 437 2800 qui
449 2714 562 2772 abscissi
577 2715 611 2769 ab
628 2714 724 2770 eadem
736 2722 810 2768 strrrt.
836 2713 920 2767 Cnxx.

158 2793 175 2834 b
191 2789 351 2861 Caletanum
363 2801 518 2858 episcopum
532 2783 693 2855 patefecisse
704 2784 823 2839 Adriano
834 2782 923 2838 eonsi-

127 2861 160 2917 lla
179 2861 338 2918 Graecorum
359 2866 388 2913 et
410 2856 531 2925 Adalgisi
558 2855 696 2911 molimina
725 2855 793 2909 nihil
810 2854 920 2909 nrirum.

126 2933 192 2988 Nam
215 2930 310 3000 Caieta
327 2938 355 2986 et
371 2927 520 2984 Tarracina
537 2924 606 2994 iuris
629 2934 707 2980 crant
725 2933 826 2980 sauctae
838 2922 920 2986 sedis,

127 3004 165 3059 hc
183 3005 219 3058 de
236 3001 384 3057 Tarracina
398 2998 506 3068 quidem
520 2996 624 3051 nullutn
638 2995 758 3050 dubium.
773 2995 920 3064 Postquam

972 2503 1048 2558 sinite
1061 2502 1180 2571 Caietam
1197 2511 1378 2585 expugnatam
1400 2502 1535 2558 Adrianus
1553 2501 1682 2570 adiecisse
1698 2505 1773 2560 ride·

973 2578 1018 2627 tur
1034 2575 1177 2628 maritimae
1187 2574 1292 2638 ditioni,
1308 2589 1368 2645 quae
1380 2574 1414 2628 ad
1429 2573 1514 2628 Lirim
1525 2588 1611 2641 usque
1628 2575 1772 2644 protende-

973 2646 1062 2699 batur.
1084 2645 1190 2700 fdcireo
1206 2644 1318 2700 Carolus
1338 2660 1384 2698 an.
1406 2642 1456 2698 787
1476 2644 1690 2700 mediterraneas
1704 2645 1771 2701 eiri-

973 2720 1043 2769 tates
1056 2713 1210 2784 Campaniae
1223 2713 1355 2783 adjunxit,
1370 2729 1430 2783 quae
1444 2721 1500 2767 tum
1514 2713 1657 2770 dilatanda
1672 2715 1770 2771 ditioni

972 2784 1172 2848 ecclesiastice,
1194 2795 1250 2839 tom
1274 2784 1420 2838 maritimis
1446 2784 1499 2838 iilis
1518 2783 1674 2840 civitatibus
1696 2786 1769 2841 intra

972 2853 1093 2922 ejusdem
1104 2855 1214 2910 ditionis
1224 2854 1291 2909 bites
1301 2854 1494 2910 concludendis
1504 2856 1665 2910 necessariae
1678 2864 1768 2913 erant.

972 2924 1055 2994 Cujus
1072 2926 1110 2980 rei
1131 2933 1319 2995 argumentum
1337 2923 1395 2978 fere
1417 2933 1521 2980 certum
1539 2927 1642 2995 prebet
1660 2927 1770 2983 donatio

972 2994 1062 3051 Caroli
1102 3013 1135 3050 ua
1151 2995 1277 3051 Ecclesiae
1290 2994 1439 3050 dominatio
1454 2994 1489 3049 ad
1504 2995 1662 3051 Volturnum
1685 3013 1770 3068 usque

127 3073 196 3129 enim
228 3071 385 3141 Stephanus
412 3069 466 3123 dun
484 3073 527 3149 ¹ct
553 3067 695 3191 episeopus
727 3065 921 3135 Neapolitanus
972 3066 1386 3147 protenditur.hliudpraeterea
1402 3063 1771 3146 nrirmsdnbiumargenten-

146 3142 264 3198 reterito
283 3155 354 3196 anno
368 3153 462 3209 pacem
485 3137 545 3192 miit
566 3152 627 3193 curn
659 3152 708 3192 uec
719 3137 919 3201 Benexentauo,
933 3128 957 3191 C
973 3147 1030 3190 tum
1045 3139 1162 3206 suppetit
1183 3152 1216 3192 ex
1235 3139 1367 3192 relatione
1380 3135 1503 3205 Cagctam
1519 3137 1636 3205 episcopi
1652 3142 1685 3194 de
1699 3139 1771 3193 Atal-

147 3214 197 3269 lius
208 3211 268 3282 ejus
282 3212 418 3267 Caesarius
440 3207 615 3263 Tarracinam
629 3207 745 3262 duxerat
760 3207 921 3272 exercitum,
975 3207 1026 3278 gisi
1045 3219 1072 3263 et
1085 3209 1240 3264 Graeeomm
1264 3207 1378 3262 insidiis.
1398 3237 1434 3246 -
1451 3207 1578 3260 Earmlem
1595 3224 1651 3261 rein
1667 3211 1771 3278 presti-

129 3283 316 3340 lleuerentano
329 3282 424 3338 eodem
445 3278 666 3334 duceconsilium
686 3279 832 3402 praebente.
854 3277 922 3331 Rem

975 3279 1041 3335 tlsse
1056 3277 1223 3350 Stephanum
1237 3276 1442 3347 Neapolitanum
1460 3276 1617 3346 episcopum
1632 3288 1660 3332 et
1673 3282 1770 3336 ducem

129 3363 218 3410 narrat
241 3353 343 3409 Chmn.
363 3351 447 3421 Neap.
462 3347 580 3420 (Protill.
600 3355 666 3404 tom.
678 3348 688 3402 l
701 3349 720 3413 l,
742 3365 769 3419 p.
788 3348 833 3413 55,
851 3360 908 3415 seq.
1518 3346 1525 3358 ·

975 3349 1069 3404 mirari
1093 3349 1154 3418 quis
1168 3355 1268 3419 posset,
1290 3349 1389 3418 qnippe
1406 3363 1486 3417 quem
1506 3346 1662 3402 (anaeticum
1677 3366 1709 3406 ac
1722 3350 1772 3405 lie-

146 3424 294 3480 lanissimis
319 3423 393 3478 hisee
414 3420 519 3475 serbis:
554 3438 564 3471 ι
596 3419 626 3474 ln
650 3433 707 3488 seq.
734 3433 806 3474 amm
827 3418 898 3491 (787
974 3429 1188 3475 narentanomm
1200 3419 1320 3475 consiliis
1332 3423 1358 3473 in
1386 3426 1508 3473 sanctam
1526 3418 1617 3472 sedent
1635 3427 1663 3474 et
1679 3436 1770 3489 regem

129 3440 176 3551 ira
197 3494 266 3551 isius
280 3507 376 3565 pacem
398 3491 467 3546 inire
489 3489 575 3544 notuit
597 3504 658 3545 eum
678 3492 747 3544 duce
771 3489 921 3559 Stephano,
974 3489 1110 3554 Carnium,
1131 3489 1253 3560 Gregorii
1274 3490 1424 3559 presbyteri
1444 3489 1687 3570 Capuauorumqne
1705 3492 1772 3545 alin-

130 3576 155 3620 et
246 3567 306 3620 rius
330 3564 364 3618 ad
391 3559 591 3631 instigationem
618 3560 701 3631 ipsius
727 3560 844 3630 Aragisii
859 3572 924 3629 pro·
974 3575 1034 3613 retro
1059 3560 1221 3615 testimoniis
1245 3559 1405 3630 implicitum
1429 3560 1542 3613 atrdtxit.
1570 3557 1623 3615 Sed
1648 3561 1770 3631 llatpuuni

130 3638 213 3692 lectus
230 3644 273 3692 est
292 3648 355 3689 curn
369 3649 419 3689 suo
433 3631 555 3686 exercitu
569 3630 754 3697 Terracinam,
767 3630 840 3700 quod
851 3645 923 3700 aegre
973 3627 1074 3684 factum
1088 3638 1196 3696 norant,
1220 3630 1292 3685 dieta
1313 3640 1403 3685 autem
1418 3629 1548 3698 Stephani
1563 3645 1643 3686 nese
1656 3647 1709 3684 non
1723 3647 1771 3703 po-

130 3706 185 3762 mlit
205 3705 334 3761 dominus
358 3718 438 3787 papa.
463 3722 472 3754 ι
495 3701 529 3755 Et
550 3700 660 3771 quidem
681 3700 752 3769 iure,
767 3715 829 3754 nam
851 3715 923 3755 anna
974 3708 1072 3754 terant.
1088 3698 1127 3754 En
1135 3700 1319 3755 testimonium
1327 3700 1445 3769 locuples
1454 3700 1647 3755 lienexolentia
1659 3700 1717 3770 ansts
1729 3709 1772 3754 at-

129 3777 176 3833 788
193 3792 258 3832 eum
282 3773 369 3830 Graeca
386 3783 414 3829 et
433 3770 603 3840 Neapolitani
625 3772 748 3826 eamdem
771 3771 864 3825 urbem
881 3771 923 3824 in·
973 3785 1026 3840 que
1046 3771 1197 3825 suunoaeiu
1222 3778 1344 3824 sanctam
1357 3771 1449 3824 sedem
1463 3771 1633 3824 reuerentia.
1651 3771 1684 3826 Ut
1698 3772 1770 3825 enim

129 3855 264 3911 raserunt,
281 3845 416 3901 Adrianus
429 3844 483 3917 (ep.
500 3840 544 3908 65,
569 3840 604 3895 al.
616 3840 667 3909 et)
682 3842 847 3911 querebatur
859 3842 924 3897 sub·
973 3856 1045 3895 anno
1060 3839 1112 3893 778
1135 3840 1305 3896 iconoclastae
1329 3840 1491 3909 copronymi
1516 3849 1631 3895 mortem
1647 3842 1769 3909 pontiflci

128 3927 214 3972 ιιιιιιι
241 3917 278 3971 ιιι
302 3930 332 3973 se
360 3913 499 3970 ciuitatem
532 3911 599 3981 cripi
626 3912 688 3967 diro
713 3910 814 3976 Petro,
840 3926 923 3981 quam
974 3910 1113 3965 nuntiarat
1127 3910 1181 3982 (ep.
1206 3909 1250 3976 55,
1265 3910 1300 3963 al.
1320 3909 1365 3980 88)
1392 3924 1443 3979 qua
1461 3924 1543 3978 super
1560 3926 1599 3975 re,
1614 3911 1674 3965 riae
1690 3911 1771 3966 Corn-

129 3988 230 4044 seilicet
266 3985 327 4043 loeo
349 3983 506 4056 patrimonii
533 3981 703 4052 Neapolitani
733 3990 834 4037 sanetae
865 3981 922 4037 sedi
973 3991 1057 4036 ment.
1072 3996 1155 4050 praev.
1174 3981 1259 4050 (num.
1274 3979 1320 4050 et)
1339 3981 1409 4034 undc
1423 3995 1519 4050 nmgna
1539 3981 1698 4035 ortlnnloxae
1709 3982 1771 4036 fidei

129 4059 210 4127 erepti
228 4056 353 4129 pontifex
378 4054 521 4117 retinebat,
548 4054 709 4123 quantocius
723 4052 886 4116 redditurus,
899 4052 922 4106 si
974 4052 1106 4108 securitas
1120 4053 1275 4117 accedebat;
1300 4052 1336 4106 ita
1350 4066 1423 4105 nunc
1444 4048 1556 4122 Atnlgisi
1580 4052 1717 4106 niolirnina
1739 4053 1767 4107 in

129 4129 319 4208 patrimonium
332 4127 424 4195 utique
433 4123 591 4178 redderetur
604 4132 705 4179 sancta
716 4123 783 4179 sedi.
801 4121 923 4192 Cumque
973 4131 1093 4179 sanctam
1120 4123 1211 4179 sedem
1234 4123 1350 4188 nuntiat,
1379 4136 1413 4175 ne
1431 4120 1493 4175 inde
1518 4121 1600 4175 ullum
1625 4122 1771 4177 detrimen-

130 4201 153 4251 ιιι
171 4199 286 4255 minime
301 4204 374 4253 esset
388 4195 532 4258 redditum,
550 4193 653 4250 idcirce
669 4194 712 4249 vel
729 4209 801 4248 anne
825 4194 877 4250 787
895 4193 923 4249 in
973 4202 1029 4250 tum
1050 4193 1175 4263 accipiat.
1202 4192 1256 4248 Nee
1275 4194 1375 4256 omnia,
1392 4207 1452 4261 qnae
1476 4206 1491 4244 a
1507 4191 1648 4246 federatis
1666 4192 1770 4275 cogita-

130 4277 227 4324 sancta·
263 4268 336 4324 sedis
366 4273 501 4335 potestate
538 4278 571 4318 ea
605 4266 792 4334 permanebat.
822 4264 924 4319 Alluci-
972 4266 1082 4329 bantur,
1104 4264 1261 4333 singillatim
1285 4263 1385 4332 aperiri
1403 4262 1563 4331 potuissent,
1586 4263 1639 4318 nisi
1661 4272 1688 4317 et
1710 4278 1768 4333 ipse

129 4348 225 4395 uantur
244 4345 335 4394 autern
360 4337 514 4406 quicunqne
533 4343 629 4416 putant
650 4335 761 4406 Pagium
785 4334 842 4405 (an.
858 4334 921 4400 787,
973 4336 1128 4406 Stephanus
1145 4349 1241 4390 eorum
1262 4333 1383 4390 consiliis
1406 4330 1545 4387 adfuisset.
1567 4332 1661 4403 ltaque
1678 4341 1706 4390 et
1720 4333 1770 4388 Ca-

129 4422 153 4462 u.
167 4409 196 4482 7)
225 4409 297 4465 inter
319 4408 388 4463 alias
415 4405 570 4474 Campanae
598 4405 724 4462 civitates
745 4405 922 4471 Tarracinam
972 4422 1124 4478 puanorum
1154 4405 1249 4460 relatio
1269 4412 1344 4460 certa
1373 4411 1401 4458 et
1434 4403 1565 4474 Stephani
1595 4403 1662 4460 fides
1688 4411 1769 4474 atque

129 4488 153 4535 ct
165 4479 289 4550 fajetam
305 4490 459 4540 numerare,
474 4475 552 4544 quasi
564 4474 678 4533 Carolus
695 4491 742 4533 eas
754 4477 922 4532 concesserit
937 4486 961 4546 n
975 4492 1050 4530 arnor
1064 4491 1126 4546 erga
1139 4476 1294 4546 pontillccm
1317 4474 1502 4530 immutabilis.
1525 4475 1564 4530 ln.

130 4559 227 4607 ιιιιιιω
249 4548 307 4606 sedi
328 4557 357 4604 et
376 4549 403 4603 in
422 4545 616 4601 constitutione
630 4547 760 4602 Lndorici
777 4545 816 4600 Pii
835 4546 924 4600 nomi-
1013 4547 1111 4601 cPuta
1141 4547 1272 4601 hminum
1297 4547 1392 4602 ducem
1417 4545 1469 4599 alia
1489 4545 1625 4616 legatione
1649 4543 1769 4601 farnetum

131 4631 269 4676 narentur.
289 4618 358 4674 Nam
382 4615 482 4687 Pagins
511 4615 544 4671 de
566 4616 599 4670 iis
628 4618 690 4672 silet
710 4627 738 4674 et
764 4617 926 4691 constitutio
975 4634 1019 4673 an.
1041 4618 1102 4678 78ι,
1119 4632 1181 4672 cunt
1192 4632 1328 4672 marmora
1344 4624 1371 4671 et
1383 4617 1486 4671 musiva
1499 4616 1664 4671 Raxernratis
1678 4617 1770 4687 palatii

130 4691 282 4760 patrimonii
298 4686 465 4758 Neapolitani
488 4687 620 4750 meminit,
648 4690 719 4744 nnlla
745 4704 840 4742 earum
860 4688 926 4742 ciri·
975 4689 1008 4743 ad
1024 4687 1144 4743 Basilica.¹
1158 4687 1319 4759 Aquisgran.
1335 4694 1524 4742 ornamentum
1539 4688 1700 4757 petebantur
1714 4690 1769 4810 app.

117 4769 211 4827 ,tatum
225 4761 363 4816 mentione
376 4758 457 4814 facta.
471 4754 643 4828 Peregrinius
657 4760 738 4815 etiam
754 4758 804 4831 (fle
813 4758 861 4828 fin.
875 4757 926 4812 ilc-
960 4758 1020 4821 et,
1036 4758 1070 4812 al.
1086 4758 1131 4830 di)
1145 4759 1170 4812 in
1187 4759 1289 4813 ltaliam
1309 4772 1369 4813 esse
1383 4757 1505 4822 missum,
1521 4768 1551 4812 ut
1569 4774 1620 4812 una
1637 4773 1697 4812 enm
1714 4799 1721 4810 .
1740 4774 1770 4811 a·

129 4848 183 4886 tter.
206 4829 422 4912 adheidem.
445 4825 550 4907 Pratill.
576 4837 642 4885 tom.
658 4829 690 4893 V,
715 4846 744 4902 p.
767 4829 829 4891 250,
853 4830 923 4900 seq.)
975 4829 1080 4953 §inermia
1095 4830 1255 4900 caeterisque
1263 4828 1414 4897 jussionem
1428 4829 1530 4897 regiam
1549 4829 1769 4898 exspectantibus

129 4911 169 4956 est
188 4903 319 4971 deceptus
333 4897 445 4955 Adriani
466 4897 641 4965 eptstolarum
658 4909 739 4956 etate
766 4916 819 4954 non
833 4899 925 4968 exple-
996 4899 1096 4971 pnlcti,
1119 4901 1317 4971 possessionem
1343 4898 1464 4954 traderet
1517 4897 1600 4952 ntifiei
1616 4897 1770 4967 eauipaniae

131 4980 194 5039 mta,
211 4986 275 5026 narn
297 4969 342 5037 85,
353 4971 388 5024 al.
400 4969 446 5032 dt,
461 4967 551 5022 ιιιιιιιι
572 4979 649 5038 putat
662 4980 725 5026 ante
749 4971 792 5035 88,
820 4971 856 5024 ιι.
878 4970 922 5037 ta;
974 4970 1130 5036 civitatum,
1144 4970 1291 5040 finiumque
1306 4969 1419 5024 ttosetta
1430 4985 1462 5023 ac
1496 4967 1626 5038 apolonii.
1640 4968 1677 5021 ln.

129 5055 210 5111 qnare
224 5041 323 5097 statuit
337 5056 353 5096 a
366 5039 464 5098 Carolo
478 5036 605 5095 donatam
624 5041 799 5098 Tarracinam
816 5056 925 5096 rursus-
1009 5038 1021 5078 ‘¹
1044 5039 1081 5096 Ne
1101 5039 1171 5094 forte
1193 5042 1220 5096 in
1246 5040 1335 5111 regios
1359 5040 1458 5094 nisos
1488 5038 1565 5108 culpa
1592 5037 1766 5106 rejiceretur,

129 5128 179 5179 quo
201 5110 338 5168 screnis
351 5112 466 5167 consitio
479 5103 586 5165 brichis
600 5121 731 5182 ereptam.
751 5111 829 5166 huno
850 5111 923 5166 enim
973 5120 1084 5182 propter
1110 5112 1254 5166 obscuram
1275 5109 1395 5181 epistolae
1415 5111 1592 5171 sententiam,
1618 5108 1767 5178 reputanda

129 5182 179 5235 777
195 5184 230 5238 ιιι
252 5196 333 5253 quem
353 5190 459 5252 spectat
479 5189 521 5245 ep·
544 5178 586 5242 88,
610 5181 646 5238 ιι.
670 5182 714 5247 ts,
730 5181 877 5237 Tarracina
897 5190 924 5236 ct
974 5196 1033 5250 quae
1051 5181 1215 5252 hlaginarius
1232 5180 1484 5243 Caroloscribcbat,
1501 5195 1545 5250 ap.
1568 5178 1667 5250 llabill.
1684 5178 1767 5248 (dipl.

128 5251 219 5324 Caieta
234 5252 393 5312 Graecorum
417 5245 528 5307 ditionis
548 5253 694 5316 emnt,sed
717 5270 762 5307 an.
791 5252 843 5307 788
869 5267 924 5322 quo
973 5251 1100 5334 supplem.
1139 5251 1252 5326 .¹..d).‹
1279 5252 1313 5307 Et
1337 5252 1388 5307 boc
1406 5248 1598 5304 allambens...
1613 5247 1768 5303 breuitatem

127 5333 231 5406 specim
251 5339 295 5396 ep.
311 5323 356 5390 65,
370 5323 407 5379 al.
427 5321 472 5386 dt,
486 5316 659 5390 Neapolitani
680 5331 707 5378 ct
724 5323 811 5379 Graeci
825 5322 924 5378 Tarra-
973 5321 1094 5377 illxsnon
1120 5320 1532 5394 ccissernus,qu0dGrimaldo
1554 5319 1606 5372 illis
1635 5318 1669 5372 ad
1699 5316 1768 5375 duce

128 5409 217 5450 cauam
230 5394 400 5462 invaserunt,
424 5408 506 5464 quam
522 5390 642 5460 pontifex
656 5395 797 5464 perspicue
822 5392 924 5449 fatetur
973 5392 1122 5447 donare...
1136 5394 1179 5447 rel
1195 5393 1255 5449 illas
1269 5393 1402 5456 civitates,
1420 5407 1489 5461 quas
1500 5399 1593 5444 sancto
1608 5387 1708 5452 l‘ctro,
1725 5388 1768 5447 rel

128 5479 157 5520 se
171 5467 228 5522 suis
239 5465 341 5522 viribus
356 5463 506 5534 subiecisse
519 5472 620 5520 sancte
634 5464 690 5520 sedi
703 5481 735 5521 ae
756 5464 923 5520 redditurum
972 5461 1072 5518 domno
1089 5463 1238 5546 apostolico
1251 5464 1380 5525 donastis,
1402 5462 1454 5516 illis
1470 5460 1589 5515 riulan...
1602 5459 1676 5514 nullo
1688 5462 1768 5516 modo

129 5534 226 5601 inisse,
251 5536 274 5592 si
303 5536 498 5608 patrimonium
524 5533 734 5605 Neapolitanum
767 5537 922 5590 restitutum
972 5544 1091 5588 vestram
1104 5535 1255 5605 passionem
1276 5534 1412 5605 complere
1432 5533 1534 5594 volunt,
1551 5539 1604 5585 etc.
1623 5549 1633 5584 t
1654 5531 1769 5587 hanalae-

128 5613 209 5661 esset.
232 5606 299 5663 'lide
319 5614 400 5662 notas
416 5608 526 5678 utrique
543 5605 664 5687 epistolae
683 5603 828 5675 subjectas.
851 5604 923 5661 ldent
973 5605 1031 5660 eins
1055 5606 1134 5661 unica
1157 5606 1366 5676 interrogatione
1384 5604 1506 5675 apposita
1525 5602 1598 5658 laune
1622 5601 1711 5657 locum
1734 5601 1769 5656 il-

129 5685 219 5731 autem
241 5678 277 5732 cl.
302 5686 397 5733 auctor
416 5688 490 5734 reete
509 5677 646 5745 solpungit
666 5684 807 5746 utramque
829 5677 924 5731 ciuita-
974 5675 1081 5730 instrat.
1110 5675 1336 5750 Sedqnidoaisaia
1353 5676 1444 5731 centia
1457 5674 1564 5749 contigit
1577 5673 1590 5730 i
1605 5673 1766 5739 Numerare,

130 5757 183 5802 tem
202 5748 379 5807 scriusueius
395 5751 429 5806 ad
452 5762 552 5810 satiatae
567 5747 639 5804 sedis
660 5747 808 5804 ‹lontinium
829 5763 923 5818 perre—
973 5757 1027 5803 etc.
1042 5747 1079 5802 lu.
