3780 6120
532 332 621 389 ntum
640 334 812 392 canentur.
831 367 868 380 -
885 338 997 394 carra.
1017 340 1062 396 nn
1081 341 1228 398 ternu-
1246 343 1350 399 aner
1717 337 1775 406 vs't

146 493 1768 531 mm*-

488 628 750 795 nnnrr
797 632 1085 766 canoni
1134 642 1390 772 ntem

173 851 276 912 REGIS
291 847 506 907 vuascones
523 847 569 904 ET
587 823 906 917 concupiscentia,
924 850 1072 910 vttntcu
1092 855 1334 918 aomanorum,
1355 862 1433 920 I'ILII
1452 864 1497 919 ΕΤ
1522 864 1739 922 pnt'ttrtstittts

471 970 474 976 ι
736 937 883 996 SANCTAE
902 941 959 998 ortt
976 943 1171 1016 ECCLESIAE,

348 1101 841 1212 capitanatae
905 1106 1006 1212 DE
1068 1108 1530 1223 intermistis

136 1313 263 1367 coarat
285 1312 495 1358 consrtnrrnr
515 1313 560 1358 vrr
582 1313 795 1359 rurantronrs
817 1313 1184 1365 consrtnrrnoroxrrtnr
1219 1325 1261 1368 rer
1293 1326 1398 1371 innan
1425 1328 1545 1374 narnis
1576 1330 1772 1386 nscnnrun,

278 1392 318 1435 ar
339 1392 487 1437 sxnonunr
509 1392 660 1436 arcentur
686 1393 711 1436 n
731 1392 1014 1440 rsnunosnrrrntrr
1044 1397 1271 1447 occurrentem
1295 1405 1364 1447 srvu
1387 1406 1635 1464 unrvnnsaenn3

432 1470 636 1517 courosrrnnr
657 1471 698 1513 nr
714 1471 914 1516 nunnrcarnn
931 1474 962 1516 nv
982 1474 1128 1519 coneraio
1152 1479 1463 1541 rnuncorononrnsx,
1500 1487 1505 1495 ·

567 1550 607 1592 rr
624 1548 764 1593 romano
786 1551 874 1593 rara
893 1551 1013 1597 urssurr
1033 1554 1118 1598 anno
1135 1557 1251 1602 nonani
1272 1542 1342 1605 tat.

378 1673 509 1737 Editam
524 1692 563 1735 ear
579 1671 765 1736 bibliotheca
778 1681 807 1736 ct
820 1671 926 1735 studio
943 1674 1078 1738 Ioannis
1098 1678 1174 1741 Tilii
1188 1678 1354 1744 Meldevtsis
1368 1685 1520 1765 episcopi.

869 1811 1037 1833 ——

815 1912 1094 1990 PRAEFATIO.

599 2160 752 2219 lOANNES
771 2158 883 2216 TILIUS
903 2156 1095 2215 despondet
1114 2157 1304 2218 eviscopos

689 2313 879 2361 cuntsrttvo
900 2314 1034 2358 LECTORI
1056 2312 1214 2358 SALUTEM.

169 2471 270 2528 flauere
283 2472 442 2537 potestatem
461 2461 525 2517 huic
538 2460 606 2518 libro
619 2460 645 2514 iu
660 2460 795 2542 publicum
808 2460 923 2516 exeundi
937 2461 963 2522 Α
975 2459 1027 2515 suli
1040 2459 1125 2514 videri
1143 2457 1297 2522 studebant,
1316 2458 1376 2514 illas
1394 2459 1525 2529 imagines
1537 2467 1704 2523 venerationi
1719 2469 1769 2526 ba-

134 2541 219 2601 nolim
253 2537 305 2593 alsi
330 2533 469 2606 praefatus,
495 2546 529 2586 ae
551 2531 695 2585 calumniis
709 2537 860 2600 appetatur,
877 2539 926 2586 aut
975 2529 1050 2592 ltere,
1069 2537 1150 2598 atque
1168 2542 1201 2583 ex
1224 2527 1277 2583 illis
1293 2530 1360 2584 alias
1375 2528 1485 2601 fingere.
1504 2529 1538 2584 Et
1557 2540 1654 2591 natura
1675 2550 1768 2596 anostra

134 2610 197 2671 falsi
209 2581 237 2667 εἷ
256 2604 446 2677 suppositIonis
458 2600 637 2656 insimuletur.
650 2599 834 2666 Quorumdam
850 2602 924 2656 eninr
974 2597 1172 2670 propendemus
1189 2597 1223 2652 ad
1236 2599 1422 2654 admirandum
1443 2606 1472 2654 et
1492 2599 1671 2725 effingendam
1689 2609 1769 2665 nobis

134 2680 328 2740 historicorum
352 2675 394 2731 vel
418 2674 474 2728 fide
493 2671 572 2733 mala,
601 2669 641 2724 vel
666 2671 780 2734 incuria,
803 2686 864 2741 quae
892 2672 926 2726 de
975 2669 1134 2732 simulacra,
1155 2676 1182 2722 at
1203 2682 1236 2722 ue
1250 2669 1278 2723 in
1292 2668 1525 2724 iisdeliciandum.
1571 2682 1677 2741 metato
1698 2692 1767 2746 pue.

135 2750 238 2809 mactis
250 2746 371 2804 conciliis
388 2753 470 2814 agunt
485 2740 604 2796 historiae
616 2740 703 2795 ubivis
722 2739 832 2796 Graeciae
845 2779 854 2806 ,
869 2740 924 2796 Ito·
975 2738 1049 2794 relos
1066 2738 1118 2793 sibi
1129 2683 1298 2809 invdiigemes
1309 2747 1335 2794 ct
1348 2739 1517 2808 inepticntes,
1530 2756 1595 2796 nuni
1609 2743 1766 2815 inraguncu·

134 2820 179 2878 Ibe
201 2827 282 2889 atque
304 2817 386 2871 etiam
409 2813 557 2868 Galliarum
582 2824 664 2878 super
688 2809 835 2881 imaginum
861 2825 927 2867 con·
975 2807 1025 2872 Ias,
1049 2808 1179 2878 puppulas
1201 2818 1229 2863 et
1249 2809 1275 2862 id
1290 2823 1375 2879 genus
1395 2809 1570 2865 deliramenta
1584 2812 1635 2868 sibi
1656 2816 1767 2884 cudent,

133 2891 211 2948 dictu
223 2897 251 2945 ct
265 2883 446 2948 turbulentia,
459 2883 528 2937 bona
545 2889 668 2950 exparte
684 2881 763 2936 nobIs
775 2881 925 2950 depravatae
974 2877 1041 2933 fatui
1066 2879 1165 2947 ingenii
1187 2887 1215 2934 et
1233 2876 1336 2947 jndicIo
1356 2879 1477 2934 carentis
1504 2882 1608 2936 studia?
1627 2882 1713 2949 Quam
1738 2888 1767 2943 in

134 2963 335 3018 remanserunt.
348 2954 437 3022 Quare
450 2953 583 3023 primum,
597 2958 628 3006 nt
641 2965 685 3006 res
698 2966 727 3006 se
740 2950 832 3015 habet,
848 2966 924 3007 corn·
973 2948 1085 3020 proclivi
1100 2946 1151 3002 fuit
1165 2958 1195 3003 ut
1211 2948 1384 3019 popularibus
1396 2956 1424 3003 et
1442 2949 1531 3006 idiotis
1549 2952 1694 3022 impostura
1715 2957 1766 3012 fle-

134 3031 235 3103 pendia
244 3025 360 3083 referam
373 3039 426 3093 qno
443 3023 523 3078 modo
537 3021 628 3076 omnia
647 3029 786 3077 transacta
800 3019 924 3077 fuerint:
974 3026 1017 3073 ret
1031 3020 1066 3074 ab
1082 3018 1215 3073 idolorum
1235 3018 1340 3084 labris,
1361 3034 1421 3088 qnae
1438 3028 1530 3089 postea
1549 3037 1656 3093 semper
1671 3041 1768 3082 erexe-

133 3099 233 3158 deinde
251 3095 403 3153 testimonia
417 3101 444 3148 et
458 3092 629 3147 firmamenta
643 3089 778 3162 proferam
799 3091 834 3145 ad
847 3090 925 3159 larque
974 3098 1037 3144 runt
1049 3089 1075 3142 in
1085 3090 1141 3144 suis
1150 3089 1262 3153 aedibus,
1273 3096 1300 3144 et
1310 3089 1496 3156 conclavibus,
1507 3091 1664 3162 celluIIsque
1675 3095 1768 3166 depre-

133 3167 224 3242 cperIs
244 3164 432 3222 certitudinem
457 3161 629 3217 astruendam
650 3176 666 3215 a
685 3168 760 3217 tanw
776 3163 924 3218 monarcha
973 3159 1093 3214 catonis.
1114 3158 1182 3214 Nam
1198 3174 1245 3214 cos
1257 3159 1319 3213 boni
1335 3159 1462 3214 Ecclesia
1490 3173 1595 3218 astores
1611 3180 1665 3219 rann
1685 3167 1765 3223 tulis·

133 3238 259 3311 profectI,
283 3235 329 3305 qni
342 3232 452 3290 Occirlni
474 3229 580 3301 imperii
599 3231 763 3294 architectus
780 3228 844 3298 fuit,
868 3230 924 3300 jam
973 3236 1042 3284 sent.
1057 3227 1198 3297 Quineum
1210 3229 1388 3284 inolescerent
1399 3177 1542 3290 simulacra
1554 3237 1764 3304 supramodum,

133 3323 208 3366 nnnc
221 3309 248 3362 in
262 3307 330 3361 duas
348 3317 462 3359 coronas
480 3301 589 3356 dissecti
608 3310 636 3355 et
648 3300 751 3366 laceri,
770 3299 923 3356 Germanici
973 3298 1044 3368 quod
1071 3299 1099 3354 id
1121 3299 1243 3368 exemplo
1268 3299 1386 3355 futurum
1404 3302 1575 3367 censebatur,
1597 3318 1691 3359 eorum
1705 3307 1766 3361 visu

133 3387 163 3437 ct
175 3377 271 3434 Gallici
291 3392 299 3428 ε
317 3374 388 3444 quod
400 3372 526 3427 nimirum
539 3385 607 3440 opus
627 3371 720 3426 mirari
730 3385 834 3438 nequeo
859 3372 924 3426 satis
972 3368 1145 3424 interdictum
1165 3380 1216 3431 est,
1236 3368 1362 3439 fuereque
1381 3372 1529 3440 prescripta
1541 3374 1623 3426 etiam
1641 3391 1656 3428 a
1676 3377 1766 3443 prisa-

134 3448 229 3504 tandiu
239 3462 292 3502 non
301 3442 493 3514 comparuisse,
505 3456 538 3497 ae
547 3441 574 3496 in
586 3447 639 3495 mni
649 3439 781 3510 profunda
790 3440 924 3497 oblivione
973 3438 1008 3492 tis
1029 3448 1056 3490 et
1075 3439 1176 3493 intimis
1198 3440 1301 3494 aedibns
1321 3439 1486 3510 singulorum
1504 3456 1512 3494 :
1531 3458 1591 3497 cum
1615 3443 1661 3500 illo
1682 3447 1765 3499 etiam

132 3517 270 3575 defossum
285 3529 370 3585 usque
386 3512 506 3568 Iatubse.
523 3510 576 3566 Sed
586 3509 643 3579 jam
657 3510 749 3579 accipe
762 3509 833 3577 quod
847 3512 924 3582 expi·
972 3507 1081 3572 εεεευΙο,
1108 3508 1247 3563 sanctione
1269 3508 1365 3579 synodi
1385 3509 1557 3577 Elibertinae,
1585 3523 1686 3569 coactae
1711 3531 1764 3570 non

132 3595 225 3644 matos
239 3601 308 3652 som,
324 3584 370 3655 qui
381 3581 536 3647 simulacra,
552 3596 612 3650 quae
630 3581 729 3651 passim
741 3578 924 3649 inscriptura
972 3576 1077 3647 longca
1092 3577 1227 3659 Pyrenaeis
1249 3577 1331 3648 iugis,
1355 3578 1390 3632 ab
1414 3580 1539 3636 omnibus
1562 3583 1669 3652 templis
1689 3585 1765 3641 able·

132 3659 271 3714 mevaniae
289 3658 462 3710 monumenta
476 3651 561 3706 relata
577 3657 639 3705 sunt
653 3665 702 3721 pro
720 3648 881 3719 reiectaneis
895 3657 923 3706 et
971 3654 1040 3718 gatae
1052 3646 1151 3702 fuerint
1163 3656 1276 3718 picturae
1288 3662 1382 3705 ornnes
1393 3656 1420 3704 et
1430 3661 1579 3719 expunctae.
1592 3652 1651 3719 Quo
1662 3657 1762 3721 aniano,

132 3726 189 3783 beo
207 3725 428 3784 detestabilibus,
444 3723 479 3776 ob
503 3720 638 3791 copiosam
659 3720 879 3790 superstitionum
894 3728 923 3775 et
971 3732 1072 3800 quaeso,
1086 3719 1221 3773 colosseas
1235 3717 1301 3774 istas
1313 3727 1415 3773 saeuas
1429 3727 1457 3773 et
1472 3729 1563 3776 vastas
1573 3723 1705 3794 Imagines
1726 3734 1767 3779 tu·

131 3796 270 3853 abusionis
283 3809 398 3850 messem
411 3792 439 3847 in
450 3790 630 3846 Christianam
644 3790 837 3859 rempublicam
852 3790 920 3845 irre-
935 3803 959 3863 g
971 3787 1066 3842 lassent
1082 3788 1167 3842 sancti
1181 3787 1218 3841 illi
1230 3788 1339 3856 patrest

131 3869 237 3937 pscrint
255 3866 345 3934 ibique
363 3860 554 3917 radicaverint.
569 3857 629 3914 Iarn
643 3874 708 3914 vero
724 3858 848 3914 Christus
860 3867 921 3930 post
1007 3855 1067 3911 Istis
1080 3857 1249 3913 cantionibus
1272 3873 1324 3913 non
1348 3859 1507 3928 acquievere
1529 3860 1575 3916 alii
1600 3876 1650 3918 sno
1661 3862 1765 3933 jndicio

130 3937 332 4006 supplantatam
346 3931 435 3989 crucis
449 3946 504 3986 sue
515 3931 614 3999 probro
625 3927 744 3985 Iudaicae
763 3929 851 3999 gentis
863 3945 922 3985 cer·
970 3926 1080 3996 iannIs,
1095 3942 1149 3997 quo
1167 3935 1270 3982 sentes
1282 3928 1452 3998 excipiebant
1472 3930 1501 3985 ia
1522 3931 1549 3986 id
1562 3933 1696 3987 asservari
1711 3933 1763 3989 sibi
1801 3940 1804 3947 ‘

132 4007 233 4062 nicolae
244 4013 273 4061 et
294 4003 442 4060 calcitrosus
455 4000 610 4056 violenciam
627 4007 654 4054 et
676 4000 795 4064 rabiem,
810 3998 921 4070 ejusque
970 3997 1153 4065 antprIvatim
1164 3997 1286 4063 retineri,
1299 4013 1353 4053 non
1370 4006 1400 4053 nt
1412 4015 1460 4055 eas
1470 4001 1615 4057 adorarent
1628 4011 1761 4058 autreve-

130 4074 274 4132 corvfertini
293 4087 400 4158 meum
421 4070 523 4125 ruentis
537 4078 564 4124 et
580 4070 613 4124 ad
627 4070 837 4125 internecionem
856 4084 920 4193 pro-
971 4076 1106 4146 recenter,
1120 4082 1214 4122 verum
1227 4069 1463 4139 pignoristantum
1475 4085 1539 4140 ergo
1553 4080 1580 4126 et
1595 4075 1761 4128 monumenti

130 4146 252 4216 peractis
269 4143 441 4206 massionem,
465 4140 593 4209 apostolis
616 4148 725 4194 strenue
749 4147 777 4194 et
805 4139 857 4195 fide
868 4141 921 4195 iter
971 4137 1109 4205 cmusdam
1124 4151 1131 4191 ε
1147 4139 1218 4194 unde
1236 4146 1339 4194 tantam
1363 4141 1469 4195 turbam
1492 4149 1573 4211 atque
1586 4144 1763 4213 partescxci-

129 4216 299 4286 provinciam
310 4227 386 4268 snam
401 4210 572 4274 obeuntibus,
589 4217 717 4280 tropaeum
728 4211 797 4278 apud
811 4208 920 4265 Graecos
971 4214 1072 4273 tarum,
1094 4216 1123 4263 ut
1144 4207 1190 4262 alii
1212 4209 1322 4264 modum
1346 4211 1513 4281 supergressi
1527 4227 1574 4267 eas
1592 4213 1760 4282 extulerint,

129 4285 248 4351 sustulit,
261 4279 664 4355 genusbominumsnpratidem
677 4279 836 4335 idololatriac
846 4295 921 4335 man-
969 4277 1014 4333 alii
1032 4285 1125 4333 contra
1136 4279 1279 4348 perniciosi
1292 4280 1406 4349 exempli
1417 4295 1477 4335 esse
1487 4282 1641 4336 statuerim.

130 4354 156 4409 ci
194 4364 250 4410 tuna
268 4364 295 4409 et
307 4361 488 4407 auctoratum.
503 4351 601 4405 Verum
617 4365 671 4404 non
684 4352 721 4403 ita
731 4349 860 4404 radicitus
869 4365 918 4404 ex·
1005 4347 1044 4403 bc
1061 4357 1119 4402 tum
1135 4349 1269 4417 pendebat
1291 4350 1533 4420 carrsaebonitasa
1550 4353 1638 4409 studio
1657 4361 1762 4423 etpro-

129 4432 243 4495 starpata
258 4424 307 4478 fuit
324 4421 494 4504 superstitio,
511 4421 576 4491 quin
591 4420 717 4475 radiculae
730 4418 832 4487 aliquot
843 4420 920 4474 resti·
969 4417 1098 4488 pensIone
1108 4418 1271 4489 priueIpunt,
1284 4433 1367 4489 penes
1382 4435 1450 4490 qaros
1467 4437 1557 4476 rerum
1580 4438 1685 4479 summa
1699 4438 1761 4478 vcr-

129 4495 220 4549 terint.
237 4494 305 4550 Tum
320 4493 366 4547 ultr
377 4506 439 4546 vera
463 4490 555 4562 religio
569 4489 753 4544 defervescere
768 4499 856 4558 coepta
876 4497 919 4546 est
970 4488 1063 4554 lebat,
1086 4489 1283 4559 superabatque
1304 4504 1370 4616 Egra
1388 4490 1473 4545 altera
1486 4493 1616 4561 potentia.
1644 4493 1763 4550 Narrant

128 4571 156 4618 et
175 4563 339 4634 refrigerari,
351 4560 519 4616 occasionem
534 4561 682 4616 nacisunt
697 4575 726 4614 re
745 4560 921 4629 etendaepau·
969 4567 1045 4614 sexta
1060 4559 1290 4630 primnmsynodo
1343 4561 1612 4632 nstantinnpolitana,
1629 4563 1764 4620 Constan-

128 4631 203 4688 Iatim
229 4631 404 4703 turpitudInis
420 4639 447 4686 et
464 4628 599 4694 infamiae,
623 4574 848 4699 quanalinonum
871 4646 919 4686 sus
969 4628 1027 4683 tino
1044 4637 1072 4684 et
1096 4626 1247 4685 Iustiniano
1271 4626 1330 4697 ejus
1355 4629 1439 4686 fratre
1466 4646 1557 4687 rerum
1581 4635 1760 4704 potientibus,

127 4701 182 4758 tnta
197 4719 290 4758 misus
305 4702 331 4757 In
345 4701 514 4756 volutabrum
528 4701 598 4755 omni
609 4698 786 4768 provolvitur.
968 4699 1117 4755 secundnm
1138 4699 1199 4755 illas
1215 4700 1347 4771 imagines
1361 4709 1450 4756 actam
1460 4717 1572 4758 causam
1586 4719 1646 4761 esse
1661 4714 1689 4759 et
1700 4720 1763 4775 pro-

163 4772 282 4828 I’rimum
300 4787 363 4827 cum
383 4770 505 4841 plerique
524 4769 604 4825 bodie
625 4779 680 4823 tam
698 4769 802 4839 perdite
817 4770 917 4826 curiosi
968 4769 1182 4824 nuntiatam:ut
1206 4779 1261 4824 tum
1286 4770 1488 4826 fundamentum
1509 4771 1626 4839 iecerint
1650 4783 1677 4829 et
1706 4789 1763 4831 εω-

127 4839 286 4907 videantur,
298 4850 326 4897 et
346 4841 507 4911 conquIrant
533 4839 711 4908 undecunque
726 4845 754 4893 et
775 4838 917 4910 diligenter
967 4839 1057 4910 periut
1076 4840 1208 4895 othnere.
1236 4841 1335 4895 Verum
1348 4841 1463 4896 exactis
1480 4839 1553 4898 illins
1578 4845 1761 4914 synodique

126 4921 267 4967 asservent
285 4927 336 4982 pro
354 4926 416 4965 rara
436 4908 551 4979 quadam
568 4916 596 4966 et
614 4908 724 4964 visenda
738 4909 915 4978 supellectile,
966 4909 1119 4980 posteritati
1135 4908 1238 4979 reliqua
1261 4907 1333 4965 facto
1358 4919 1439 4975 sunt,
1464 4911 1531 4965 nibil
1550 4914 1616 4968 mibi
1635 4920 1761 4968 eonstme

126 4989 250 5036 veterum
263 4981 456 5051 imperatorum
474 4986 521 5033 aut
543 4977 656 5037 aliorum
672 4979 829 5048 quorumvis
843 4980 915 5034 cele·
965 4986 1064 5049 potest,
1078 4987 1105 5034 et
1118 4978 1237 5034 adducor
1260 4987 1290 5032 ut
1311 4981 1418 5035 credam
1434 4977 1657 5049 juopontitlcium
1677 4983 1760 5051 septi-

125 5048 306 5112 berrimomm
336 5056 364 5104 ct
395 5049 670 5106 nominatissimorum
698 5048 817 5103 virorum
847 5047 914 5104 ebi-
966 5064 1038 5103 mam
1051 5048 1167 5103 voluisse
1180 5048 1336 5120 allegatam,
1349 5050 1392 5104 eui
1403 5048 1517 5106 Carolus
1532 5068 1646 5122 magnus
1658 5053 1759 5108 bellurn

125 5119 183 5190 εἰει
204 5121 287 5176 etiam
310 5120 497 5184 ethnicorum
520 5119 667 5188 annetiam
687 5118 914 5188 quemadmodum
966 5117 1072 5174 Indixit.
1094 5116 1176 5188 Atqui
1196 5130 1317 5173 veterum
1339 5128 1514 5175 monumenta
1528 5121 1608 5177 fldem
1631 5122 1696 5176 mibi
1719 5120 1760 5176 fa-

124 5203 179 5245 non
201 5190 287 5245 solum
298 5191 460 5248 lineamenta
474 5187 530 5244 etti
556 5205 626 5244 iram
640 5188 759 5244 absentis
775 5186 915 5257 cniusdam
928 5163 951 5227 c
967 5188 1060 5253 ciunt,
1083 5186 1342 5259 ConstantinopoIIm
1354 5197 1429 5245 mam
1443 5192 1587 5258 exarsisse,
1599 5200 1708 5261 tamque
1721 5190 1760 5247 fe-

124 5267 172 5314 aut
197 5258 253 5316 fato
267 5259 362 5324 functi,
378 5257 524 5329 cnjusdesi
543 5259 600 5313 erio
614 5268 642 5315 et
658 5273 750 5313 amore
774 5266 912 5325 tenemur,
966 5257 1017 5313 rali
1042 5273 1199 5314 orncussam
1221 5260 1393 5316 coumntione
1415 5262 1448 5316 de
1469 5261 1616 5332 imaginum
1640 5261 1757 5327 cultura,

123 5329 263 5384 sedetiam
277 5331 465 5391 munusculum
487 5327 544 5397 ejus
556 5327 664 5398 aliquod
675 5329 828 5397 reponirnns
843 5330 914 5384 inter
966 5338 995 5384 ut
1008 5328 1058 5399 Ipsi
1071 5328 1153 5384 etiarn
1166 5327 1342 5398 Imperatores
1352 5347 1442 5386 reruni
1450 5331 1695 5387 ecclesiasticarum
1706 5341 1760 5386 sat·

123 5410 232 5468 eaquae
248 5400 325 5457 nobis
349 5414 446 5482 magno
466 5406 529 5454 sunt
549 5398 576 5453 in
598 5399 686 5470 pretio
706 5414 713 5452 t
733 5398 784 5453 boc
800 5401 911 5455 obtentu
965 5400 1108 5470 agitantes,
1121 5414 1174 5454 non
1194 5398 1290 5455 leviter
1304 5401 1359 5456 sint
1372 5399 1527 5465 conflictati,
1539 5410 1668 5472 tantaque
1679 5404 1758 5457 turba

122 5465 227 5539 tttgtea
245 5468 345 5524 Christi
370 5479 452 5524 etiarn
477 5469 574 5539 ipsius,
601 5478 631 5522 nt
651 5467 784 5533 ferebant,
799 5470 912 5540 virginis
964 5469 1095 5525 defuncti.
1116 5467 1282 5552 Philippicas
1304 5471 1441 5526 bardanes
1463 5472 1644 5528 comminutas
1672 5473 1758 5528 sacris

122 5539 233 5601 tuatris,
252 5539 436 5610 apostolorum
449 5547 477 5594 et
498 5539 663 5608 reliquorum
676 5540 722 5608 qui
733 5539 912 5608 provehendae
963 5540 1066 5596 odilam
1078 5538 1302 5605 summobono
1314 5541 1615 5597 facinoreinsummanr
1628 5543 1757 5599 invidiam

121 5609 283 5679 evarrgelioe
307 5610 438 5665 doetrinae
463 5609 559 5665 bonam
585 5624 602 5664 o
637 5624 696 5663 rani
724 5618 910 5675 novaverant,
963 5611 1095 5666 adductus
1108 5617 1135 5665 ct
1148 5609 1305 5667 exoculatam
1314 5612 1348 5666 ab
1358 5610 1503 5666 Anastasio
1514 5612 1608 5681 pulsus
1624 5621 1677 5678 est,
1691 5614 1760 5668 irrra-

120 5678 241 5734 studiose
256 5679 366 5748 quidam
381 5679 549 5743 rctInebant,
565 5694 595 5735 se
626 5679 662 5733 ita
679 5686 811 5733 tamennt
824 5694 911 5762 neque
964 5680 1041 5752 giacs
1065 5687 1260 5762 propugnante.
1288 5680 1385 5738 Postea
1408 5695 1425 5737 a
1448 5680 1600 5739 Theodosio
1624 5685 1758 5739 restitutae

120 5748 259 5806 sanctitati
276 5762 363 5822 neque
379 5748 500 5822 religioni
512 5762 559 5807 eas
576 5755 722 5807 verterunt.
733 5748 784 5818 Qui
799 5749 908 5822 religio-
961 5758 1035 5818 sunt,
1050 5751 1160 5809 nomme
1181 5751 1297 5809 oliscmo
1314 5760 1342 5810 ct
1354 5751 1482 5826 Igrobili,
1501 5753 1537 5811 ab
1556 5751 1693 5812 Anastasii
1709 5753 1756 5808 ac·-
