3780 6120
125 198 193 271 tiri
222 223 225 228 ’
585 188 632 261 ab
650 189 764 262 brana
783 205 813 258 n.
834 202 960 259 canon
979 201 1087 258 uuum
1105 200 1286 259 arranem.
1684 207 1754 262 atra

122 329 247 403 praeliare
255 324 409 394 cepissent,
422 318 545 376 debellati
554 327 617 373 sunt
629 317 756 373 Saraceni
768 333 784 371 a
796 316 909 371 Francis
924 321 947 378 Α
960 313 1071 369 iaceret.
1087 315 1237 371 llaistnlius
1252 330 1317 371 vcro
1331 315 1359 371 ia
1380 319 1505 388 superbia
1518 319 1614 384 elatus,
1630 322 1755 377 convicia

124 399 323 466 carlomagno,
344 392 514 458 maximaque
530 404 593 458 pars
615 390 733 475 ipsomm
757 387 855 442 cecidit
882 387 908 439 in
961 385 1080 439 eiamin
1092 384 1232 455 praefatum
1250 385 1402 455 pontificem
1423 403 1472 457 per
1493 389 1581 459 inepta
1594 390 1679 444 rerba
1705 392 1755 446 im-

124 468 221 541 gladio,
235 477 262 520 et
278 462 380 534 experti
395 468 456 515 sunt
474 458 600 514 Saraceni
615 458 778 511 araneorum
803 457 909 526 praelio,
960 469 1072 525 ponens,
1088 454 1153 508 nihil
1168 454 1192 508 ei
1208 471 1237 510 se
1256 455 1346 510 lacere
1365 458 1534 527 promittens,
1548 459 1601 514 nisi
1624 461 1697 514 riam
1725 478 1755 517 se

124 539 170 608 qni
184 553 218 593 ex
235 535 313 606 Syria
339 530 439 602 egressi
455 538 525 592 eunt,
539 527 665 583 Carolum
689 527 863 581 fortissimum
882 527 909 579 in
959 524 1079 592 praehere
1090 525 1261 592 quatenusad
1275 527 1381 594 propria
1393 536 1535 583 remearet.
1549 528 1588 582 llli
1599 544 1665 584 rere
1679 533 1753 588 missi

123 607 249 664 omnibns
263 608 428 674 repererunt.
440 599 499 669 lpse
508 613 571 653 vero
581 596 692 652 Carolus
701 596 785 665 spolia
799 595 910 650 collecta
959 593 1161 713 promittebant,
1173 608 1225 648 non
1237 593 1315 649 aliter
1329 596 1466 651 dominum
1478 595 1605 667 Pipinum
1620 613 1636 653 a
1654 599 1753 657 linibus

124 686 152 732 et
174 676 309 745 copiosam
317 673 434 742 predam
444 685 505 724 cum
520 676 710 732 reverteretur,
727 665 910 734 hlagdalonam
983 662 1154 729 angohardian
1165 677 1224 717 ease
1237 663 1430 733 proiecturum,
1446 666 1497 721 nisi
1510 667 1587 788 prius
1604 667 1754 726 llaistulhra

124 746 225 802 destrui
236 744 372 815 precepit.
388 740 520 793 Nernauso
534 752 608 800 vcro,
627 751 735 789 arenam
749 735 867 789 civitatis
878 734 911 786 il-
956 729 1087 797 justitiam
1097 740 1191 785 sancto
1201 731 1281 787 Petro
1293 732 1402 787 iaceret.
1416 734 1510 790 llaistn
1522 735 1565 790 ius
1592 745 1685 793 autem
1712 755 1754 794 re·

124 816 176 872 ltus
190 825 270 884 atque
281 820 372 883 portans
387 809 501 863 cremari
521 806 611 875 jussit,
622 816 703 874 atque
715 805 852 860 obsidibus
864 818 897 857 ae
960 800 1069 868 quisivit
1081 816 1141 881 qua}
1154 800 1196 854 illa
1212 799 1317 868 justitia
1341 812 1425 866 esset;
1448 806 1491 860 eni
1504 805 1586 875 legati
1608 811 1753 878 responde-

125 886 210 956 oepm
223 897 345 939 messus
359 880 435 934 espa„
454 877 549 930 prm-,cp
560 891 605 930 gn,
960 876 1041 922 runt:
1063 868 1096 924 Ut
1113 885 1138 924 cr
1162 870 1258 924 reddas
1285 870 1462 942 Pentapolim,
1477 874 1601 937 Narnias,
1625 885 1652 930 et
1670 877 1739 931 L'cea

233 976 236 980 i
336 959 346 970 «
622 983 628 996 ,
960 952 1041 1018 num,
1063 939 1196 994 ctornnia
1216 940 1288 994 unde
1343 943 1571 1011 putusttomanns
1589 945 1624 998 de
1642 947 1753 1000 tuaini·

408 986 523 1044 ORTUS
542 984 650 1038 ῙἾΡῙΜ·
960 1014 1063 1075 quitatc
1090 1008 1274 1075 conqueritur.
1312 1011 1387 1066 thoe
1412 1012 1459 1066 tibi
1484 1015 1597 1066 mandat
1622 1013 1750 1137 Pipinus,

158 1086 235 1139 Anno
249 1098 330 1136 nec...
351 1078 462 1132 Carolus
477 1076 600 1146 princeps
612 1074 687 1137 ohiit,
701 1072 911 1154 regnavitannis
960 1076 1031 1199 guod
1048 1075 1070 1129 si
1079 1075 1210 1143 justitiam
1228 1087 1321 1133 sancto
1330 1080 1411 1135 Petro
1423 1083 1535 1137 reddere
1546 1083 1601 1146 vis,
1615 1082 1649 1136 da
1672 1086 1694 1138 it
1705 1086 1750 1140 tii

123 1157 158 1211 23
169 1163 309 1208 etrnenses
324 1149 429 1203 dobin
444 1164 468 1199 xr
480 1146 611 1199 devitandas
627 1143 792 1207 Novembris,
807 1142 909 1209 lilnque
980 1144 1101 1200 undecim
1115 1147 1198 1200 millia
1218 1147 1374 1203 solidorum.
1392 1150 1548 1216 llaistnlius,
1559 1153 1604 1206 his
1628 1154 1753 1209 omnibus

123 1225 181 1293 ejus
194 1223 304 1292 Pipinus
322 1229 349 1271 et
362 1217 557 1272 carlomannus
570 1215 748 1282 principatum
767 1213 850 1282 patris
864 1213 909 1266 in·
960 1214 1070 1284 spretis,
1089 1214 1190 1285 legatos
1200 1218 1302 1286 absque
1313 1219 1374 1274 ullis
1384 1220 1505 1289 paciheis
1517 1223 1611 1276 verbis
1625 1222 1751 1281 absolvit.

124 1304 165 1350 ter
180 1308 209 1348 se
231 1291 363 1345 dividunt.
388 1286 583 1340 Carlomamrus
598 1283 714 1344 dustria,
728 1282 907 1362 Alamannia,
959 1281 1070 1354 Pipinus
1082 1285 1163 1353 igitur
1173 1286 1224 1339 iter
1237 1296 1353 1357 emptum
1365 1305 1496 1360 peragens
1511 1291 1546 1344 ad
1573 1290 1672 1345 Clusae
1685 1290 1752 1345 Lan·

122 1373 202 1432 atque
224 1358 350 1425 Turingia
373 1357 493 1410 sortitur.
510 1352 619 1422 Pipinus
643 1367 707 1406 vero
728 1352 910 1420 Burgundram
960 1355 1139 1422 gohardorum
1150 1356 1279 1424 pervenit,
1297 1357 1400 1427 illisque
1411 1360 1525 1423 dirutis,
1551 1359 1752 1419 etllaistuliunt

122 1442 202 1500 atquc
218 1428 388 1483 Provinciam
403 1423 667 1493 accepit.'dacharias
679 1422 786 1474 natione
800 1420 910 1475 Grecos
960 1437 1022 1475 curn
1034 1422 1216 1491 Langobardis
1229 1427 1256 1479 in
1271 1425 1361 1497 lirgam
1375 1428 1505 1498 expulsis,
1521 1429 1633 1499 Papiam
1658 1431 1751 1487 civita·

123 1503 151 1558 S.
166 1504 198 1555 tt.
211 1500 241 1553 ld.
255 1513 322 1568 papa
338 1496 408 1550 sedit
426 1493 527 1546 Romae.
545 1491 629 1559 liujus
644 1491 808 1570 temporibus
818 1489 910 1545 Cario·
960 1499 1013 1544 tem
1045 1492 1151 1546 obsedit
1172 1509 1271 1549 annum
1291 1502 1374 1550 urtam
1393 1507 1422 1551 et
1444 1513 1551 1553 menses
1565 1507 1637 1563 tres,
1659 1501 1688 1556 in
1702 1517 1750 1570 qua

121 1584 237 1626 mannus
251 1583 297 1620 rex
313 1565 486 1624 francorum,
503 1563 573 1616 tilius
582 1560 701 1631 praedicti
715 1559 844 1640 principis
855 1559 909 1615 Ca·
961 1560 1121 1617 linistulimn
1134 1563 1282 1630 includens,
1295 1565 1331 1621 ita
1349 1582 1398 1636 per
1416 1567 1464 1621 Dei
1485 1567 1652 1637 adiutorium
1681 1568 1751 1625 illurn

122 1642 182 1703 reli,
197 1638 281 1692 irater
295 1635 392 1704 Piplei,
404 1633 593 1687 divinoamore
610 1639 637 1685 et
651 1629 910 1684 desiderrocoelestis
923 1661 948 1721 B
961 1631 1120 1696 coarctavit,
1134 1641 1164 1685 ut
1175 1648 1269 1688 ornnes
1275 1635 1394 1704 justitias
1405 1637 1490 1690 saneti
1504 1636 1576 1692 Petri
1590 1654 1619 1693 se
1635 1640 1752 1694 reddito·

121 1711 215 1780 patriae
229 1716 412 1774 compunctus,
425 1711 519 1770 sponte
533 1716 644 1769 regnum
659 1699 776 1768 reliquit,
787 1698 910 1768 tiliosque
962 1715 1022 1755 rum
1044 1702 1251 1770 repromitteret.
1283 1705 1330 1759 itta
1349 1707 1430 1760 minis
1450 1706 1600 1761 llaistullus
1622 1716 1752 1778 tyrannus

119 1794 183 1834 suos
193 1778 286 1846 Pipinn
301 1774 376 1827 tratri
396 1771 608 1826 commendavit:
624 1770 681 1837 ipse
708 1784 772 1823 vero
797 1768 910 1824 Romam
962 1769 1083 1834 territus,
1095 1786 1144 1840 per
1160 1787 1255 1827 manus
1271 1775 1447 1844 Pentapolim,
1460 1776 1577 1831 Namias
1587 1818 1594 1839 ,
1606 1776 1751 1841 Cecanum,

121 1862 245 1919 pergens,
261 1844 294 1898 ad
307 1844 399 1896 linrina
413 1841 480 1894 tieati
494 1839 565 1894 Petri
579 1838 693 1908 apostoli
707 1855 768 1893 cum
787 1839 911 1908 plurimis
961 1839 1104 1910 etreliqua
1117 1841 1471 1911 debitaquaesanctoPetro
1484 1846 1636 1911 debuerat,
1665 1849 1752 1904 missis

121 1918 177 1972 suis
190 1914 363 1986 optimatibus
375 1922 403 1966 et
416 1910 493 1964 donis
516 1908 756 1963 innumerabilibus
770 1910 908 1978 pervenit,
962 1909 1064 1964 domini
1074 1909 1160 1980 Pipini
1175 1912 1246 1981 regis
1258 1928 1310 1983 per
1322 1915 1430 1969 vadium
1453 1914 1585 1980 reddidit,
1605 1924 1635 1972 et
1646 1918 1752 1989 triginta

121 1995 148 2042 ct
161 1995 222 2040 ante
234 1982 385 2052 sepulerum
396 1980 467 2034 beati
481 1978 554 2032 Petri
566 1979 662 2048 posuit,
673 1978 822 2046 capitisque
833 1994 910 2033 coma
961 1979 1046 2033 millia
1056 1979 1202 2035 solidorum
1214 1983 1308 2052 Pipino
1320 1985 1376 2065 regi
1392 1985 1495 2048 tribuit,
1510 1988 1684 2066 spopondens
1698 1989 1752 2043 sin·

121 2057 249 2127 deposita,
269 2053 389 2107 lrabitmn
408 2047 575 2112 clericalem,
597 2048 739 2102 ordinante
764 2048 843 2102 heato
861 2049 911 2102 Za·
962 2049 1031 2119 gulis
1044 2050 1122 2102 arinis
1136 2050 1163 2106 in
1179 2050 1329 2116 tributum,
1354 2055 1381 2109 rd
1397 2063 1439 2108 est
1458 2070 1475 2107 v
1501 2055 1584 2109 millia
1608 2057 1752 2112 solidorum

121 2126 212 2180 charia
228 2137 305 2193 papa,
317 2119 470 2189 assumpsit,
482 2118 673 2188 aliquantoque
679 2126 801 2187 tempore
812 2119 910 2173 ibidem
961 2120 1083 2198 partibus
1095 2118 1259 2175 Francorum
1275 2139 1304 2178 se
1316 2124 1493 2179 redditurum.
1502 2124 1565 2181 llaec
1580 2128 1673 2181 omnia
1682 2127 1752 2195 jure

121 2197 230 2249 mansit.
245 2191 362 2248 Consilio
381 2205 446 2244 vero
460 2197 570 2259 accepto
582 2187 703 2255 ejusdem
718 2188 861 2256 pontilicis,
877 2189 911 2243 ad
958 2188 1256 2260 Jurandollaistulphus
1269 2208 1329 2247 cum
1340 2194 1420 2250 suiso
1439 2194 1580 2250 timatihus
1591 2198 1752 2253 ctomnibtu

120 2265 247 2319 Casinum
260 2269 377 2317 merrtem
392 2269 420 2314 et
434 2259 585 2313 coenobium
599 2258 684 2314 sancti
698 2257 835 2313 Benedicti
849 2273 911 2328 per-
963 2256 1098 2313 nohilihus
1110 2259 1344 2329 Langobardomm
1359 2278 1388 2318 se
1400 2211 1610 2334 adimpleturum
1624 2281 1752 2337 essespo

121 2336 201 2399 rexit,
213 2334 302 2402 ibique
328 2330 508 2384 obedientiam
533 2330 683 2399 regularem
697 2325 795 2397 Optato
819 2327 909 2382 abbati
960 2328 1065 2449 pendit,
1080 2336 1108 2383 et
1121 2328 1257 2385 llrmitatis
1267 2347 1349 2388 cansa
1362 2333 1435 2387 dedit
1447 2334 1505 2405 regi
1521 2334 1621 2406 Pipino
1631 2336 1667 2392 de
1680 2338 1752 2391 nobi·

121 2399 685 2480 prorrrittens,rnonachicamprotessionem
696 2398 849 2468 spopondit.
867 2397 910 2451 Pi·
974 2398 1033 2451 ibus
1044 2398 1281 2469 Langobardorum
1297 2418 1330 2456 au
1345 2401 1465 2457 obsides.

120 2476 200 2547 pinus
216 2488 281 2527 vcro
302 2485 414 2540 regnum
429 2477 612 2538 patnstotum
641 2469 692 2522 sihi
721 2468 859 2532 vindicat,
884 2475 912 2522 et
962 2474 964 2482 “
997 2466 1183 2538 Pipinusvero
1202 2482 1312 2541 accepta
1331 2473 1516 2527 herredietionc
1534 2475 1627 2531 domni
1648 2484 1752 2544 aposto·

157 2542 370 2597 rauetoritatcm
385 2539 499 2593 honam
521 2539 657 2609 pontilicis
678 2554 711 2592 ex
726 2536 912 2660 praelectodra·
963 2537 1007 2592 liei
1031 2539 1058 2591 in
1078 2553 1146 2607 paee
1165 2553 1227 2593 eum
1247 2543 1322 2596 abire
1334 2542 1465 2609 permisit,
1490 2543 1601 2599 tradens
1612 2545 1638 2599 ci
1652 2546 1752 2600 haren·

131 2614 177 2668 atii
197 2628 245 2667 rea·
258 2609 427 2666 constitutus.
439 2608 501 2663 Post
511 2610 613 2663 obitum
625 2607 763 2663 Zacharrae
777 2607 852 2677 ponti
873 2607 912 2661 cis
964 2622 1034 2669 nam,
1050 2607 1226 2677 Pentapolim,
1240 2610 1364 2674 Narniae,
1376 2611 1521 2676 Cecarrum,
1535 2621 1563 2667 et
1576 2614 1708 2684 quidquid
1726 2618 1751 2671 in

122 2682 170 2738 Stc
190 2683 276 2736 hanus
288 2678 518 2734 nationeilrtccns
532 2680 602 2734 sedit
627 2680 653 2732 in
678 2676 845 2748 pontificatu.
861 2676 912 2732 llio
963 2676 1017 2730 illis
1036 2679 1157 2746 partibus
1178 2680 1375 2735 continebatur.
1401 2681 1449 2736 llis
1469 2683 1597 2739 omnibns
1616 2687 1750 2754 peractis,

123 2700 246 2808 molestia
256 2749 526 2820 Langobardorumet
541 2749 666 2819 superbia
681 2748 831 2818 Haistulphi
840 2746 912 2816 regis
963 2746 1073 2816 Pipinus
1095 2748 1183 2803 rictor
1211 2749 1245 2803 ad
1292 2751 1379 2820 ropria
1405 2754 1545 2807 remearit.
1580 2753 1642 2820 Quo
1665 2770 1751 2808 rever-

121 2816 568 2882 nonsnderens,addelensionem
589 2818 675 2888 Pipini
699 2819 769 2888 regis
794 2817 912 2872 Pramo·
964 2825 1038 2871 tente
1060 2819 1086 2871 in
1107 2817 1241 2882 Francia,
1272 2767 1421 2875 haistulfus
1440 2822 1561 2892 perfidus
1589 2839 1638 2877 rex
1664 2826 1750 2880 omnia

121 2889 373 2962 rumquaerendam,
387 2889 508 2958 partibus
524 2889 643 2944 l'ranciae
654 2889 747 2958 pergit.
764 2888 911 2954 Quodcum
962 2902 1130 2957 quaeeunque
1159 2891 1320 2958 promiserat
1352 2893 1550 2946 contumaciter
1632 2895 1749 2962 tposnit,

120 2964 271 3018 truntiatmn
287 2960 382 3014 luisset
399 2960 453 3028 regi
468 2958 581 3028 Pipino,
604 2974 701 3028 ruagno
727 2959 844 3028 repletos
869 2966 912 3012 est
962 2965 990 3011 et
1011 2958 1176 3027 Stephanum
1201 2974 1298 3029 papam
1323 2976 1385 3015 cum
1410 2961 1541 3016 armisa
1590 2963 1673 3022 nibus
1700 2963 1750 3020 suit

121 3033 229 3103 gaudio,
241 3031 378 3098 liliumque
393 3043 471 3082 suum
485 3029 693 3098 primogenitum
715 3028 851 3091 Carnium,
864 3005 948 3109 quic
963 3027 1075 3152 expulit.
1624 3050 1627 3055 ·

121 3111 253 3185 postcom
265 3107 424 3169 regnaturus
437 3107 505 3165 erat,
519 3100 625 3152 obviam
635 3097 661 3152 ci
674 3099 750 3153 abire
763 3105 909 3169 praeeeprt,
1011 3097 1099 3153 'odem
1119 3113 1190 3154 anno
1207 3099 1285 3155 honae
1305 3101 1443 3156 memoriae
1452 3100 1653 3158 carlomannus
1664 3119 1750 3160 mona·

122 3184 263 3241 ipsumque
276 3183 336 3221 enm
351 3167 453 3221 honore
474 3169 507 3221 ad
529 3169 700 3238 praesentiam
721 3166 780 3235 ejus
805 3166 911 3222 invilla
962 3167 1029 3223 chus
1042 3169 1167 3236 migravit
1187 3170 1221 3224 ad
1237 3170 1392 3232 Dominum,
1407 3177 1434 3225 et
1446 3171 1602 3228 Bonilacius
1623 3173 1751 3242 archiepi-

122 3255 181 3310 qme
194 3238 292 3292 dicitur
304 3236 375 3292 Pons
390 3235 509 3305 lingonis
526 3237 673 3299 adducerc;
697 3237 788 3306 ibique
800 3237 912 3293 veniens
961 3238 1306 3307 seopusinFrisiaverhum
1318 3239 1366 3295 Dei
1376 3243 1502 3296 nuntians
1512 3244 1751 3299 coronatur.Tunc

121 3309 385 3387 pradictuspapaa
407 3304 502 3375 Pipino
520 3320 583 3377 rege
602 3306 750 3382 honorilice
772 3315 913 3376 susceptus
961 3307 1112 3363 llaistulius
1132 3322 1180 3363 rex
1201 3309 1438 3378 Langobardorum
1456 3311 1537 3366 iidem
1558 3328 1641 3384 quam
1660 3312 1750 3384 Pipino

121 3387 171 3435 est.
187 3378 315 3446 Sequenti
332 3376 375 3430 die
388 3391 440 3428 una
457 3390 518 3430 eum
531 3376 604 3432 clero
615 3391 664 3430 suo
674 3391 799 3446 aspersus
821 3377 913 3432 cinere
961 3379 1123 3448 promiserat
1141 3377 1251 3444 ieiellit,
1270 3394 1331 3433 cnm
1350 3380 1469 3436 exercitu
1483 3381 1623 3438 Romanas
1636 3383 1703 3439 lines
1714 3384 1752 3438 in·

121 3457 149 3504 et
163 3445 370 3503 indutuscilicio
389 3446 416 3498 in
432 3452 532 3500 terram
554 3454 715 3516 prostratus,
736 3463 785 3517 per
806 3447 913 3503 miscri-
962 3449 1073 3512 radens,
1097 3449 1179 3502 etiam
1198 3449 1282 3519 ipsam
1304 3448 1404 3505 Urbem
1425 3451 1540 3506 obsedit.
1566 3452 1631 3508 llaec
1644 3454 1750 3508 audiens

121 3519 241 3575 cordiam
256 3517 302 3570 llei
314 3516 506 3585 omnipotentis
525 3523 553 3571 et
566 3517 662 3571 merita
685 3517 827 3572 beatorum
849 3533 914 3587 apo-
961 3517 1073 3588 Pipinus
1094 3533 1150 3581 rer,
1172 3520 1321 3574 exercitum
1338 3535 1506 3590 corrgrcgans
1521 3529 1550 3575 et
1568 3537 1619 3590 per
1634 3523 1752 3592 Burgun-

121 3590 251 3647 stolorum
272 3585 344 3641 Petri
359 3594 386 3640 et
407 3583 481 3638 Pauli
499 3586 621 3656 Pipinum
644 3601 734 3657 regem
752 3589 912 3652 obsecrans,
962 3588 1035 3643 diam
1057 3587 1253 3652 iterfaciens,
1286 3604 1371 3657 usque
1392 3591 1426 3645 ad
1450 3591 1638 3646 hauriendam
1662 3596 1751 3648 urbem

122 3669 153 3713 nt
164 3673 193 3713 se
206 3666 233 3711 et
250 3657 376 3726 populum
403 3656 556 3709 lionmnum
573 3656 606 3710 de
629 3672 710 3711 manu
726 3657 915 3728 Longohardo-
961 3658 1092 3731 pervenit.
1116 3656 1179 3715 llaec
1190 3673 1251 3713 cum
1262 3659 1391 3724 audisset,
1404 3658 1590 3731 Langobardis
1600 3661 1750 3717 elosastir·

122 3744 183 3788 rum
199 3737 226 3783 et
239 3726 347 3797 superbi
374 3726 446 3796 regis
465 3724 615 3795 llaistulphi
630 3727 742 3782 servitio
762 3726 912 3792 liberaret,
962 3742 1037 3782 mare
1057 3735 1139 3796 atque
1151 3726 1263 3783 Francis
1277 3726 1359 3795 jussit
1371 3729 1498 3784 resistere
1511 3729 1673 3787 Haistulins.
1686 3731 1751 3801 PIpi·

122 3814 173 3856 nec
188 3805 266 3852 antea
281 3798 314 3852 de
335 3804 407 3849 terra
424 3811 535 3865 surgere
559 3795 661 3860 voluit,
685 3811 766 3863 quam
791 3797 842 3851 sibi
866 3813 913 3853 rex
962 3812 1014 3851 nus
1035 3797 1137 3851 interea
1157 3800 1300 3853 transactis
1311 3797 1422 3868 Alpibus
1435 3815 1496 3854 curn
1508 3801 1609 3856 robore
1620 3802 1750 3856 exercitus

122 3866 452 3945 prrmdictrrsPipinuscum
464 3866 525 3920 liliis
540 3866 634 3920 suiset
646 3866 914 3936 optimatibusFran-
963 3868 1014 3931 sui,
1033 3867 1119 3936 ipsum
1132 3867 1230 3921 rollum
1241 3868 1284 3922 vei
1304 3867 1461 3925 firmitatem
1480 3885 1563 3940 qnam
1581 3870 1749 3941 Langobardi

123 3953 216 3992 eornm
234 3952 342 3990 manum
355 3935 569 4005 porrigerent,et
581 3936 667 4005 ipsum
681 3951 731 4006 pro
745 3935 844 3991 indicio
855 3937 913 3991 sul·
964 3936 1123 4002 firmarant,
1149 3937 1299 3999 destruxit,
1323 3939 1473 3995 exercitum
1494 3953 1588 3993 eorum
1613 3940 1642 3994 in
1664 3939 1749 4009 lugam

124 4007 200 4076 lragii
218 4005 339 4060 interciet
361 4005 529 4059 liberationis
543 4007 574 4060 tle
590 4013 662 4059 terra
689 4007 819 4061 levarent.
838 4006 914 4061 Tunc
962 4008 1105 4070 convertit,
1128 4006 1189 4060 iude
1210 4008 1244 4062 ad
1261 4007 1385 4062 Ticinum
1405 4012 1500 4064 urbem
1520 4013 1657 4080 pervenit,
1671 4018 1750 4065 totam

123 4094 171 4134 rex
188 4077 299 4147 Pipinus
312 4090 418 4130 omnem
432 4075 567 4144 pontilicis
577 4074 741 4146 voluntatem
752 4074 912 4145 adimplens,
964 4077 1038 4131 illam
1061 4077 1197 4148 regionem
1218 4076 1369 4140 devastans,
1392 4078 1465 4132 illam
1486 4080 1695 4134 munitissimam
1716 4078 1749 4134 τίν

124 4148 223 4202 direxit
246 4162 307 4200 eum
323 4146 356 4199 ad
383 4145 576 4199 monasterium
591 4146 676 4199 sancti
703 4145 823 4216 Dionysii
842 4162 914 4200 mar·
964 4146 1074 4201 vitatem
1088 4146 1203 4201 obsedit.
1228 4147 1284 4201 lioc
1299 4147 1447 4202 llaistulins
1458 4162 1586 4212 cernens,
1600 4149 1749 4218 nullamque

123 4218 200 4288 tyris,
215 4231 329 4285 eumque
343 4215 380 4268 ihi
402 4230 507 4270 summo
530 4215 632 4269 honore
655 4224 682 4270 et
703 4215 839 4286 diligentia
854 4216 913 4270 hie-
964 4230 1039 4286 spem
1060 4216 1190 4271 evadendi
1210 4215 1330 4279 hahens,
1352 4231 1402 4286 per
1420 4217 1647 4286 supplicationem
1667 4232 1749 4273 saeer-

123 4286 344 4356 marcprecepit.
358 4284 442 4339 Porro
455 4285 564 4354 Pipinus
576 4299 623 4338 rex
636 4285 796 4355 legationem
809 4285 915 4340 adllai-
964 4286 1056 4339 dotum
1077 4285 1183 4340 veniam
1205 4299 1220 4338 a
1240 4286 1488 4355 praecellentissime
1507 4302 1572 4357 rege
1590 4287 1688 4358 Pipino
1706 4302 1749 4357 ptr-

123 4358 259 4428 stulphum
271 4371 361 4425 regem
376 4355 612 4425 Langobardorum
628 4354 711 4418 misit,
729 4356 841 4410 hortans
851 4369 913 4410 eum
927 4347 1093 4420 Dstularlt,
1124 4362 1152 4409 et
1183 4369 1215 4408 ea
1244 4370 1304 4422 rrum
1331 4364 1424 4410 eontra
1450 4353 1495 4424 ins
1516 4358 1560 4410 rel
1584 4364 1749 4413 sacramenta

125 4435 153 4480 ut
171 4435 280 4497 propter
296 4425 475 4480 reverentiam
501 4424 682 4494 apostolorum
696 4424 769 4479 Petri
790 4432 819 4479 et
838 4423 913 4480 Pauli
964 4431 1176 4495 perpetraverat,
1197 4425 1345 4479 seeundum
1354 4425 1483 4493 judicium
1496 4426 1661 4497 optimatum
1674 4427 1748 4482 Fran·

125 4496 346 4553 hemanasuraes
358 4510 410 4548 non
423 4493 562 4563 affligeret,
575 4503 602 4547 et
611 4495 852 4565 superstitiosehas
864 4496 915 4550 im·
965 4509 1058 4549 corum
1075 4509 1105 4549 se
1138 4493 1422 4549 leuissimavoluntate
1438 4496 1584 4550 emendare
1601 4497 1747 4567 spopondit

123 4567 183 4635 pias
197 4565 419 4636 praesumptiones
429 4571 521 4617 contra
534 4563 688 4631 pontificem
701 4564 830 4618 Romanae
841 4565 915 4620 urhis
966 4564 1023 4620 tter
1038 4577 1103 4619 vero
1119 4509 1230 4633 Pipinus
1249 4564 1329 4619 solito
1349 4579 1424 4619 more
1444 4565 1634 4620 misericordia
1654 4575 1748 4628 motus,

124 4650 177 4689 non
196 4640 326 4686 moveret.
338 4632 390 4686 Sed
403 4632 483 4687 iidem
511 4631 590 4702 legati
618 4648 700 4702 super
724 4635 766 4688 his
789 4635 916 4690 omnibns
966 4650 981 4689 r
1033 4649 1078 4690 um
1098 4642 1126 4687 et
1145 4635 1228 4688 vitam
1251 4635 1394 4689 concessit.
1424 4633 1574 4688 flaistullus
1595 4644 1687 4690 autem
1707 4648 1749 4704 pet

125 4719 184 4773 quae
196 4703 322 4773 princeps
332 4700 444 4770 Pipinus
455 4703 639 4766 mandaverat,
657 4702 723 4756 nihil
733 4703 806 4758 aliud
825 4704 858 4758 ab
871 4704 915 4759 illo
962 4701 993 4773 iu
1013 4703 1093 4759 icium
1106 4702 1269 4758 Francomm
1283 4703 1437 4758 thesaurum
1454 4704 1526 4772 quod
1548 4704 1574 4757 in
1588 4705 1686 4760 Ticino
1696 4712 1750 4760 erat

125 4775 241 4844 superbo
265 4779 380 4844 tyranno
402 4771 453 4825 nisi
477 4771 555 4841 plena
585 4772 709 4842 superbia
734 4789 863 4842 responsa
888 4784 916 4831 ct
966 4774 1073 4829 tertiam
1092 4781 1196 4842 partem
1217 4772 1311 4841 Pipino
1332 4772 1450 4839 tradidit,
1465 4783 1640 4828 sacramenta
1659 4775 1751 4830 iterum

125 4843 293 4900 contumacia
305 4842 386 4896 verba
401 4840 494 4895 audire
517 4849 683 4895 memerunt.
696 4843 743 4897 Sta
763 4844 848 4898 hanus
868 4859 916 4897 au·
966 4858 1109 4906 renovans,
1128 4842 1288 4911 obsidesque
1308 4843 1439 4908 tribuens,
1459 4843 1585 4912 promisit
1603 4858 1636 4899 se
1651 4856 1751 4914 semper

126 4923 179 4970 tem
215 4928 264 4983 apa
293 4913 380 4983 ipsum
401 4911 549 4982 piissimum
571 4911 721 4981 principem
756 4913 859 4983 ipinum
874 4927 916 4968 re-
966 4928 1026 4968 esse
1044 4912 1158 4975 lidelem,
1170 4921 1198 4967 et
1210 4910 1324 4966 annuale
1346 4912 1475 4968 tributum
1491 4913 1564 4982 qnod
1580 4912 1751 4969 Francistri·

125 4931 404 5056 geininneommac
427 4981 566 5052 patricium
584 4981 766 5037 Romanorum
785 4984 846 5039 oleo
867 4999 917 5037 mr-
967 4983 1063 5038 huerat
1084 4984 1249 5052 permissos
1271 4996 1334 5037 suos
1355 4983 1432 5038 annis
1451 4981 1565 5051 singulis
1585 4998 1650 5038 esse
1671 4994 1752 5038 trans·

126 5055 222 5109 ctionis
238 5050 633 5123 perunxitseeundummorem
647 5052 779 5120 majomm
790 5054 917 5112 unctione
967 5053 1134 5116 missurum,
1160 5060 1188 5106 et
1211 5067 1242 5106 ea
1263 5066 1324 5132 quan
1344 5061 1438 5106 sancto
1456 5050 1537 5107 Petro
1555 5052 1640 5109 relS
1687 5055 1752 5106 liano

126 5140 212 5187 sacra,
233 5125 355 5191 tiliosqne
374 5121 433 5189 ejus
448 5121 515 5175 diros
527 5121 595 5176 ielioi
607 5123 777 5178 successione
790 5123 915 5178 Carnium
986 5138 1043 5192 apte
1061 5121 1140 5176 annis
1158 5121 1301 5191 praeteritas
1314 5122 1490 5191 promiserat,
1509 5133 1610 5176 cuneta
1677 5123 1751 5177 dicht.

126 5193 727 5249 etCarlomannumeodemcomuavithonore.
736 5192 918 5263 Pipinusvero
966 5137 1079 5261 Pipinus
1096 5200 1186 5245 autem
1196 5192 1285 5246 rictor
1299 5192 1460 5247 incolumem
1473 5192 1626 5246 exereitum
1639 5193 1753 5263 gaudens

128 5280 175 5317 rex
192 5280 242 5317 nou
258 5271 364 5333 poterat
378 5278 409 5316 cn
429 5276 488 5330 quaa
499 5261 619 5315 Ronrano
630 5263 915 5333 praesolipromiserat,
968 5262 1001 5316 ad
1019 5262 1127 5333 propria
1147 5261 1291 5324 remeavit,
1312 5261 1445 5318 thesauris
1463 5269 1490 5314 et
1508 5262 1651 5316 obsidibus
1666 5275 1752 5316 secum

128 5333 179 5387 nisi
194 5341 248 5388 toto
265 5333 362 5388 affectu
378 5347 439 5386 curn
452 5331 500 5385 ttei
511 5332 611 5388 auxilio
624 5333 792 5403 adimpleret.
805 5331 917 5403 Pipinus
969 5332 1106 5394 adductis,
1136 5330 1283 5386 llaistullns
1297 5346 1360 5387 vero
1382 5346 1430 5386 rex
1452 5330 1516 5399 dum
1534 5332 1705 5386 venationem
1726 5330 1753 5384 in

128 5403 219 5471 itaque
233 5403 313 5473 hipes
330 5403 476 5465 transiens,
493 5403 594 5469 legatos
605 5418 668 5457 suos
682 5405 715 5458 ad
731 5402 917 5472 llaistulphum
969 5404 1084 5471 quadam
1098 5401 1164 5455 silva
1177 5410 1325 5466 exerceret,
1338 5400 1428 5455 divina
1440 5400 1543 5455 ultione
1556 5415 1711 5471 percussus,
1722 5399 1753 5455 dt

129 5474 246 5535 mittens,
261 5472 404 5543 postulavit
416 5481 446 5525 ut
457 5481 578 5526 sanctam
593 5472 740 5527 llomanam
756 5472 916 5535 Ecclesiam,
969 5486 1038 5540 eqrro
1054 5472 1080 5524 in
1094 5485 1147 5539 ‹puo
1160 5470 1270 5524 sedehat
1294 5471 1321 5525 in
1346 5479 1416 5525 terra
1433 5470 1587 5540 projeetus,
1611 5473 1692 5526 tertia
1713 5470 1753 5524 die

126 5543 203 5609 cujus
221 5543 265 5596 ille
278 5542 461 5611 delensorper
472 5541 668 5597 ordinationem
684 5542 803 5596 divinam
819 5542 916 5605 luerat,
969 5542 1052 5594 vitam
1071 5540 1170 5594 amisit.
1195 5539 1260 5594 Post
1277 5542 1335 5596 haec
1348 5540 1500 5609 Stephanus
1517 5555 1587 5610 papa
1607 5540 1682 5595 obiit.
1709 5539 1753 5593 ttis

129 5629 182 5668 non
194 5612 333 5680 aflligeret,
347 5613 393 5668 sed
406 5627 512 5667 ourrrem
522 5611 654 5678 justitiam
676 5613 708 5666 de
723 5613 804 5668 rebus
819 5613 917 5668 ablatis
970 5611 1136 5686 temporibus
1159 5609 1325 5679 lussiplrihin
1348 5610 1518 5667 hhderamen
1546 5611 1690 5683 tyrannide
1713 5624 1753 5665 as·
