3780 6120
134 211 199 272 15111

531 170 582 260 u.
600 202 727 259 cunou
745 200 853 257 utem
866 198 948 280 pen.
966 200 1058 259 rans
1076 204 1108 260 ιι.
1130 204 1251 262 sueno
1269 204 1313 262 m.

1708 199 1774 256 tati

127 326 191 384 l'ost
200 324 309 382 Patrem
318 325 471 393 lacrymans
481 316 725 390 llldtt.,lacrpmisl
736 315 848 370 Carolus
858 315 916 371 hac
931 317 955 376 h
970 315 1024 372 lius
1034 327 1194 389 nostrosque
1207 321 1287 376 simul
1300 334 1381 375 sarms
1391 334 1464 375 tinne
1477 333 1540 375 esse
1555 316 1663 380 hdeles.

661 405 793 480 [carnatium
808 404 913 475 scripsi.

163 507 204 561 Tu
217 501 381 562 nihiduleis
395 515 481 566 amor,
495 508 521 554 te
536 500 616 553 modo
633 497 739 569 plango,
753 496 843 550 Pater.

127 599 167 655 Tu
182 614 286 654 memor
297 604 356 653 esto
370 595 432 660 mei,
453 594 575 662 sequitur
594 601 620 647 tc
634 606 710 647 mens
725 606 785 645 mea
798 603 913 658 semper.

162 688 229 744 Cum
243 686 353 743 Christo
366 696 459 741 teneas
471 699 552 753 regna
564 683 643 737 beata
654 680 715 750 poli.

128 780 166 834 'le
199 778 288 832 clerus
314 775 413 849 [Edit.,
437 771 537 845 clarus]
557 771 672 842 populus
696 768 916 931 magno[dilcxit

812 874 914 922 amore,

163 957 293 1012 Ornuihus
306 968 376 1009 unus
392 967 477 1018 amor,
489 950 590 1022 optime
603 949 710 1019 praesul,
724 964 795 1003 eras.

31 1056 35 1062 '
127 1050 240 1106 Nomina
249 1047 334 1117 jungo
344 1044 422 1100 simul
435 1043 529 1107 titulis,
544 1039 799 1112 clarissimelhdit..
814 1039 916 1092 charis-

704 1129 794 1203 sime],
811 1139 913 1185 ttttstra.

164 1228 306 1291 dulcianus,
323 1221 445 1287 Carolus,
457 1237 505 1279 rex
518 1236 577 1293 ego,
591 1230 672 1291 tuque
685 1221 774 1276 Pater.

126 1321 245 1389 Quisque
257 1319 331 1389 legas
342 1332 446 1380 versus,
462 1316 558 1371 deroto
572 1323 680 1385 pectore
692 1313 813 1384 supplex,

161 1412 309 1466 hmhorutu
323 1408 406 1473 mitis,
424 1408 475 1469 die,
490 1407 619 1461 miserere
628 1405 710 1460 Deus.

126 1502 211 1555 ⁸llaec
225 1510 269 1553 tua
285 1513 357 1552 nunc
368 1505 457 1551 teneat
472 1495 587 1564 requies,
599 1495 768 1549 charissime.
781 1493 913 1558 mentha,

161 1591 228 1644 Cum
244 1589 344 1643 sanctis
359 1586 448 1640 anima
459 1572 578 1655 gaudeat
589 1584 660 1639 alma
674 1585 731 1640 Dei.

967 404 1105 476 Perpetuis
1115 417 1212 477 optans
1230 417 1283 463 tete
1295 407 1412 480 qutttlcre
1424 406 1594 476 triumphis,

966 495 1048 565 inque
1062 497 1110 552 Dei
1122 498 1196 553 cultu
1210 499 1300 570 vigeas
1315 499 1458 554 uirtutibus
1473 499 1568 566 alcala,

965 581 993 636 lu
1006 583 1115 639 trteliora
1128 594 1223 641 tenens
1237 595 1338 642 sancte
1351 587 1463 658 uestigia
1475 587 1551 653 ritae,

966 673 1056 729 Donec
1070 684 1098 729 et
1106 676 1215 731 {etherei
1228 678 1320 732 venias
1334 678 1367 732 ad
1380 678 1500 733 culmina
1516 679 1609 748 regui,

965 764 1142 835 Cougaudcus
1152 768 1252 822 sanctis
1262 767 1371 823 Christo
1385 770 1504 824 sociatus
1515 769 1544 823 in
1565 784 1671 823 aerunr.

966 855 1060 925 hicque
1073 856 1126 911 tuis
1142 858 1266 926 precihus
1280 872 1383 912 mecum
1406 873 1481 928 rape,
1496 873 1605 929 quasa,
1626 858 1762 928 magister

964 943 1005 999 hd
1016 945 1069 1014 pia,
1081 960 1134 1013 qua
1148 945 1244 1010 tendis,
1260 946 1413 1001 miserantis
1424 946 1544 1001 culmina
1562 945 1663 1018 Regis.

964 1031 1022 1098 Qua
1041 1033 1100 1087 laus
1114 1040 1195 1102 atque
1207 1034 1300 1099 decus,
1313 1036 1426 1103 species,
1440 1051 1503 1104 pax,
1518 1036 1623 1106 gloria,
1639 1035 1738 1091 lumen

964 1122 1078 1194 Semper
1093 1125 1119 1179 in
1132 1133 1263 1179 aeternum
1279 1126 1384 1180 sanctis
1399 1127 1457 1181 sine
1471 1126 1525 1180 line
1538 1126 1681 1180 nrartehit.

1248 1297 1411 1355 ‘alhhun'
1423 1297 1467 1356 lV.

1052 1445 1085 1484 tto
1105 1444 1209 1485 eruhuit
1230 1444 1299 1485 uuae
1319 1444 1461 1484 hortentur
1481 1445 1680 1485 casStsuxsut.

1243 1539 1290 1602 (lix
1301 1541 1399 1604 eudem,
1409 1539 1480 1602 thid.)

128 1681 227 1737 Ultima
241 1680 339 1749 quippe
355 1687 415 1731 tuas
430 1677 514 1731 donec
528 1676 591 1730 tuba
603 1675 701 1730 clamet
715 1677 843 1739 inaures,
930 1642 1081 1719 ”pamla
1096 1659 1142 1699 Μ
1156 1642 1270 1698 C³r⁰¹¹¹⁵
1284 1642 1384 1697 Μή
1398 1644 1519 1699 emmim
1535 1644 1625 1700 P³¹¹¹⁰

163 1770 285 1840 Principe
298 1784 360 1825 cum
374 1768 454 1822 Petro
472 1782 551 1836 surge
562 1767 653 1821 ridere
668 1767 762 1821 [ιιιιιιι.

126 1863 274 1919 haditarus
286 1861 341 1915 eris
355 1872 459 1924 rocem,
472 1860 537 1922 scio,
555 1857 657 1913 iudicis
670 1858 767 1912 alaram
780 1871 787 1910 :

160 1952 233 2007 lutra
248 1967 320 2005 ntrue
334 1949 440 2004 Domini
453 1949 550 2020 gaudia
563 1965 658 2020 inagna
671 1950 719 2004 tui.

126 2043 193 2098 Tum
209 2057 313 2097 memor
326 2049 385 2096 esto
397 2041 435 2094 tui
447 2040 513 2105 nati,
530 2040 610 2095 Pater
623 2041 732 2110 optime,
744 2055 840 2109 posc0;

162 2134 228 2189 Cum
242 2133 331 2199 Patre,
347 2133 399 2196 dic,
415 2141 494 2186 natus
507 2137 600 2202 pergat
615 2138 641 2185 et
653 2123 706 2185 iste
721 2146 805 2185 meus.

124 2224 217 2293 Dpete
230 2239 319 2294 regna,
335 2223 416 2277 Pater
426 2221 499 2283 letiu,
512 2220 632 2276 coelestia
646 2219 757 2286 Christi,

160 2315 223 2370 inde
238 2323 312 2368 tuum
325 2314 451 2383 precihus
463 2311 594 2366 auxiliare
604 2326 722 2381 gregem.

125 2411 192 2464 Dum
206 2409 246 2463 sol
263 2408 396 2478 ignicomo
409 2407 497 2461 curtilis
509 2406 673 2476 splendescit
684 2407 719 2462 ab
728 2419 790 2474 axe,

160 2500 231 2557 haus
246 2510 301 2567 tua,
317 2510 409 2554 sancte
422 2498 512 2563 Pater,
523 2512 629 2567 semper
642 2498 668 2552 iu
679 2499 745 2553 orhe
758 2507 860 2554 manet.

129 2612 224 2670 Versus
246 2625 379 2686 srqrrentes
398 2613 432 2667 ud
450 2613 608 2683 epitaphium
631 2612 742 2666 Adriani
764 2629 838 2683 papo
864 2614 909 2667 ad·

159 2686 241 2748 iuncti
254 2694 313 2739 erint
326 2701 358 2737 ea
369 2685 457 2737 codice
477 2683 654 2802 miinorcripto
664 2692 809 2751 pervetusto
821 2684 849 2738 in
862 2682 916 2736 col·

160 2754 227 2823 icpio
244 2753 425 2808 Rotirbonenri
438 2749 606 2806 asserente!
628 2767 656 2803 oe
670 2767 758 2806 cereos
768 2754 915 2821 recepimus

159 2840 192 2879 ex
207 2822 337 2877 i'rolenio
350 2824 418 2876 inter
431 2823 559 2875 donnana
581 2830 605 2874 et
620 2819 776 2875 Succusana
795 2822 830 2874 ad
848 2821 915 2876 beati

166 2893 272 2948 Aletrini
286 2891 382 2964 Opera,
399 2901 462 2945 torn.
479 2890 522 2956 ll,
536 2907 596 2961 pop.
612 2889 675 2944 611.
687 2891 766 2945 Eutr.

1002 1734 1104 1788 Dilecto
1117 1731 1193 1787 iratri
1207 1733 1290 1787 mittit
1304 1733 1405 1788 honore
1419 1735 1473 1803 pio.

965 1823 1031 1890 Quae
1045 1823 1133 1894 rapuit
1145 1822 1265 1878 calamus
1278 1823 1368 1878 subito
1380 1823 1507 1879 dictantis
1524 1840 1622 1881 amore

1002 1915 1172 1970 Detuaudaus
1182 1915 1284 1970 chartae
1295 1912 1392 1986 thail,
1406 1913 1503 1986 castae]
1516 1930 1523 1968 :
1537 1915 1594 1972 Per
1608 1933 1671 1971 ntea
1687 1920 1769 1973 scr-ha

1288 2018 1293 2031 '
1691 2010 1771 2084 [etto.

965 2100 1006 2155 tta
1017 2099 1114 2156 iaciem
1125 2099 1199 2155 Pauli
1214 2102 1393 2154 venerandam
1405 2115 1487 2172 perge
1498 2115 1548 2170 per
1560 2102 1656 2167 urbes,

1001 2190 1053 2246 Per
1066 2199 1182 2255 marites,
1201 2189 1292 2255 siluas,
1306 2189 1427 2255 llumina,
1443 2189 1528 2244 lustra
1542 2201 1617 2262 pete.

965 2282 1092 2339 Casinum
1110 2288 1228 2337 montem
1247 2280 1383 2335 Beriedicti
1397 2280 1505 2336 nominc
1518 2281 1637 2347 clarum,

1001 2371 1121 2428 Pastoris
1135 2373 1225 2443 magni
1241 2372 1420 2443 praecipuique
1434 2373 1534 2428 PatrIs.

964 2462 1021 2520 lllie
1034 2480 1124 2534 quaere
1137 2479 1225 2520 nteuttt
1236 2479 1298 2520 ιιιοι
1312 2479 1361 2534 per
1372 2479 1448 2519 saera
1465 2466 1585 2520 culmina
1602 2467 1731 2526 Paulutu.

1001 2557 1056 2612 lllic
1068 2558 1172 2612 habitat
1185 2557 1273 2612 medio
1287 2558 1440 2628 congrege,
1455 2557 1548 2623 creda,
1563 2558 1624 2613 Dei.

964 2649 1156 2717 lnveutumque
1172 2663 1265 2703 senem
1276 2648 1372 2706 devota
1385 2665 1450 2704 noce
1463 2649 1561 2715 saluta,

1001 2739 1034 2793 Et
1050 2739 1094 2795 dic
1108 2757 1115 2793 :
1132 2739 1189 2796 ilex
1203 2740 1315 2796 Carolus
1329 2741 1437 2796 mandat
1450 2750 1531 2796 aveto
1545 2741 1607 2796 tihi.

965 2831 1068 2890 Gaudia
1079 2833 1186 2903 dicque,
1199 2849 1269 2901 reor,
1284 2842 1382 2890 nostrae
1394 2836 1445 2890 sihi
1460 2848 1558 2906 magna
1573 2833 1684 2901 salutis,

1001 2924 1158 2980 Gratilicum
1168 2925 1268 2981 Christi
1283 2939 1332 2995 per
1349 2926 1502 2981 unisonantia
1514 2939 1606 2995 opem.

125 3005 255 3072 Quamuis
270 3004 349 3074 digua
364 3003 418 3058 tuis
430 3020 484 3059 ιιοιι
507 3003 572 3068 sint,
591 3003 686 3069 Pater,
706 3004 757 3059 ista
772 3004 916 3083 sepulcris,
929 2996 953 3062 C
967 3020 1056 3089 Atque
1068 3018 1145 3074 [tium
1161 3019 1267 3073 Patrem
1284 3018 1371 3088 rogito
1385 3025 1448 3073 tane
1459 3032 1565 3088 semper
1578 3018 1680 3088 ultique

162 3096 217 3151 Nee
235 3096 320 3149 titulis
338 3102 416 3165 eqcat
433 3094 580 3149 clarillcata
595 3093 682 3149 tides:

127 3187 210 3243 Suum
222 3194 311 3239 tauma
324 3184 426 3242 laudes.
442 3199 510 3252 quas
523 3182 596 3237 Petri
611 3193 705 3253 captus
715 3198 806 3239 amore

163 3277 289 3330 Extremo
304 3275 415 3330 veniens
424 3275 524 3345 hospes
534 3275 568 3330 ab
580 3276 646 3330 orbe
658 3276 737 3346 legat.

127 3366 234 3421 sanasti
253 3365 347 3436 patria
359 3364 507 3420 laceratum
527 3365 654 3419 scismate
667 3379 774 3435 corpus,

162 3459 316 3514 Restituens
327 3457 444 3527 propriis
454 3457 576 3512 membra
590 3456 696 3512 reuulsa
710 3456 785 3512 locis.

125 3549 239 3620 imperio
251 3546 354 3603 devicta
368 3534 412 3616 pio
426 3547 473 3602 tibi
488 3547 593 3603 Graecia
605 3548 696 3613 cessit,

162 3639 294 3693 hmissam
307 3639 426 3709 gaudens
438 3653 467 3693 se
477 3652 616 3708 reparasse
630 3637 722 3693 fidem.

124 3729 214 3786 Africa
228 3729 345 3796 letatur,
359 3729 459 3809 multos
470 3729 575 3800 captiva
587 3744 637 3799 per
646 3744 741 3794 auitos,

161 3818 306 3874 Pontillces
322 3820 447 3889 precihus
459 3819 641 3889 promeruisse
656 3818 719 3875 tuis.

125 3908 187 3967 ttae
198 3926 247 3980 ego
262 3910 402 3975 Silrerius,
414 3912 538 3980 quamvis
555 3910 622 3964 mihi
634 3910 711 3976 dura,
724 3912 826 3976 notari,

161 3999 194 4056 Ut
204 4008 313 4070 possent
325 4001 435 4057 tumulis
452 4000 505 4055 lixa
524 4016 633 4057 manere
648 4002 702 4058 diu.

406 4130 574 4187 bchhtthtt
593 4131 636 4186 lll.

390 4261 429 4300 uo
466 4260 651 4301 aurursus.

404 4353 451 4417 (Ea
465 4355 642 4418 eodemthid.)

124 4461 179 4516 ileu
191 4458 304 4516 Carolus
314 4459 434 4529 gaudens
445 4457 477 4512 de
491 4466 526 4522 te,
540 4456 621 4513 Pater
631 4466 711 4528 atque
724 4463 858 4529 magister,

126 4551 252 4609 Versibus
263 4550 306 4606 his
315 4549 409 4618 paucis
419 4556 546 4605 aetenmm
556 4564 637 4620 posco
648 4547 744 4622 [Edit.,
757 4549 784 4604 in
794 4547 913 4622 Christo]

777 4638 914 4712 [salutem.

125 4731 199 4788 licus
213 4745 274 4785 mea
286 4727 425 4793 mellifluo,
439 4727 536 4794 iateor,
544 4729 693 4800 congaudet
707 4744 810 4797 amore,

125 4822 333 4883 Doctoranrate,
347 4819 404 4885 tui;
422 4818 492 4874 rolui
512 4829 677 4891 quapropter
692 4820 719 4875 in
735 4820 803 4885 odis,

123 4915 147 4973 0
158 4912 319 4977 venerande,
334 4921 408 4967 tuam
421 4911 506 4968 musis
518 4911 606 4967 solare
617 4922 764 4968 senectam.

123 5009 163 5066 l’e
175 5022 283 5080 quoque
297 5017 323 5062 te
335 5007 448 5079 cupiens
464 4998 614 5076 impera’nte
633 5021 781 5079 agnoscere
791 5004 916 5078 Christo,

159 5152 172 5180 ⁸
185 5139 294 5194 initium
303 5152 388 5193 carin.
403 5135 456 5189 att
467 5136 537 5205 apud
547 5135 676 5202 Quercet.

159 5210 174 5249 b
187 5208 265 5278 Apud
280 5208 406 5274 Quercet.
420 5221 529 5260 carmen
546 5206 606 5261 tto.
630 5207 686 5263 lloc
699 5223 808 5262 carmen
824 5207 920 5263 llahil-

124 5277 212 5335 lonius
231 5279 288 5332 inte
323 5286 426 5331 retatur
443 5276 476 5330 de
497 5276 602 5332 tllcuini
625 5293 733 5332 secessu
746 5287 773 5331 et
787 5279 878 5347 quiete
894 5280 921 5333 iu

124 5347 289 5402 monasterio
317 5347 463 5409 monensi,
479 5347 582 5401 ririhus
599 5345 657 5416 lum
682 5357 762 5402 aetate
776 5358 803 5403 ct
819 5349 921 5403 lahori-

125 5419 175 5474 hos
193 5415 296 5542 lppptis,
321 5418 417 5474 electa.
437 5417 495 5471 vid.
517 5416 579 5472 het.
607 5416 657 5472 SS.
678 5428 879 5489 sec.1r,part.
900 5436 922 5485 ι,

145 5503 189 5556 ag.
256 5525 263 5540 .

126 5505 144 5559 Ρ
160 5570 170 5595 ⁶
184 5556 256 5612 inter
268 5555 428 5614 hleuioiaua
446 5559 568 5615 carmina
589 5557 752 5626 Quercetaui
767 5558 827 5614 186.
840 5559 888 5616 Est
900 5563 923 5618 is

125 5622 224 5684 Paulas
237 5626 372 5684 Diaconos
394 5644 443 5686 suo
458 5639 578 5700 tempore
596 5630 721 5696 celebris,
748 5640 812 5686 tnnc
829 5647 925 5689 tuona‘

1003 3107 1056 3163 Pro
1069 3109 1147 3164 nohis
1157 3123 1253 3179 preces
1270 3115 1300 3163 ut
1313 3106 1381 3163 ierat
1393 3109 1438 3164 ille
1451 3124 1553 3163 sacras.

967 3200 1022 3256 llcc
1036 3217 1091 3257 non
1104 3215 1153 3255 nos
1166 3199 1280 3256 fratrum
1302 3201 1425 3269 precihus
1438 3201 1613 3256 commendet
1633 3203 1762 3270 liorrcstis,

1004 3289 1070 3346 Sunt
1086 3292 1154 3346 votis
1163 3306 1279 3360 quorum
1292 3300 1382 3347 certus
1394 3293 1489 3348 adesse
1499 3293 1597 3346 Denta.

967 3379 1137 3450 Quapropter
1156 3381 1236 3436 sociis
1250 3397 1298 3451 per
1310 3398 1353 3438 mc
1366 3383 1494 3439 mandare
1505 3383 1625 3440 salutent

1003 3469 1143 3540 Perpetua
1158 3471 1232 3540 pacis
1246 3472 1372 3527 omnihus
1384 3472 1426 3527 his
1439 3472 1551 3542 placuit.

968 3561 1038 3617 Ecce
1052 3563 1138 3617 valete
1152 3563 1232 3618 simul
1249 3565 1339 3619 cuncti
1351 3562 1518 3635 juvenesque
1531 3579 1677 3635 senesque,

1003 3652 1098 3708 Gratia
1115 3669 1160 3709 ros
1175 3652 1275 3709 Christi
1285 3662 1409 3726 protegat
1422 3663 1502 3726 atque
1514 3668 1601 3727 repat.

1251 3829 1421 3887 tcuhutth'
1442 3833 1474 3888 V.

1144 3980 1178 4019 tn
1192 3980 1300 4020 euuoett
1314 3982 1418 4022 ructent
1436 3983 1582 4024 nttcostut.

1238 4075 1286 4135 (lix
1298 4077 1398 4140 eodem,
1409 4079 1481 4141 ibid.)

968 4173 1036 4230 lliue
1047 4175 1118 4231 celer
1135 4179 1275 4249 egrediens
1288 4181 1370 4236 celeri
1387 4197 1446 4237 mea
1462 4184 1556 4238 charta
1571 4185 1674 4251 uolatu,

968 4265 1020 4320 Per
1031 4266 1121 4334 silvas,
1133 4269 1226 4335 colles,
1240 4271 1324 4326 ralles
1337 4287 1443 4343 quoque
1455 4282 1566 4344 perpete
1580 4290 1673 4340 cursu,

927 4351 956 4413 D
968 4353 1045 4412 tllura
1059 4358 1113 4414 Deo
1129 4360 1205 4415 chari
1216 4361 1353 4418 Benedicti
1366 4373 1436 4418 tecta
1455 4366 1573 4433 require,

966 4446 1014 4501 Est
1025 4463 1086 4502 nam
1101 4461 1175 4505 certa
1199 4451 1275 4521 quies
1289 4452 1368 4509 iessis
1380 4453 1549 4509 renuentibus
1562 4455 1636 4512 illuc.

968 4544 1017 4600 llic
1030 4545 1089 4601 olus
1101 4546 1267 4618 hospitibus3
1280 4548 1372 4618 piscis,
1385 4548 1429 4605 hic
1440 4550 1518 4618 panis
1529 4551 1650 4606 abundat

968 4633 1024 4690 Pax
1038 4635 1091 4706 pia,
1103 4650 1180 4690 meus
1190 4636 1307 4701 humilis,
1318 4637 1430 4706 pulchra
1439 4647 1467 4692 et
1477 4639 1624 4695 coincordia
1636 4639 1760 4706 iratruut,

968 4727 1049 4794 Laus,
1064 4744 1141 4784 artior
1153 4738 1180 4784 et
1196 4730 1284 4786 cultus
1297 4731 1396 4786 Christi
1412 4731 1491 4786 simul
1502 4733 1630 4788 omnihus
1640 4734 1726 4789 horis.

968 4818 1017 4874 Dic
1028 4818 1102 4874 Patri
1116 4829 1143 4875 et
1157 4821 1238 4876 sociis
1251 4823 1364 4887 cunctis,
1380 4823 1490 4886 salvete,
1504 4824 1601 4879 valete.

970 4911 1043 4966 Colla
1055 4913 1107 4967 mei
1119 4911 1195 4966 Pauli
1210 4912 1349 4982 gaudendo
1362 4914 1494 4984 amplecte
1506 4914 1633 4986 benique.

971 5000 1058 5056 Dicito
1072 5001 1218 5064 multoties,
1233 5001 1315 5065 salve,
1331 5000 1411 5057 Pater
1424 5004 1532 5072 optime,
1545 5002 1631 5058 silve.

971 5142 1039 5196 chus
1052 5137 1230 5194 Cassineusis.
1246 5139 1345 5194 Volunt
1357 5139 1466 5207 quidam
1485 5140 1535 5195 lios
1549 5155 1645 5195 uersus
1657 5143 1691 5196 ab
1707 5141 1764 5210 ipso

972 5209 1069 5266 Carolo
1087 5210 1251 5277 conpositos
1272 5208 1355 5264 fuisse
1373 5210 1524 5281 missusque
1538 5213 1572 5264 ad
1586 5211 1699 5265 Paulum
1714 5214 1763 5265 soh

973 5296 1072 5336 anrrrmr
1088 5278 1149 5343 787,
1164 5296 1225 5334 cutu
1239 5295 1286 5335 rex
1307 5295 1322 5334 e
1346 5288 1436 5334 monte
1456 5280 1568 5336 Cassino
1582 5281 1609 5334 in
1623 5280 1764 5336 Franciam

974 5351 1107 5406 rediisset.
1135 5349 1265 5419 Bouquet,
1280 5347 1377 5419 Script.
1400 5349 1464 5404 iter.
1477 5349 1549 5415 Cal„
1574 5362 1640 5405 tom.
1656 5353 1685 5415 l,
1702 5365 1763 5423 paq.

974 5422 1021 5475 ttt
1033 5439 1040 5483 ;
1054 5419 1123 5472 ttulit
1135 5418 1152 5470 Ι.
1169 5419 1264 5474 dranci.
1280 5428 1345 5475 totu.
1356 5419 1400 5484 11,
1413 5434 1464 5490 pag
1474 5420 1536 5485 280,
1548 5437 1576 5474 n.
1593 5420 1638 5476 67.

1009 5491 1022 5529 ⁴¹
1044 5490 1099 5543 lloc
1119 5505 1228 5543 carmon
1240 5490 1379 5545 Fahrlcius
1396 5506 1451 5545 suae
1464 5490 1628 5546 ltiltlothecm
1641 5493 1687 5547 cit.
1701 5506 1762 5561 paq.

975 5562 1028 5618 1158
1041 5560 1154 5614 inseruit
1166 5573 1198 5613 ex
1211 5558 1289 5613 ioan.
1302 5559 1378 5628 Dapt.
1392 5560 1464 5613 liano
1475 5561 1501 5615 in
1522 5562 1594 5615 notis
1608 5562 1641 5614 ad
1657 5561 1762 5615 Petrum

977 5633 1132 5698 Diaconum,
1147 5631 1179 5685 dc
1194 5630 1265 5688 l'uis
1275 5630 1371 5686 illustr.
1386 5630 1503 5700 Cassio,
1517 5647 1576 5703 cap.
1589 5633 1615 5698 8,
1627 5646 1689 5702 pag.
1701 5629 1762 5684 tto.
