3780 6120
121 345 175 406 911
621 339 711 394 binni
729 335 898 393 munitat.
919 364 954 377 -—
971 332 1242 393 recinentibus.
1704 334 1756 393 978

119 454 246 513 dorninus
258 449 429 519 apostolicus,
443 456 469 503 et
479 448 560 502 Pater
573 455 674 513 noster,
686 455 712 502 et
722 456 818 502 cuncta
830 445 909 502 simul
926 446 1056 515 illicitur
1087 447 1172 502 libros
1196 447 1338 502 Carclinos
1362 464 1394 503 eo
1423 456 1533 505 auctore
1561 448 1676 517 scriptos
1702 465 1757 505 non

120 525 304 602 Rornanorum
317 518 446 602 Ecclesia,
464 527 494 573 ut
506 517 652 599 secundum
669 517 741 586 quod
758 517 912 571 continetur
964 515 1057 581 inisse,
1078 519 1143 586 qaia
1165 519 1356 574 ieciioinachus
1374 534 1427 573 noii
1447 520 1507 574 luit.
1534 518 1634 573 Eadem
1660 520 1705 603 qui
1725 535 1759 590 pc

120 594 150 649 iu
168 588 281 662 epistola
298 591 446 645 beatissimi
469 588 610 657 Gregorii,
628 602 708 656 quain
731 588 765 640 ad
781 586 912 641 Serenum
963 589 1097 643 teiitentia
1110 597 1152 643 est
1172 589 1279 644 concilii
1296 588 1545 645 Fraucoicrdieiisis
1559 597 1587 645 ct
1601 602 1692 658 operis
1704 533 1758 645 Ca·

121 661 317 720 Massiliensem
334 661 488 730 episcopum
512 658 628 721 direxit,
648 656 830 726 permittimus
850 656 916 709 iina-
965 658 1057 712 rolini.

120 734 199 805 giues
218 730 597 800 saiictcriiniqnicunqiieeas
612 726 911 789 loi·innreroliierint,i
1001 727 1103 792 Qiicrtc
1119 729 1185 781 ratic
1201 726 1409 784 Rsllcrniini.ln
1437 728 1552 786 concilio
1567 728 1760 787 Gentiliacensi

120 811 176 859 etc.
196 801 272 867 Quod
286 799 409 854 ultimum
425 801 571 868 capitulum
585 798 612 851 iu
623 798 699 851 libris
709 796 842 851 Caroliuis
859 811 915 849 nou
964 797 1015 852 snb
1031 797 1146 868 Pippinc
1170 799 1259 853 Caroli
1277 801 1363 870 llagni
1387 808 1472 870 patre,
1500 801 1656 855 Graecorum
1684 814 1762 855 error

121 880 222 930 exstat.
246 872 339 940 ltaque
355 886 409 925 non
429 870 517 925 inanis
533 877 574 924 est
594 866 758 935 conjectura,
774 866 915 921 Carolincs

120 943 207 999 libros
218 943 319 1011 aliquot
330 941 409 994 anuis
418 949 480 995 ante
492 937 759 994 l'tancolcrdiensem
771 938 913 1006 synoiliun,

119 1012 233 1084 jubente
244 1011 349 1075 Caroln
362 1011 404 1064 rel
421 1026 454 1065 en
465 1011 546 1066 ctiam
566 1016 683 1063 natante
699 1022 819 1076 operam,
831 1005 916 1061 sitisse

120 1081 300 1152 conscriptos,
312 1096 409 1150 nempe
418 1089 480 1149 post
493 1080 638 1134 triennium
651 1094 666 1131 a
677 1076 784 1132 Ninena
796 1077 915 1131 secunda

121 1152 237 1224 synodo,
250 1153 276 1206 iil
290 1161 342 1215 est,
354 1166 426 1205 anno
439 1151 548 1206 circiter
559 1148 659 1204 Christi
677 1147 915 1216 septingentesimo

121 1222 309 1293 nonagesimo,
323 1229 353 1276 ut
366 1222 450 1290 ipsius
461 1219 680 1287 Carolini-cperis
692 1217 815 1285 prelatio
834 1225 917 1271 testa·

121 1305 179 1359 tur,
191 1301 333 1362 postquam
341 1301 401 1345 acta
409 1292 530 1360 septi-ce
543 1288 648 1412 synodi,
663 1303 678 1343 ι
690 1287 785 1342 Gracc
801 1287 828 1340 in
839 1286 915 1340 Lati-

120 1380 188 1421 num
200 1363 339 1426 translata,
353 1363 379 1415 iu
392 1362 491 1415 Gallias
503 1368 606 1429 perata
619 1368 692 1412 sunt.
704 1357 770 1422 Quae
780 1364 841 1411 acta
854 1372 916 1411 cnm

120 1433 142 1491 F
145 1432 372 1488 raiicolcrdieusis
388 1431 495 1487 cciieili'i
518 1430 644 1483 Patribus
659 1427 870 1496 displicuissent,
884 1441 917 1482 ae

121 1519 156 1559 ea
175 1504 208 1558 de
226 1518 255 1556 re
269 1503 412 1557 certiorem
432 1500 522 1556 iacere
534 1499 699 1553 Hadrianum
715 1512 811 1566 papam
826 1497 918 1552 decre

121 1574 242 1638 cissent,
260 1581 384 1641 excerpta
402 1571 477 1626 lucre
496 1587 529 1625 ex
548 1569 624 1623 libris
640 1567 772 1623 Caroliuis
789 1567 916 1622 lemmata

120 1643 252 1713 capitum,
269 1659 323 1697 non
340 1643 434 1697 eodeni
448 1657 501 1710 quo
519 1642 545 1695 in
562 1639 633 1693 libro
647 1647 733 1699 crant,
749 1637 797 1691 sed
811 1652 866 1706 qno
880 1637 918 1690 ri·

121 1729 183 1771 aum
201 1722 245 1768 est
264 1713 410 1774 collectori,
430 1713 533 1766 ordine.
552 1710 613 1764 ldeo
628 1708 779 1778 Cupitclcre
795 1707 822 1761 id
839 1714 917 1761 vocat

965 874 1059 921 contra
1072 883 1164 923 sacras
1175 870 1316 936 imagines,
1331 872 1509 940 presentibus
1530 871 1618 927 Graeci
1644 870 1762 939 impera-

965 938 1033 991 toris
1041 938 1143 1008 legatis,
1152 938 1306 994 conlutatns
1313 951 1369 1005 est;
1384 941 1601 996 etniconcilinm
1610 942 1761 995 Romanuin

966 1008 1167 1089 sulilstephanc
1180 1024 1228 1078 pro
1239 1011 1411 1065 restituendis
1424 1010 1760 1081 iinaginhiiscclebratuni

967 1086 1040 1130 nusit
1054 1077 1167 1134 Carolus
1184 1081 1325 1134 iluiizleciiu
1340 1081 1485 1136 Gallicanae
1506 1081 1633 1137 Ecclesia
1658 1094 1761 1148 praesu·

966 1146 1015 1200 les.
1038 1147 1129 1217 ltaque
1144 1150 1278 1204 immerito
1292 1152 1319 1204 iri
1337 1153 1528 1206 iconoclastam
1551 1149 1762 1206 transformatur

967 1216 1080 1271 Carolus
1100 1219 1219 1287 llaguus.

1004 1286 1158 1357 Responsio.
1167 1289 1264 1343 Tritum
1277 1291 1466 1356 concentuum
1478 1292 1595 1346 sedliinc
1608 1304 1662 1345 non
1671 1290 1762 1360 seqni-

967 1363 1012 1439 tur
1026 1357 1151 1412 Carolnui
1181 1359 1306 1428 lllagnuin
1329 1369 1467 1415 auctorent
1479 1376 1534 1415 non
1552 1374 1612 1415 esse
1631 1361 1761 1415 libiorum

967 1427 1165 1482 Caroliiiornut.
1182 1429 1213 1483 lii
1224 1432 1296 1484 enim
1322 1430 1384 1484 libri
1399 1430 1599 1486 Gallicanorum
1617 1429 1763 1499 praesulum

968 1499 1131 1578 sententiam
1153 1500 1307 1568 exprimunt
1322 1514 1354 1554 ac
1377 1500 1556 1570 propugnant,
1576 1500 1708 1569 imagines
1736 1498 1764 1553 ln

968 1567 1076 1646 templis
1094 1567 1128 1621 ad
1153 1579 1290 1633 ornatum,
1304 1569 1378 1624 etad
1402 1586 1492 1624 rernm
1530 1577 1650 1625 ιιιιιιιι
1665 1582 1765 1624 menic-

968 1652 1036 1690 rium
1052 1639 1209 1704 servandas,
1231 1655 1285 1695 uon
1306 1654 1371 1694 iero
1399 1642 1482 1695 adcra
1520 1656 1560 1694 as.
1583 1638 1764 1707 Quamobrem

969 1721 1022 1759 non
1039 1707 1248 1763 transformatur
1258 1711 1285 1765 in
1298 1711 1502 1766 icouoniaclrum
1517 1709 1630 1766 Carolus
1641 1707 1764 1779 Magnus,

120 1782 276 1843 uadi-taius
287 1783 365 1837 initio
376 1782 521 1852 Apologia).
536 1780 571 1836 b't
581 1787 609 1832 ut
618 1787 670 1843 est,
683 1779 766 1832 libros
775 1777 917 1833 Carcinos
932 1798 955 1857 Β
969 1777 1019 1832 etsi
1035 1792 1128 1832 eorum
1142 1787 1281 1835 asseratur
1292 1789 1396 1835 auctor.

120 1852 252 1910 Ecclesiae
265 1852 410 1909 Gallicane
431 1862 458 1907 et
474 1850 641 1907 Germanicae
659 1857 722 1902 tuuc
740 1848 869 1916 temporis
884 1849 917 1903 de
1011 1845 1109 1911 Quinta
1135 1851 1203 1902 ictio
1233 1850 1396 1905 Bellerniiui.
1423 1849 1537 1906 Carolus
1559 1858 1586 1906 et
1611 1848 1766 1905 llailrianus

121 1923 286 1994 imaginibus
298 1923 460 1978 seutentiam
473 1921 600 1975 exhibere
619 1927 735 1983 constat,
748 1933 809 1972 cuin
824 1917 917 1973 eadem
968 1932 1076 1986 semper
1099 1916 1176 1973 luere
1190 1919 1414 1988 conjunctissimi,
1428 1919 1608 1989 defunctoque
1630 1919 1766 1974 lindriauo

121 2000 233 2049 uanam
253 2009 314 2063 cna
331 1991 580 2048 l'rancclcrdiensis
606 1990 735 2059 syucius,
756 2002 816 2056 ιιι
835 1985 918 2043 lonas
967 1987 1134 2056 epitaphium
1155 1991 1245 2058 puscit
1265 1990 1387 2046 Carolus.
1408 1990 1459 2045 l’ix
1483 1991 1565 2061 igitur
1585 1989 1766 2058 credipotest

120 2064 336 2128 Aurelianensis,
348 2079 408 2134 quae
418 2062 586 2133 sigobardus,
598 2076 659 2129 cure
672 2058 834 2113 ll'alalridus
846 2057 919 2112 Stra·

121 2134 168 2197 bs,
182 2149 242 2202 unm
256 2132 417 2189 Parisiensis
430 2135 481 2188 sub
491 2131 628 2185 ludovico
643 2129 690 2183 Pio
704 2137 862 2183 conventus.

158 2203 237 2258 Nunc
254 2205 393 2259 audiendas
417 2219 450 2259 ae
473 2201 606 2256 diluendae
619 2199 772 2255 llellarinini
788 2200 918 2262 rationes,

120 2273 222 2343 quibus
235 2275 349 2344 probare
360 2274 411 2329 sibi
423 2274 496 2327 risus
507 2281 549 2327 est
560 2271 642 2325 libros
657 2270 717 2324 illes
728 2284 781 2323 nnn
795 2284 810 2322 ι
821 2269 918 2325 Carolo

121 2341 231 2413 Hagno,
250 2345 297 2400 sed
313 2344 448 2412 abaliquo
464 2342 591 2398 haeretico
608 2341 725 2408 scriptos
737 2354 806 2394 csse.
829 2339 919 2393 l'riina

121 2422 167 2473 ιιι
201 2414 254 2469 nod
270 2422 358 2470 exstet
370 2413 497 2469 lladriani
518 2411 551 2466 ad
566 2410 692 2465 Caroluin
710 2409 843 2478 apologia,
867 2424 919 2478 qua

121 2480 183 2539 rese
222 2492 286 2539 ntur
299 2500 306 2538 ι
320 2500 352 2539 eii
366 2500 419 2554 cua
437 2483 596 2552 intelligitur
615 2481 688 2550 ipsos
706 2481 740 2535 ab
760 2480 853 2548 aliquo
867 2481 920 2534 bie-

122 2552 212 2612 retice
224 2556 399 2625 compositos,
415 2562 443 2609 et
456 2570 472 2609 a
484 2552 581 2609 Carolo
598 2551 632 2605 ad
642 2550 797 2622 pontificem
811 2551 919 2615 misses,

123 2632 158 2680 nt
172 2625 180 2679 i
201 2625 240 2680 sis
254 2625 440 2695 responderet.

189 2696 318 2764 espessia.
335 2694 411 2749 Nulla
426 2703 467 2749 est
479 2696 537 2748 lime
551 2693 619 2746 ratio
633 2706 641 2744 a
654 2690 834 2745 dissimularit
848 2690 921 2746 enini

123 2763 351 2837 prudentissimus
362 2765 491 2833 postulet,
506 2763 578 2832 quod
590 2777 643 2816 non
659 2761 808 2830 ignorabat,
823 2775 921 2815 nornen

969 2057 1046 2111 illnin
1056 2066 1111 2112 ιιιι
1124 2059 1180 2113 acri
1198 2061 1268 2131 stylo
1280 2061 1307 2115 iii
1319 2061 1456 2115 lauricium
1476 2060 1632 2130 pontificem
1641 2059 1767 2130 scripsis-

969 2142 1015 2191 se,
1031 2128 1197 2198 alteriusque
1206 2129 1289 2186 luisse
1305 2131 1366 2185 lidei
1382 2139 1409 2186 ιι
1424 2131 1570 2200 religionis.

971 2268 976 2279 Ι
1005 2197 1159 2269 Responsio.
1176 2200 1234 2257 Etsi
1248 2201 1463 2269 coniunctissimi
1479 2201 1590 2259 luerint.
1606 2199 1765 2270 seqniturnc

970 2274 1187 2349 imperatorema
1201 2272 1329 2340 pontillce
1345 2272 1378 2326 dc
1394 2272 1468 2327 cultu
1485 2272 1631 2341 imaginum
1647 2285 1700 2325 ιιι
1712 2268 1767 2324 dis-

970 2338 1105 2420 sensisse?
1117 2338 1197 2395 Certe
1209 2342 1362 2397 Ludoiicus
1376 2341 1441 2396 Pius
1452 2341 1692 2411 coniunctissimus
1707 2345 1768 2394 erat

970 2407 1091 2490 Ruscino
1107 2408 1138 2475 ll,
1155 2425 1170 2463 a
1185 2425 1238 2480 quc
1254 2413 1384 2467 tamenin
1400 2411 1493 2467 eadem
1505 2412 1655 2482 quaestione
1666 2408 1769 2464 dissen-

971 2486 1016 2542 sit,
1033 2488 1063 2532 ιι
1081 2495 1114 2534 er
1133 2481 1202 2538 actis
1220 2482 1326 2537 concilii
1346 2482 1509 2539 Parisiensis
1523 2489 1691 2552 compertum
1715 2486 1767 2534 est.

972 2548 1049 2631 Sicut
1059 2563 1124 2632 ergo
1139 2550 1291 2608 Ludoricus
1303 2552 1368 2608 Pius
1384 2551 1508 2608 ieremias
1521 2563 1549 2609 ιι
1560 2551 1635 2607 lonc
1649 2548 1768 2606 Gallica-

971 2623 1165 2702 nisepisccpis
1182 2622 1209 2676 in
1226 2624 1360 2680 mandatis
1382 2623 1465 2688 dedit,
1478 2632 1509 2680 ct
1521 2623 1633 2693 Eugenii
1648 2619 1769 2674 animum

972 2689 1070 2745 leniter
1082 2692 1116 2745 ad
1129 2693 1156 2746 iil
1169 2694 1242 2761 quod
1257 2694 1396 2763 optabant,
1411 2694 1582 2757 inclinarent,
1596 2701 1623 2748 ct
1635 2705 1696 2746 cuni
1710 2690 1770 2815 ipsc

972 2769 1128 2816 reverenter
1141 2773 1251 2832 agerent
1261 2778 1294 2819 ac
1308 2765 1442 2819 modeste:
1452 2765 1488 2819 ita
1504 2763 1650 2820 verisimile
1665 2768 1705 2816 est
1741 2774 1770 2815 a·

124 2834 248 2892 auctoris
261 2835 357 2891 bonini
373 2836 512 2899 librorum,
526 2848 576 2887 nec
588 2831 684 2907 Carolc
697 2828 792 2901 blaigno
804 2831 922 2885 tribuere
972 2831 1061 2885 inlnm
1073 2830 1198 2900 Magnum
1211 2834 1239 2888 in
1250 2835 1384 2890 mandatis
1396 2836 1501 2891 dedisse
1511 2833 1668 2917 ingilberto
1688 2830 1771 2884 abha-

124 2906 202 2975 ipscs
218 2905 311 2972 uoluit,
325 2921 378 2976 qua
393 2913 470 2975 parte
485 2902 687 2972 reprehensioni
707 2901 817 2956 obnoxii
833 2909 921 2966 erant,
973 2901 1008 2966 tl,
1028 2909 1060 2954 ut
1087 2905 1299 2971 venerabundo,
1325 2921 1378 2960 non
1400 2906 1508 2975 procaci
1524 2918 1614 2960 animo
1638 2917 1701 2957 curn
1715 2899 1771 2954 lla-

126 2991 164 3031 ιιι
180 2974 254 3030 illius
267 2977 387 3031 animuin
405 2973 568 3037 cllenderet3
588 2973 683 3027 tribuit
697 2986 762 3026 rcrc
778 2987 831 3040 qua
846 2978 924 3040 parte
974 2971 1072 3026 drhno
1084 2981 1185 3040 ageret,
1197 2981 1224 3029 ιι
1235 2985 1361 3047 excerpta
1376 2991 1408 3030 ιι
1435 2976 1511 3030 libris
1535 2973 1668 3030 Carolinis
1683 2971 1775 3040 capita

126 3042 292 3116 laudadigni
307 3055 394 3111 eraut,
408 3054 438 3099 ut
451 3046 538 3114 ipsum
549 3044 744 3099 demereretur.
764 3040 923 3109 Quanquam
974 3051 1068 3096 mutia
1081 3042 1217 3098 Ninenain
1242 3051 1373 3116 synodum
1396 3047 1541 3101 secundani
1567 3058 1628 3099 cuni
1645 3058 1677 3097 co
1700 3056 1772 3095 eoni-

126 3130 184 3172 iton
196 3121 283 3170 tatum
297 3133 364 3187 opus
375 3117 529 3172 Carolinum
544 3114 578 3168 ad
589 3111 752 3167 Hadrianum
767 3112 922 3180 pontilieem
975 3112 1135 3168 manicaret.
1153 3113 1217 3169 linc
1231 3115 1384 3172 lladrianns
1394 3117 1507 3186 accepit,
1521 3115 1596 3184 legit,
1611 3111 1770 3169 confutarit.

126 3186 243 3241 niissum
257 3195 309 3252 est,
323 3197 353 3242 ιι
365 3202 427 3242 mcx
439 3186 566 3247 diximus,
580 3182 627 3237 sed
639 3190 766 3251 excerpta
779 3196 812 3235 ex
827 3197 860 3236 eo
875 3197 922 3236 ca·
937 3152 961 3216 c
976 3183 1047 3238 Nihil
1063 3192 1204 3253 propterea
1229 3187 1410 3242 uenerationis
1435 3199 1462 3242 et
1485 3186 1611 3241 amicitiae
1627 3200 1683 3240 sum
1709 3195 1773 3251 eiga

125 3257 217 3327 pitum
234 3252 686 3326 lemmatazeqiiibusCarololla
706 3268 741 3306 no
758 3259 925 3321 postremum
975 3268 1110 3309 sumntum
1138 3255 1294 3323 pontificem
1318 3257 1424 3311 remisit
1447 3256 1560 3312 Carolus
1575 3251 1772 3311 ‘llaanusllcc

126 3326 228 3383 tribuit
252 3342 302 3396 pro
316 3343 364 3382 sua
381 3326 533 3398 prudentia,
551 3323 621 3392 qnod
640 3269 706 3378 illus
724 3338 807 3377 unuin
828 3337 926 3391 appro-
976 3324 1098 3393 sequitur
1112 3322 1239 3380 Carolani
1265 3325 1390 3396 llagnum
1406 3335 1434 3381 ιι
1456 3325 1610 3382 Gallicanos
1626 3311 1771 3394 presules,

127 3397 241 3453 bartone
254 3397 363 3468 dignuin
378 3406 464 3458 esset,
485 3403 583 3451 catera
603 3393 662 3464 ejus
680 3408 740 3448 esse
762 3392 923 3447 dissimulat.
975 3395 1087 3447 alterius
1100 3392 1183 3450 luisse
1196 3397 1230 3449 ab
1252 3396 1389 3451 lladriano
1404 3397 1465 3451 fidei
1488 3407 1514 3452 ιι
1541 3394 1688 3478 religionis,
1708 3392 1775 3462 quia

130 3484 143 3519 i
171 3466 230 3522 lloe
251 3482 359 3523 sacrum
383 3465 492 3540 (inquit)
514 3473 540 3520 et
563 3462 747 3518 venerandum
778 3462 926 3531 capitiilnm
976 3464 1108 3531 imagines
1133 3467 1271 3521 memoriae
1298 3474 1401 3521 tantuin
1430 3467 1670 3535 instructioneque
1690 3477 1772 3517 caiisa

128 3537 244 3593 multum
257 3537 339 3592 distat
353 3554 368 3592 a
384 3538 449 3593 totis
461 3534 623 3605 supradictis
635 3533 770 3602 capitulis,
785 3532 927 3587 etidcirco
976 3533 1123 3598 trahendas,
1137 3549 1190 3589 non
1214 3550 1278 3591 rerc
1293 3536 1444 3591 adorandas
1473 3537 1680 3592 contendebant.
1697 3532 1771 3588 Non-

128 3622 192 3662 eitm
210 3608 370 3678 agnovimus
384 3617 480 3663 resine
495 3606 578 3660 abeo
591 3611 704 3659 serratas
717 3602 927 3670 orthodoxaeque
976 3603 1039 3658 (huin
1053 3604 1124 3657 enim
1141 3611 1199 3658 crat
1222 3605 1340 3674 eliquata
1363 3612 1390 3661 ct
1405 3607 1485 3675 plane
1509 3615 1649 3677 perspecta
1673 3602 1774 3658 ceritas

129 3677 231 3745 regatis
250 3678 416 3733 excellentia.
436 3692 497 3732 esse
514 3675 653 3746 proprium
674 3673 701 3728 in
722 3689 755 3728 ec
777 3673 821 3726 ubi
844 3681 927 3727 rectae
977 3672 1018 3742 (ιιι
1031 3672 1117 3726 saneti
1140 3673 1282 3797 Augustini
1310 3677 1391 3731 uerba
1418 3691 1544 3747 usurpem
1570 3682 1694 3731 sanctuni
1723 3670 1774 3743 Cy·

1042 3812 1047 3823 .
1204 3743 1321 3802 lucanos
1342 3747 1478 3802 antistites
1504 3745 1669 3809 excusantis,
1699 3743 1773 3797 circa

1030 3820 1139 3868 tisinum
1163 3814 1352 3870 hereticorum
1369 3817 1440 3871 alind
1465 3815 1662 3887 aStephanol
1686 3810 1775 3883 penti·

167 3886 293 3942 &casca
312 3890 380 3943 ratio
399 3886 563 3942 Belicrniiui.
586 3883 699 3940 Constat
725 3898 759 3937 ea
778 3883 924 3947 historicis,
976 3883 1027 3939 bne
1050 3885 1168 3938 maximo
1185 3892 1212 3940 ct
1238 3886 1342 3956 reliqna
1371 3886 1491 3942 Ecclesia
1519 3884 1695 3956 sentientes),
1719 3898 1773 3938 nce

129 3956 291 4027 Gregorinni
311 3959 342 4023 11,
354 3958 501 4013 adrianum
518 3956 538 4020 l,
550 3957 668 4010 Leonem
685 3954 727 4018 lll,
748 3954 928 4022 imperatores
976 3955 1158 4023 agnoscebant
1170 3956 1258 4011 adhue
1272 3957 1422 4026 plenarium
1439 3973 1470 4012 ea
1485 3957 1560 4014 dere
1583 3956 1666 4011 totius
1681 3952 1773 4011 Eccle-

130 4026 242 4083 siccos
251 4029 510 4092 excommunicasse,
522 4034 549 4079 et
562 4026 703 4094 imperium
717 4025 744 4078 in
757 4038 835 4093 reges
845 4022 928 4077 Fran·
976 4025 1024 4080 sire
1034 4025 1189 4080 concilium.
1204 4025 1297 4097 Neque
1311 4028 1383 4082 enim
1397 4043 1460 4084 cnm
1482 4029 1623 4098 septimam
1639 4021 1772 4097 synodum

131 4112 226 4152 cornui
247 4098 425 4164 transtulisse,
444 4097 507 4167 quia
526 4096 613 4151 Cruci
639 4096 818 4163 imperatores
834 4095 927 4149 icono-
978 4096 1179 4166 impugnabant,
1197 4113 1254 4152 reni
1279 4099 1330 4153 sibi
1344 4099 1476 4167 putabant
1491 4114 1551 4155 esse
1574 4113 1635 4154 cuin
1657 4106 1774 4152 ‹reuinc-

132 4166 223 4223 niacbi
243 4178 322 4223 erant
335 4183 342 4222 :
357 4185 411 4223 non
430 4176 472 4223 est
489 4181 554 4238 ergo
568 4165 712 4220 uerisimile
731 4163 856 4219 Carolum
871 4165 927 4218 hla-
977 4166 1037 4221 iiica
1060 4168 1181 4237 synodo,
1207 4169 1253 4223 aed
1276 4185 1337 4223 cnm
1353 4169 1481 4224 nationali
1503 4171 1633 4225 ιῖιιιιιιι
1657 4163 1773 4223 concilio

132 4253 214 4308 gnum
232 4239 327 4294 adem
343 4239 438 4294 haeresi
452 4239 600 4299 lahorasse,
614 4244 642 4290 ct
654 4250 704 4304 pro
719 4234 928 4291 erroreGnecc-
977 4237 1143 4292 (lurcorum.
1158 4238 1197 4292 lta
1210 4241 1311 4307 passim
1330 4240 1459 4295 libroruin
1477 4238 1663 4295 Carolincrum
1677 4245 1773 4292 auctor

133 4322 193 4363 rum
206 4318 304 4364 contra
317 4308 466 4363 Romanuin
480 4307 633 4376 pontificem
649 4305 798 4374 scripsisse.
977 4305 1130 4374 profitetur,
1146 4309 1324 4380 queriturque
1333 4311 1405 4379 quod
1420 4310 1465 4365 illa
1485 4311 1536 4365 sibi
1551 4308 1711 4365 universalis
1725 4312 1773 4360 aut

170 4376 326 4460 Responsio.
353 4379 426 4432 libri
446 4379 565 4432 Carolini
584 4376 774 4431 iconomachos
791 4375 926 4430 sexcentis
978 4376 1099 4445 septimas
1111 4378 1206 4448 synodi
1227 4394 1325 4435 nomen
1341 4386 1481 4450 arrogaret
1497 4397 1504 4434 :
1523 4381 1610 4448 Quam
1626 4375 1774 4434 oecumeni-

133 4448 161 4505 iii
174 4448 243 4504 locis
262 4449 732 4519 impugnantdaiiuiantiyue,tantuiii
744 4447 820 4499 abest
834 4455 863 4498 ut
874 4446 927 4500 ico
979 4460 1042 4501 cam
1056 4447 1108 4502 dici
1122 4463 1202 4517 posse
1217 4457 1306 4519 negat,
1322 4451 1356 4505 ad
1371 4466 1453 4533 qnam
1472 4450 1522 4508 soli
1533 4450 1619 4507 Gracci
1635 4447 1775 4504 conuenis-

133 4518 330 4575 nomaclioruui
341 4519 502 4573 seutentiam
517 4526 653 4571 tueantur.
662 4514 851 4584 Noiiseiynitur
862 4531 927 4582 ertio
943 4500 1049 4582 osset,
1067 4517 1285 4588 reliquarumque
1312 4521 1513 4590 provinciarum
1528 4521 1656 4577 Ecclesiae
1669 4533 1773 4574 couro-

133 4587 522 4658 &muneremunere
538 4586 844 4649 auctoremncnluisse,
864 4587 926 4654 quia
978 4595 1055 4652 cata,
1070 4595 1116 4641 aut
1132 4591 1292 4645 sententiam
1310 4606 1359 4660 per
1372 4590 1500 4661 epistolas
1522 4591 1683 4664 encyclicas,
1699 4603 1775 4644 moro

134 4658 374 4715 iconomachorum
384 4658 480 4713 heresi
493 4656 609 4712 inlectus
620 4671 674 4711 nou
687 4654 748 4709 suit.
763 4655 801 4710 De
822 4656 927 4725 imperii
978 4657 1172 4726 ecclesiastico,
1185 4669 1287 4730 rogate
1298 4678 1351 4716 non
1362 4661 1487 4718 luissent.

135 4728 314 4785 translatione
327 4728 395 4782 allas
407 4727 539 4782 diutinus-
1015 4727 1097 4783 Sentii
1110 4731 1178 4782 ratic
1190 4729 1355 4785 bellarmini.
1372 4732 1481 4788 Certum
1494 4738 1535 4787 est
1550 4731 1676 4788 Carolum
1688 4730 1775 4784 homi-

171 4798 262 4854 Tartin
274 4797 344 4852 ratio
354 4795 519 4851 Britannici.
529 4795 658 4852 Claudius
671 4794 856 4861 laurinensis,
869 4794 928 4849 ico·
979 4812 1040 4852 nein
1053 4797 1146 4854 Gnecc
1158 4809 1184 4854 et
1194 4800 1290 4855 Latine
1300 4803 1428 4871 peritum,
1444 4802 1603 4875 prudentem
1615 4814 1640 4856 et
1655 4801 1779 4869 ingenio·

134 4866 286 4927 nonanta
296 4876 436 4934 patronus,
450 4875 571 4934 tempore
583 4865 673 4920 Caroli
684 4864 771 4935 lingui
784 4880 818 4919 ne
830 4865 930 4919 mutire
979 4882 1039 4921 siun
1052 4867 1153 4925 luisse:
1168 4870 1229 4925 libri
1240 4878 1330 4926 autern
1344 4873 1389 4927 isti
1403 4873 1520 4929 hominis
1530 4868 1774 4939 barbari,impcriti

173 4939 249 4994 idest*
259 4951 344 4992 ausus
357 4944 409 5002 est,
423 4944 492 4992 teste
505 4935 574 4991 lona
587 4935 773 4990 Atircliancnsi
791 4935 927 5003 epiiscopo.
980 4953 1012 4992 ae
1024 4937 1089 4993 leris
1101 4941 1307 4995 esseridentur.

175 5023 249 5063 ninia
261 5005 344 5087 igitur
355 5007 520 5077 impudentia
533 5015 575 5061 est
595 5005 679 5060 libros
693 5012 786 5060 coiitra
800 5005 929 5074 imagines
1017 5007 1171 5078 Responsio.
1185 5010 1243 5065 Etsi
1264 5012 1379 5068 rudeset
1395 5011 1524 5067 inconditi
1549 5010 1685 5079 fingantur
1702 5008 1728 5064 lii
1745 5006 1773 5059 li·

133 5078 234 5135 Ciirolo
254 5077 385 5158 tribuere.
706 5144 713 5156 ⁹
858 5143 864 5154 ο
980 5077 1031 5138 bri,
1046 5086 1074 5131 et
1095 5080 1380 5150 talesvideripcssint,
1400 5083 1495 5138 sienni
1509 5082 1617 5151 scriptis
1632 5078 1776 5149 elegantio-

171 5147 328 5228 Respcnsio.
344 5147 452 5203 Falsum
476 5158 583 5215 semper
601 5152 728 5214 supponit
741 5144 928 5198 bellarminus.
981 5147 1056 5202 ribus
1078 5149 1260 5216 conserantur,
1279 5169 1332 5207 non
1352 5162 1440 5208 tamen
1454 5154 1476 5209 si
1488 5167 1549 5208 cum
1569 5152 1629 5207 aliis
1654 5150 1774 5219 ejusdem

134 5216 296 5273 Libriecim
322 5215 440 5273 Carolini
460 5231 514 5269 non
537 5214 627 5270 larent
653 5214 845 5277 iconomachis,
869 5230 931 5268 enin
981 5217 1031 5272 ceri
1055 5218 1287 5277 lucubrationibus
1306 5231 1512 5292 componantur.
1528 5218 1782 5291 macularemini,

135 5288 239 5370 destrai
254 5301 309 5341 uon
321 5288 481 5368 permittant
493 5287 639 5367 imaginem
651 5285 705 5339 imo
719 5300 768 5340 nec
780 5299 873 5339 earum
885 5286 934 5339 ho·
982 5288 1171 5353 eruditionem,
1184 5290 1335 5347 facundiam
1353 5302 1466 5359 tantam,
1480 5300 1581 5364 quanta
1594 5293 1621 5347 in
1642 5297 1774 5362 praestan-

135 5373 275 5413 nnrariain
287 5357 472 5411 adorationem
483 5365 592 5436 penitus
605 5354 932 5425 improbent,sedcultiiui
983 5358 1094 5413 tissimis
1114 5360 1185 5414 iliius
1207 5363 1297 5417 seculi
1321 5363 1388 5418 iiris
1410 5362 1575 5433 effulgebat,
1597 5363 1638 5418 sui
1656 5358 1776 5416 auctoris

135 5429 271 5483 duntaxat
281 5427 472 5507 intrinsecam
487 5440 551 5495 ipsis
561 5426 692 5494 putabant
706 5441 721 5478 a
735 5426 838 5496 synodo
852 5426 933 5494 septi·
983 5435 1128 5483 testantur.
1144 5429 1196 5485 Sed
1212 5447 1270 5501 agir,
1294 5448 1326 5487 ca
1347 5435 1545 5503 expendamus,
1559 5434 1657 5502 cuibus
1677 5429 1777 5485 bellai·-

135 5512 181 5552 ιιι
191 5499 344 5553 decretum.
355 5496 433 5551 Sicut
445 5510 659 5574 ergiiperperani
669 5496 842 5563 colligeretur
855 5496 935 5563 septi·
984 5498 1049 5552 miiii
1064 5500 1208 5554 cardinalis
1221 5517 1333 5559 censura
1352 5504 1460 5558 nititur.
1472 5504 1595 5574 Scriptor
1608 5504 1662 5569 illc,
1678 5500 1782 5571 iuquit,

137 5581 212 5647 naris
225 5567 360 5638 synodum
379 5581 395 5620 ι
418 5565 525 5620 coucilii
540 5563 789 5620 Francoioidiensis
806 5566 933 5621 trecentis
983 5566 1243 5638 Constantinopolim
1254 5574 1348 5628 urbem
1359 5574 1528 5628 notissimam
1541 5576 1566 5629 in
1582 5573 1706 5657 Bithynia
1716 5586 1779 5627 esse

136 5634 278 5717 Retribus,
297 5644 394 5717 agente
417 5636 499 5690 etiarn
524 5633 621 5688 Carclc
643 5635 757 5703 llagnu,
779 5637 933 5690 damnatam
985 5637 1059 5704 dicit,
1078 5655 1138 5693 cuin
1153 5656 1232 5695 nemo
1249 5644 1352 5697 nesciat
1365 5645 1463 5699 esseiu
1486 5645 1616 5709 Thracica
1641 5660 1668 5700 in
1691 5657 1779 5714 eaque

136 5722 194 5763 uun
216 5706 313 5768 larse,
342 5720 406 5774 cuia
433 5703 547 5759 Carolus
579 5705 690 5773 lingniis
716 5706 934 5775 religiosissimus
985 5707 1206 5765 urlieconeiliuin
1221 5726 1271 5782 pro
1289 5714 1363 5769 cultu
1385 5700 1532 5786 imaginum
1552 5716 1716 5772 celebratum
1733 5725 1778 5767 as·

136 5777 269 5848 princeps
281 5773 342 5843 luit,
355 5790 410 5832 non
432 5774 646 5834 iconomachos:
661 5776 699 5834 ita
720 5791 860 5848 perperam
879 5775 934 5832 col·
985 5779 1060 5848 serit,
1073 5794 1135 5837 cciii
1147 5789 1236 5838 tamen
1257 5782 1353 5842 liicccc
1375 5785 1539 5843 celebratum
1562 5802 1643 5844 neme
1662 5784 1794 5839 nsts'ffis

130 3747 194 3803 lidei
213 3746 292 3816 plenu
307 3749 415 3817 penitus
432 3745 554 3803 consessa
574 3752 615 3800 est
635 3759 743 3798 sensum
763 3742 927 3798 sanctissimi
996 3757 1101 3796 rienum
1127 3752 1155 3798 et

129 3814 256 3888 Gregorii
271 3819 358 3888 sequi.
378 3839 388 3872 i
