3780 6120
159 239 207 296 tet

595 238 625 293 B.
644 237 770 295 dttt0tt
788 234 896 293 MAGNI
912 234 988 293 OPP.
1007 234 1098 292 PARS
1115 235 1136 289 Ι.
1157 231 1278 291 secrto
1295 231 1338 288 ΙΙΙ.

1728 226 1782 286 tta

158 352 218 414 tuit,
246 367 309 407 nain
335 348 392 407 ie'rc
416 365 512 407 ornnes
537 352 608 420 apud
631 367 680 407 nos
702 351 771 425 [aut]
800 351 976 421 captiantd
1046 349 1174 418 riviligia,
1187 350 1221 404 ab
1232 349 1360 405 ottocaro
1370 345 1518 416 approbata
1529 344 1664 398 Brnueusi
1678 341 1783 397 civitati

158 422 258 479 mortni
283 429 480 477 remanserunt.
507 421 582 477 Licet
607 432 697 478 autem
727 438 774 478 rex
799 422 941 491 praedictus

157 490 242 615 523
255 491 370 546 militum
380 506 490 547 suorum
505 492 614 561 agmina
628 493 755 561 dissipata
769 492 882 556 videret,
901 505 944 544 se-

158 578 212 631 que
240 576 286 617 ere
299 561 333 616 ab
354 561 480 617 omnihus
499 560 666 625 derelictum,
689 562 777 617 adhuc
793 569 882 616 tamen
904 560 944 613 ri·

158 630 288 686 ctricibus
307 630 392 701 signis
414 630 514 685 nostris
530 631 627 687 cedere
639 630 735 695 noluit,
760 633 806 686 sed
824 645 899 685 more
916 638 944 684 et

159 701 250 755 animo
273 700 397 771 giganteo
421 700 520 755 virtute
538 701 654 756 mirabili
676 716 704 756 se
718 700 845 764 defendit,
859 700 945 755 denec

159 769 268 840 quidam
281 785 313 825 eii
325 770 425 824 nostris
439 768 569 826 militibus
585 771 672 839 ipsum
691 770 841 827 mortaliter
852 769 942 824 vulue-

159 849 248 894 irituiu
259 856 310 894 una
322 854 382 894 ciria
393 840 530 894 dextrario
551 839 705 908 deiecerunt
717 854 741 894 ε.
753 840 828 895 Tenc
837 838 945 894 demum

160 908 206 965 ille
231 924 278 963 rcii
306 909 462 978 magnificus
489 925 550 964 euin
574 911 687 966 victoria
706 912 790 965 vitam
817 910 944 978 perdidit,

160 993 241 1105 auem
252 995 306 1033 uon
321 989 419 1033 nostre
429 979 558 1049 potentiae
573 980 710 1043 tortitudo,
728 981 775 1036 sed
786 980 832 1034 bet
845 978 945 1034 excelsi

178 1059 272 1105 extera
283 1063 390 1103 causam
406 1058 525 1105 nostram
543 1044 885 1118 misericorditeriudicacs
907 1048 947 1102 in-

161 1119 277 1174 teremit.
300 1117 353 1173 Nos
366 1118 448 1189 igitur
459 1121 516 1175 lianc
530 1127 557 1174 et
576 1121 628 1175 alia
645 1120 774 1175 beneficia
796 1119 831 1173 ab
852 1133 886 1174 ec
900 1118 947 1189 qui

159 1187 254 1244 eadem
269 1189 346 1244 nohis
366 1189 480 1244 contulit
496 1190 633 1245 humiliter
648 1197 848 1259 cognoscentes,
863 1196 891 1243 et
913 1188 948 1242 ad

160 1257 265 1313 laudem
276 1270 303 1314 et
321 1260 434 1328 gloriam
451 1259 493 1314 sui
506 1261 669 1315 sanctissimi
694 1259 810 1315 nominis
829 1257 948 1312 releren-

161 1337 212 1393 tes,
230 1328 265 1382 ad
277 1344 357 1384 oiuiie
368 1329 432 1383 illud
454 1330 525 1398 quod
539 1339 646 1398 gratnm
669 1329 801 1384 altissimo
816 1328 872 1398 regi
900 1328 947 1382 Dei

161 1399 216 1454 lilio
228 1397 291 1453 desii
303 1397 436 1455 Christob
449 1414 509 1454 esse
523 1399 691 1464 sciverimus,
709 1398 841 1453 devotiori
861 1412 949 1466 prom-

161 1468 293 1541 ptitudine
307 1477 427 1523 nostram
445 1468 652 1524 sollicitudinem
665 1475 854 1523 convertemus
866 1475 889 1519 ι.

402 1556 570 1614 Epistola
587 1558 708 1614 xxxiv.

205 1646 360 1718 liudolphus
372 1649 454 1702 uictor
466 1647 583 1718 indulget
601 1646 721 1703 Ottacaia'
734 1649 794 1703 uicti
806 1648 903 1702 liberis.

296 1739 357 1812 (da.
372 1739 450 1794 Darii.
464 1738 542 1803 itit,
555 1741 614 1795 rod.
626 1739 697 1795 nit.
715 1738 820 1810 xxxiv.)

162 1832 360 1889 sarcierint.
378 1862 415 1873 -
431 1831 498 1887 Pars
524 1832 694 1901 diplomatis,
723 1847 777 1900 quo
797 1831 954 1901 liudolphus

198 1902 370 1959 clementiam
382 1917 469 1967 snam,
480 1902 645 1971 optimorum
656 1902 808 1972 principum
819 1902 951 1971 exemplo,

205 1973 233 2028 iii
257 1972 374 2042 pupillos
402 1971 538 2027 bohemiae
561 1973 633 2041 regis
651 1973 751 2027 liberos
774 1972 951 2036 demonstrat,

198 2057 329 2113 suamquc
341 2042 375 2097 iis
389 2043 504 2114 gratiam
520 2042 728 2098 etdilectioneiii
741 2041 880 2113 elargitur.

199 2135 365 2204 liudolphus,
379 2141 432 2190 etc.
452 2134 510 2217 [bei
522 2136 609 2218 gratia
629 2135 812 2191 liomanornm
825 2149 872 2189 rex
884 2149 954 2188 sem-

164 2204 512 2278 perlmgnstusl,ommbus
523 2223 548 2259 ui
560 2205 796 2275 perpetuumbivl
807 2205 952 2273 principes,

166 2277 213 2346 qiii
229 2276 319 2331 divino
330 2285 395 2330 nutu
408 2284 544 2330 terrenum
558 2276 698 2344 imperium
711 2284 766 2330 tam
777 2274 862 2329 armis
873 2289 954 2344 qnam

167 2347 270 2428 legibus
286 2346 451 2408 direxerunt,
465 2345 538 2400 iliam
555 2346 607 2402 sibi
630 2347 769 2410 virtutem,
788 2344 866 2414 quasi
888 2360 953 2415 pro-

163 2432 224 2486 prie
238 2416 374 2486 propriam
395 2424 573 2481 attraxerunt,
594 2413 675 2487 422
692 2425 722 2469 ut
737 2430 791 2470 non
815 2413 955 2468 minusvi-

165 2488 216 2542 ctis
231 2500 341 2554 parcere
354 2493 382 2540 et
394 2486 537 2555 prostratis
548 2487 592 2555 pie
609 2485 726 2554 compati
743 2500 824 2553 quam
840 2483 954 2538 rebelles

153 2556 273 2610 ¹vincere
291 2563 318 2610 et
342 2557 472 2625 superbos
494 2557 642 2625 reprimere
668 2556 828 2623 cogitarent.
856 2553 955 2622 Sicque

164 2625 319 2696 reipublice
333 2625 469 2680 victricem
485 2626 634 2695 potentiam
654 2623 839 2679 misericordia
853 2631 955 2692 tempe·

164 2697 272 2760 rabant,
299 2695 339 2750 sic
364 2710 470 2765 quoque
496 2695 632 2750 terribiles
652 2695 775 2749 hostibus
798 2701 826 2748 et
850 2693 955 2749 devotis

165 2767 296 2822 arbathites
309 2781 338 2820 se
348 2763 469 2820 lecerunt
480 2764 506 2818 ἃ.
522 2766 623 2821 llornm
641 2765 792 2834 principum
811 2773 839 2819 et
867 2762 954 2833 maje-

164 2850 225 2891 rum
245 2843 396 2891 iiostrormii
411 2836 530 2906 vestigiis
550 2837 682 2890 inliaercre
699 2835 830 2898 volentes,
854 2833 888 2888 ad
906 2849 956 2903 pii·

163 2905 245 3029 {tilios
269 2906 403 2976 quondam
430 2904 552 2961 Ottccari
577 2903 721 2978 [ottogari]
740 2904 855 2959 illustris
882 2903 955 2974 regis

177 2976 300 3029 lohemiae
316 2987 328 3015 0
346 2976 440 3030 oculos
463 2985 563 3032 nostrae
587 2975 802 3030 uransuetndinis
827 2974 954 3028 clementi

165 3046 263 3106 intuitu
277 3053 473 3108 antevertentes,
488 3045 553 3114 ipsis
564 3045 655 3116 pueris
672 3044 766 3113 gratiae
783 3051 882 3099 uostrae
894 3057 955 3114 gre·

165 3115 260 3180 mium,
287 3114 411 3184 plenique
435 3112 537 3170 favoris
565 3130 690 3172 securum
713 3112 847 3187 retugium
865 3113 954 3185 aperi-

166 3199 238 3250 tnus,
250 3193 304 3240 etc.

409 3252 577 3309 bristoud
599 3253 710 3310 XXXV.

235 3342 405 3412 Pricilegium
419 3345 529 3398 ciiu'tritii
547 3343 693 3399 lirinensis
709 3344 737 3398 t'rt
752 3342 883 3399 Heraclii.

309 3413 368 3486 (du.
383 3412 704 3477 coireturbatique
720 3414 813 3485 xxxv.)

164 3504 365 3562 daucum-inii.
384 3535 420 3545 —
444 3504 606 3570 Libertates,
637 3506 857 3574 consuetudines,
880 3503 953 3573 jura,

201 3650 214 3677 ⁸
226 3638 357 3694 Viilccol.
376 3640 440 3704 789,
458 3650 514 3695 unt.
534 3653 559 3693 ι.

201 3707 216 3747 b
231 3708 369 3764 Laudatus
390 3720 484 3765 auctor
505 3710 573 3765 Piet.
595 3711 687 3765 Austr.
702 3709 801 3765 ibidem
817 3710 953 3774 observat,

166 3785 297 3832 tesseram
308 3778 452 3834 militarem
463 3781 490 3834 iii
504 3781 602 3835 castris
614 3780 736 3836 Ottocari
752 3778 835 3834 luisse
848 3777 955 3849 Preger

164 3845 193 3900 in
213 3846 346 3928 liudolphi
361 3857 451 3904 autem
458 3851 556 3905 eastris
569 3848 687 3905 Clirirtes
697 3857 801 3905 certum
813 3848 909 3904 luturae
920 3849 957 3904 vi·

166 3925 260 3973 ctoriae
273 3933 363 3972 onice.

202 3998 213 4025 ι
234 3987 307 4042 ldem
331 3998 426 4043 auctor
446 4004 479 4045 ex
497 3990 558 4046 cod.
574 3988 699 4046 Caesareo
719 3991 829 4046 exhibet
850 3998 954 4058 partem

163 4056 296 4125 epistole,
311 4072 363 4126 qiia
384 4058 510 4115 Nicolaus
529 4059 681 4129 gratulatur
699 4061 756 4129 regi
772 4061 955 4114 Romanorum

164 4127 197 4179 ile
210 4127 339 4195 predicta
358 4128 455 4199 insigni
474 4129 594 4189 victoria,
612 4130 745 4198 simulque
762 4145 824 4185 euru
836 4138 907 4193 orat,
925 4138 956 4182 ut

965 1691 1056 1751 Bmis
1078 1690 1211 1752 volumus,
1234 1700 1264 1746 ut
1284 1692 1414 1747 telonium
1437 1690 1509 1770 quod
1531 1704 1546 1742 a

1056 420 1164 481 craviae,
1184 427 1242 474 rata
1255 419 1344 480 habet,
1363 415 1500 471 nonnullis
1517 428 1612 469 eorum
1635 412 1783 481 ampliatis.

1030 488 1131 543 liceum
1144 500 1171 544 et
1187 502 1364 557 personarum
1373 487 1573 540 immunitatem
1582 493 1714 552 perpetua
1725 496 1785 536 san·

1030 560 1119 613 ctione
1137 560 1255 614 roborat.
1269 556 1377 612 iudaeos
1389 556 1488 610 civium
1511 553 1641 608 oneribus
1656 550 1716 607 iare
1736 551 1785 607 ab·

1029 628 1125 682 noxios
1135 626 1212 696 juxta
1223 627 1444 683 consuetudinem
1457 623 1589 680 decernit.

1029 716 1143 769 iinmiui
1159 717 1231 772 vires
1249 715 1468 785 imperiipietate
1483 714 1672 783 potiusquam
1692 719 1785 792 tyran·

995 787 1058 840 uide
1075 785 1189 840 dilatare
1209 787 1332 841 volentes
1353 786 1407 840 ibis
1426 799 1510 839 venas
1533 781 1675 837 clementis
1699 796 1784 834 venia·

995 854 1143 911 liberaliter
1169 857 1314 924 aperimus,
1331 858 1378 925 qui
1400 854 1434 909 ad
1453 860 1560 923 portum
1584 852 1672 906 nostri
1687 850 1783 920 relugii

997 926 1107 979 venient
1124 927 1237 994 gratiam
1252 925 1372 995 petituri.
1387 924 1456 978 ilinc
1467 933 1509 977 est
1522 921 1595 992 quod
1611 935 1660 976 nos
1671 920 1784 975 diiecios

997 994 1090 1050 lideles
1102 1004 1208 1049 nostros
1220 996 1293 1049 cives
1308 995 1469 1057 Bruncnses,
1485 993 1530 1063 qui
1543 992 1685 1071 seipscset
1701 990 1785 1060 ipsam

997 1065 1134 1121 civitatem
1156 1073 1249 1119 nostro
1273 1063 1423 1133 potentatui
1440 1062 1580 1117 humiliter
1603 1062 1784 1128 enthecarum,

998 1133 1031 1189 ad
1052 1133 1247 1215 plenitudinem
1270 1134 1355 1188 nostri
1376 1132 1475 1187 laveris
1501 1140 1529 1185 et
1551 1132 1644 1200 gratiae
1669 1129 1786 1199 gratiosa

998 1203 1149 1272 colligimus
1166 1204 1312 1265 voluntate,
1328 1203 1429 1260 eisdem
1444 1202 1547 1256 civibus
1561 1208 1655 1254 tenore
1668 1213 1787 1268 presen-

999 1273 1066 1328 tium
1080 1273 1158 1340 hiijns
1175 1273 1278 1329 dimissi
1302 1272 1391 1334 Fors..
1408 1272 1471 1326 hinc
1484 1268 1788 1351 diiiiissislcoubrman·

1000 1352 1041 1398 tes
1059 1357 1153 1397 omues
1171 1350 1198 1396 et
1212 1343 1288 1412 singu
1302 1359 1331 1397 us
1343 1342 1424 1414 423
1444 1341 1592 1404 libertates,
1612 1354 1683 1408 iura,
1702 1337 1787 1408 privi-

1000 1412 1068 1481 legia
1088 1420 1116 1465 et
1142 1414 1359 1477 eonsuetudines,
1382 1426 1452 1480 quae,
1477 1410 1519 1464 vel
1537 1425 1604 1479 quas
1624 1425 1658 1464 cx
1685 1406 1788 1463 indulto

1000 1481 1134 1551 quendam
1148 1482 1267 1537 ottocari
1281 1482 1393 1536 illustris
1407 1481 1478 1552 regis
1492 1479 1629 1535 Bcbemiae
1642 1479 1702 1532 sine
1723 1490 1789 1532 con-

1002 1552 1164 1607 tradictione
1174 1551 1318 1608 eii'uslihet
1330 1559 1475 1606 tenuerunt
1489 1549 1511 1603 ι.
1525 1549 1564 1603 Ex
1577 1549 1677 1617 quibus
1687 1547 1789 1616 aliquas

1003 1622 1105 1691 gratias
1122 1623 1186 1689 ipsis
1217 1632 1291 1676 netas
1314 1621 1492 1691 praesentibus
1506 1619 1677 1743 cingliamus.
1688 1617 1790 1740 'inpili-

1583 1703 1649 1743 usus
1670 1702 1724 1742 civi
1737 1702 1752 1740 a
1766 1701 1790 1740 is

1004 1760 1123 1827 ejusdem
1149 1762 1236 1817 dictus
1257 1777 1304 1818 rex
1319 1771 1380 1816 octo
1392 1775 1470 1814 anuis
1486 1759 1669 1823 ccntiiinis,ut
1682 1756 1789 1819 dicitur,

1004 1831 1152 1897 deputavit,
1158 1830 1300 1886 duodecim
1309 1831 1387 1885 annis
1397 1829 1532 1884 coutinuis
1541 1827 1575 1882 ad
1586 1843 1665 1882 nsum
1674 1826 1791 1880 ebibitis

1004 1900 1148 1971 pertineat,
1161 1901 1195 1955 ad
1210 1901 1324 1971 gratiam
1338 1901 1401 1955 dicti
1417 1899 1488 1970 regis
1507 1913 1593 1953 aiiiios
1608 1907 1726 1966 quatuor
1746 1910 1792 1965 ap-

1002 1980 1143 2040 ponentes.
1163 1970 1220 2026 ilcc
1234 1972 1315 2026 otiam
1340 1971 1494 2032 statuimus,
1517 1984 1552 2023 ne
1570 1966 1693 2034 praedicti
1720 1965 1792 2019 cives

1002 2054 1052 2109 per
1069 2039 1189 2097 diversas
1212 2041 1335 2097 civitates
1353 2050 1380 2095 et
1396 2041 1455 2094 loca
1474 2037 1580 2108 imperii
1601 2052 1650 2106 prc
1663 2035 1720 2090 suis
1743 2049 1792 2089 ne·

1003 2109 1176 2165 cessitatilius
1198 2119 1383 2175 transeuntes,
1410 2117 1542 2179 pretextu
1565 2109 1725 2163 dariinoriim
1752 2103 1793 2159 vel

1003 2181 1211 2251 promissionum
1224 2195 1240 2233 a
1256 2194 1319 2250 rege
1333 2180 1468 2235 betieinia
1484 2178 1636 2247 cuicunque
1658 2173 1793 2230 laetorum

1003 2267 1051 2322 per
1061 2251 1178 2320 aliquem
1196 2250 1366 2319 pignorentur
1390 2250 1417 2304 iii
1440 2247 1613 2306 iecriltatibus
1636 2245 1678 2299 vel
1725 2260 1793 2298 usc-

1003 2323 1047 2378 nis
1058 2326 1081 2374 ὅ.
1095 2321 1168 2375 illam
1184 2321 1267 2373 ctiam
1281 2321 1395 2390 gratiam
1414 2333 1466 2388 qua
1480 2333 1529 2387 per
1549 2324 1636 2372 terras
1658 2315 1697 2370 Bo
1717 2315 1792 2369 emite

1004 2401 1031 2447 et
1048 2392 1173 2448 hlcravite
1190 2390 1249 2444 siue
1266 2389 1399 2445 solutione
1423 2387 1515 2443 telonii
1534 2388 1665 2442 hacteuus
1683 2385 1793 2438 transie

1005 2471 1078 2526 runt,
1101 2469 1188 2514 ratam
1209 2468 1339 2530 perpetuo
1364 2459 1460 2514 robore
1480 2459 1603 2512 volumus
1622 2468 1792 2526 permanere.

1004 2532 1137 2588 Caeterum
1152 2530 1174 2585 si
1187 2530 1309 2598 predicti
1322 2528 1583 2652 civesginbarerint
1599 2523 1728 2595 legitimis
1746 2523 1794 2578 do

1004 2601 1146 2665 sumentis,
1163 2599 1234 2669 quod
1247 2598 1307 2654 duae
1319 2599 1388 2654 villae
1422 2597 1482 2651 urin
1497 2605 1524 2652 et
1540 2595 1657 2651 streletz
1669 2593 1736 2664 ipsis
1747 2607 1793 2662 per

1005 2686 1095 2741 regem
1113 2668 1248 2725 bohemiae
1270 2684 1319 2739 pro
1341 2668 1439 2722 marcis
1463 2667 1592 2721 trecentis
1612 2673 1640 2719 et
1662 2665 1794 2745 qninqua-

1004 2742 1078 2812 ginta
1095 2739 1199 2812 pignori
1213 2737 1313 2794 luerint
1324 2738 1458 2806 obligatae,
1475 2751 1524 2790 iios
1536 2736 1622 2792 eidem
1637 2731 1793 2815 obligationi

1005 2821 1113 2867 centum
1134 2810 1326 2879 qninquaginta
1342 2822 1447 2862 marcas
1463 2806 1633 2876 apponimus,
1651 2813 1678 2859 et
1693 2818 1734 2858 sic
1745 2817 1794 2872 pro

1005 2880 1161 2952 quingentis
1173 2879 1272 2937 marcis
1285 2892 1354 2933 iiexu
1369 2877 1488 2947 pignoris
1499 2876 1672 2930 tenebuntur.
1681 2871 1795 2941 liisuper

1006 2964 1077 3006 areae
1093 2965 1152 3019 quae
1167 2950 1202 3003 ad
1215 2964 1293 3002 usum
1312 2947 1429 3003 civitatis
1451 2946 1599 3014 antiquitus
1622 2943 1795 3013 pertinebant

967 3021 1041 3093 cad
1066 3019 1185 3088 ejusdem
1212 3017 1329 3072 civitatis
1349 3017 1518 3073 commodum
1544 3021 1715 3069 revertantur
1737 3011 1795 3067 sinn

1006 3088 1164 3161 praejudicio
1186 3087 1284 3142 alieno.
1304 3086 1344 3141 iid
1360 3087 1418 3142 hec
1435 3094 1563 3156 perpetua
1577 3084 1795 3163 sanctionesta·

1007 3160 1118 3224 tuimus,
1131 3167 1161 3213 ut
1172 3158 1260 3213 iinllus
1272 3159 1402 3212 heronem
1414 3172 1461 3211 scn
1482 3155 1611 3210 nobilium
1628 3162 1711 3234 terre
1725 3150 1795 3206 intra

1007 3245 1101 3288 muros
1112 3228 1230 3284 civitatis
1242 3227 1269 3282 iii
1284 3228 1364 3282 rchus
1377 3237 1424 3281 aut
1433 3225 1556 3296 personis
1566 3223 1666 3279 civium
1677 3221 1794 3291 aliquam

1006 3298 1163 3354 uiolentiam
1180 3306 1335 3367 perpetrare
1353 3305 1509 3365 praesumat.
1526 3293 1606 3372 Cordi
1622 3292 1732 3361 quidem
1748 3306 1796 3346 iic·

1006 3369 1049 3425 his
1060 3377 1112 3433 est,
1128 3375 1333 3437 utqnaccuiique
1348 3366 1505 3425 iiiimuuitas
1520 3360 1795 3420 vellrbeitaseisdem

1006 3438 1141 3494 civibusa
1159 3437 1343 3495 mnnittceiitia
1366 3451 1458 3505 regum
1479 3433 1613 3494 Boliemiae
1636 3442 1677 3487 est
1695 3430 1794 3487 coliata

1005 3516 1034 3565 et
1050 3509 1155 3580 integra
1173 3508 1261 3566 adhuc
1280 3507 1432 3573 observata,
1440 3504 1502 3575 jure
1524 3511 1654 3575 perpetuo
1669 3502 1795 3558 roborata

1006 3659 1075 3699 iicva
1086 3652 1122 3699 sit
1138 3644 1207 3699 ratic
1224 3643 1358 3706 uincendi,
1378 3651 1408 3697 ut
1423 3639 1607 3696 misericordia
1627 3649 1655 3695 et
1677 3638 1796 3698 liberali-

1006 3721 1062 3769 tate
1076 3729 1124 3769 nos
1143 3714 1296 3769 muniamus
1308 3712 1353 3783 (cil
1366 3713 1443 3767 ditio.
1456 3711 1503 3765 iih.
1515 3727 1552 3773 iii,
1566 3719 1628 3779 post
1639 3723 1682 3778 ep.
1701 3709 1719 3764 8
1734 3727 1757 3762 ‚i

1045 3785 1130 3838 ebrio
1150 3792 1335 3838 memorantur
1349 3781 1484 3838 Boheiniae
1505 3788 1576 3851 regis
1596 3779 1684 3843 liberi,
1745 3792 1795 3834 eii·

1006 3853 1112 3910 resiniis
1123 3861 1184 3908 ceto
1205 3867 1337 3907 annorum
1357 3866 1435 3921 puer,
1456 3858 1484 3905 et
1497 3850 1597 3921 lignes.
1620 3849 1696 3903 llaiic
1717 3858 1796 3918 pater

1002 3922 1059 3994 jam
1073 3923 1251 4046 desponderat
1278 3921 1418 3991 liudolpho
1440 3921 1511 4002 regis
1534 3919 1719 3974 Romanorum
1741 3918 1796 3972 titio

1006 4009 1077 4049 anno
1091 3992 1125 4047 li
1144 3996 1169 4057 5,
1182 4007 1242 4047 cuin
1256 3992 1367 4048 Viennae
1380 3991 1533 4059 homagium
1543 3989 1582 4044 illi
1594 3989 1657 4044 ierit
1668 4003 1676 4042 ε
1687 3989 1796 4059 uirpzias

1006 4064 1157 4120 celebratas
1168 4063 1278 4117 tradunt
1295 4060 1410 4132 lglaiiae,
1422 4077 1484 4116 cuni
1495 4074 1549 4130 pari
1564 4059 1667 4114 sancita
1683 4065 1726 4114 est
1754 4058 1795 4112 iu-

1006 4142 1049 4189 ter
1063 4132 1233 4202 iiiiilolpiuiiir
1255 4131 1420 4188 etOttoncm
1442 4129 1688 4199 Braiidehcrgicuiii
1711 4127 1795 4182 tilium

166 4197 322 4251 iiiiitiriiiari
348 4209 424 4253 curet
442 4199 638 4268 apriiicipibos
663 4200 825 4254 electoribus
841 4199 903 4265 jnra
928 4206 956 4252 et
1006 4204 1137 4258 beatricis
1150 4202 1251 4257 sororis
1263 4201 1393 4266 ottocari,
1407 4200 1453 4270 qui
1471 4196 1659 4254 wenceslaum
1682 4212 1797 4266 puerum

164 4266 304 4337 privilegia
317 4269 470 4335 apostolice
478 4269 559 4322 sedis.
571 4267 752 4336 Qiicdutique
761 4267 860 4323 lactum
872 4267 955 4322 luisse
1006 4273 1175 4335 ‹ir-ieiunius,
1200 4288 1297 4327 riorum
1320 4270 1377 4326 lere
1398 4270 1520 4338 praelium
1544 4268 1639 4323 victori
1660 4266 1795 4330 exhibuit,

164 4345 269 4390 constat
282 4351 315 4391 ex
332 4337 476 4405 diplomate
490 4338 646 4392 eorumdem
664 4338 690 4392 in
709 4339 762 4392 line
783 4336 862 4407 hujus
881 4338 955 4391 codi-
1007 4343 1082 4399 hreri
1105 4352 1194 4396 raineri
1213 4342 1293 4396 rebus
1314 4340 1471 4408 ceniposiiis
1492 4351 1664 4393 evanescens.
1682 4336 1797 4393 Weiire-

165 4406 214 4469 tis,
229 4405 305 4471 citius
327 4409 523 4476 aubigrapliuiii
546 4418 671 4461 servatur
689 4409 717 4464 in
739 4407 887 4476 apostolico
910 4422 955 4461 ar·
970 4376 996 4438 D
1008 4413 1066 4467 sirio
1079 4422 1168 4466 autem
1181 4412 1339 4480 lindolphus
1350 4410 1466 4464 Gutliam
1478 4406 1669 4464 seuiiiditbam
1684 4409 1798 4475 despen-

165 4476 245 4529 rliivc
259 4475 335 4528 illeiis
348 4475 485 4531 Adriane.
500 4475 608 4531 Partem
633 4479 704 4531 illam
721 4478 841 4546 epistolae
855 4484 957 4546 utpote
1009 4481 1057 4546 dit,
1080 4497 1171 4551 qnam,
1185 4482 1230 4536 ubi
1245 4480 1331 4549 major
1345 4490 1387 4535 est
1398 4479 1495 4542 iactus,
1514 4477 1608 4548 Pragae
1625 4476 1703 4531 duxit
1721 4476 1798 4599 regie

165 4544 307 4613 itdttpttrt'i
326 4545 464 4609 moerenti,
482 4546 775 4602 liiiclubetafferi·e:i
801 4548 954 4615 Ut,inqiiit,
1007 4549 1244 4613 luxuannol286‚
1276 4551 1414 4619 rclemqne
1426 4564 1459 4605 ex
1471 4564 1502 4603 ea
1513 4546 1630 4616 suscepit
1634 4544 1728 4670 Fliliit.
1766 4562 1797 4600 it-

165 4613 277 4669 ellectus
289 4623 341 4668 tute
354 4614 514 4678 devotionis,
528 4632 607 4685 quem
623 4619 662 4673 sic
672 4628 812 4689 gratanter
824 4618 957 4672 inhaerere
1006 4620 1081 4676 strat.
1095 4620 1178 4686 lib&
1194 4628 1222 4675 et
1237 4566 1334 4674 cleon.
1346 4620 1421 4674 Anat.
1443 4618 1523 4687 tabit)
1543 4615 1612 4683 apud
1656 4616 1797 4671 relietum.

165 4683 289 4764 sensibus
315 4684 415 4740 nostris
435 4686 601 4755 inspicimus,
630 4688 657 4741 iii
683 4688 807 4743 cll'cetnrii
830 4687 956 4755 perlectae
1007 4690 1106 4746 Eadem
1119 4690 1390 4759 iuurhcpcstanncs
1404 4698 1521 4759 quatuor
1543 4684 1704 4756 liudolphus
1725 4685 1798 4756 regis
1839 4696 1842 4701 ’

165 4754 311 4809 soliditatis
322 4766 462 4824 appareat,
475 4765 503 4811 et
516 4757 634 4813 residere
645 4759 671 4810 iii
684 4757 757 4813 oiiiiii
772 4759 956 4826 priritctepue
1006 4761 1084 4815 lieni¹
1098 4760 1177 4823 tilius,
1196 4759 1302 4815 Saevire
1326 4759 1395 4823 dux,
1416 4758 1534 4828 quicum
1550 4756 1654 4824 egreie
1665 4770 1695 4811 re
1714 4770 1744 4810 es
1756 4754 1798 4810 vi-

164 4825 254 4886 betur.
266 4825 300 4879 Et
312 4832 341 4879 et
354 4828 548 4896 prosperitates
559 4836 854 4888 tuorriinsucccssuum,
866 4825 956 4880 videli-
1006 4831 1117 4885 sitarum
1131 4838 1250 4894 venerat,
1264 4828 1388 4889 decessit,
1406 4843 1478 4882 aimo
1497 4826 1623 4881 videlicet
1638 4769 1718 4888 129³,
1733 4840 1798 4881 curu

165 4895 256 4951 cetde
277 4895 395 4953 hostium
417 4909 525 4952 tucrum
547 4898 719 4967 depressione
741 4897 863 4961 victoria,
887 4913 954 4966 ques

165 4965 261 5024 diebus
272 4965 333 5023 istis
347 4967 374 5022 in
389 4967 514 5023 niaiiibus
525 4967 578 5023 tuis
591 4968 674 5023 divini
686 4967 780 5037 judicii
796 4968 870 5037 virga
890 4983 955 5022 con·

165 5035 255 5102 clusit,
274 5035 302 5091 in
314 5038 529 5094 mansuetudinis
542 5040 637 5109 gratia,
650 5055 710 5108 quae
720 5047 780 5108 post
789 5038 954 5118 triumphum

164 5106 270 5176 regales
283 5115 362 5163 actus
376 5108 500 5174 adornat,
520 5118 545 5164 te
561 5111 639 5164 nobis
661 5121 766 5177 gratum
781 5117 809 5162 et
831 5108 892 5162 aliis
913 5123 954 5162 re·

164 5185 311 5302 presentet
325 5187 483 5259 acceptum,
504 5195 536 5234 ac
556 5180 590 5234 de
611 5179 682 5250 regia
710 5179 873 5248 gratitudine
895 5185 955 5245 post

177 5248 324 5303 elicitatem
348 5263 486 5317 inaJcreiii,
513 5250 601 5313 uobis,
620 5257 647 5303 et
667 5249 796 5304 Ecclesiae
814 5257 954 5301 mansueta

167 5319 297 5389 praesagia
309 5320 490 5388 repromittat,
509 5329 536 5374 et
561 5320 712 5375 siiccessire
728 5334 778 5373 nos
801 5319 895 5373 reddat
921 5318 956 5372 de

168 5397 214 5443 tua
230 5388 387 5444 sinceritate
400 5388 495 5460 majori
506 5387 670 5460 perfectione
684 5404 803 5449 secures,
818 5396 889 5442 etei
903 5387 956 5443 Da-

167 5465 226 5515 tttrii
238 5459 331 5515 liciuae
344 5475 379 5514 xv
392 5459 525 5516 Kalendas
536 5460 692 5515 Deccinhiis
702 5475 746 5513 aii.
762 5458 840 5514 itte.

202 5527 216 5570 ‘¹
242 5527 276 5585 ll.
295 5529 406 5586 Grotius
423 5531 536 5587 dedere
558 5530 617 5585 bell.
631 5540 656 5584 et
670 5546 729 5601 pac.
745 5528 791 5585 lib.
813 5545 854 5594 iii,
869 5546 893 5585 c.
911 5528 954 5596 ib,

168 5597 246 5678 plura
255 5599 289 5653 ad
303 5616 360 5656 rein
372 5601 451 5658 istam
462 5601 588 5657 facientia
602 5598 690 5664 affert,
702 5599 835 5669 precipue
846 5600 872 5656 iii
892 5598 953 5663 tine,

169 5668 215 5724 ubi
239 5667 354 5727 Caesaris
367 5673 447 5729 ici-ba
468 5671 552 5742 Oppio
574 5670 698 5727 Cniiielic
712 5671 840 5726 adhibet:
865 5689 873 5720 i
893 5669 956 5725 llcc

1005 4901 1192 5026 vixlggartatis
1202 4907 1303 4971 ageret.
1314 4900 1393 4955 i‘iuct.
1405 4898 1474 4954 etet.
1485 4897 1578 4955 Austr.
1593 4894 1623 4967 (Ι.
1636 4910 1656 4961 t,
1673 4909 1735 4967 cap.
1746 4892 1796 4962 22,

1004 4987 1021 5041 p
1044 5041 1053 5079 f
1068 4970 1269 5096 biheralitatem
1284 5037 1420 5109 liirdoiplii
1435 5036 1461 5092 in
1476 5031 1798 5116 lienccslsumottccari

1006 5110 1090 5165 tilium
1108 5110 1271 5166 detrimeiuti
1296 5109 1363 5164 iiiiiil
1380 5107 1503 5163 attulisse
1524 5106 1654 5168 victoriae,
1682 5103 1798 5172 epistola

1006 5181 1063 5236 lenc
1078 5188 1105 5236 ct
1117 5196 1233 5249 sequeris
1245 5179 1333 5249 palam
1348 5178 1460 5233 iaciunt.
1485 5175 1602 5231 lioravia
1613 5173 1757 5244 siquidem
1770 5182 1799 5229 et

1006 5251 1134 5305 bohemia
1149 5250 1176 5304 iii
1188 5250 1258 5319 regis
1273 5249 1456 5304 liemariorum
1468 5254 1631 5329 potestatem
1650 5250 1797 5299 venerunt.

1008 5320 1155 5391 Utriusque
1179 5330 1269 5374 autem
1287 5318 1432 5400 provincie
1451 5317 1576 5372 civitates
1587 5330 1643 5371 nou
1653 5314 1688 5369 ad
1707 5312 1798 5395 iricio-

1007 5406 1074 5456 rem‚
1089 5392 1136 5445 sed
1147 5390 1181 5448 acl
1195 5399 1385 5454 cruentiorem,
1405 5386 1640 5456 liberalioremque
1655 5383 1798 5440 dominum

1007 5461 1137 5516 transisse
1148 5460 1295 5515 Bruueiisis
1301 5460 1398 5516 civitas
1412 5457 1490 5513 iidem
1505 5455 1579 5512 lacit.

1044 5532 1109 5585 tibe
1126 5529 1278 5598 hujusmodi
1291 5531 1317 5602 pi
1355 5529 1531 5588 orationihus.
1554 5539 1614 5597 que
1634 5524 1661 5580 iu
1680 5521 1795 5578 Germa-

1007 5600 1051 5725 ιιέιι
1063 5601 1211 5709 petasoque
1229 5601 1319 5658 obtine
1340 5609 1394 5666 aiii,
1406 5608 1447 5657 est
1460 5598 1560 5660 dictum
1572 5611 1653 5668 supra
1668 5594 1699 5667 (l.
1720 5608 1740 5661 r,
1751 5607 1797 5664 cp.

1008 5673 1023 5726 5
1037 5674 1181 5738 1,iiiuot.,.
