3780 6120
108 289 173 349 tait
544 278 574 335 o.
592 276 718 333 canunt
737 274 845 331 usum
864 273 939 332 orr.
959 273 1050 330 raus
1070 272 1101 329 n.
1124 272 1245 332 sacrm
1263 276 1296 333 u.
1699 280 1767 337 ιιιι

107 397 325 458 amentissimum
336 394 463 464 templum
479 391 584 448 liumrni
600 391 712 447 ahavid
725 389 896 446 sanctissimo
908 392 936 453 Α
948 389 1014 444 tiam
1026 388 1149 445 locorum
1160 391 1282 461 quasdam
1298 390 1338 447 ris
1352 407 1435 447 urtam
1447 394 1538 465 possit
1561 393 1675 451 habere
1692 411 1762 451 seto-

107 500 200 549 ratum
211 487 381 559 dispositum,
397 493 424 540 et
441 499 457 538 a
475 482 619 539 &lomatio
637 483 800 545 dedicatum.
819 498 902 551 ange-
951 494 1001 551 per
1017 480 1214 546 constantiam,
1227 481 1290 550 quia
1310 497 1360 538 ntae
1373 483 1500 539 homines
1515 500 1585 539 cum
1599 485 1660 539 sim
1674 494 1761 543 muta·

108 581 198 637 lurum
211 576 335 634 excubiis
349 574 550 644 frequentatum
562 613 569 633 ,
586 572 684 627 diuinis
708 571 825 627 oraculis
838 571 901 625 illu·
952 570 1029 634 biles,
1042 571 1122 626 unius
1131 587 1237 641 semper
1245 574 1396 628 retinentur
1410 575 1574 631 tenacitatis
1589 575 1685 647 rigore
1695 593 1761 634 mn·

109 678 245 734 stratum,
268 664 512 723 sacratissimarum
528 661 748 717 caeremoniarum
764 659 902 729 perpetuis
952 662 1056 725 stricti,
1074 663 1224 731 prasertim
1244 672 1343 718 comet
1354 662 1437 721 ludas
1450 667 1498 738 qui
1512 668 1660 737 quondam
1673 668 1759 726 iuerat

109 758 343 818 observationibus
354 764 544 827 praeparatum,
560 752 631 822 quod
647 752 682 806 ob
702 758 741 804 tot
753 749 902 804 charisma·
952 754 1100 822 apostolus,
1113 755 1283 824 postmodum
1296 756 1409 813 edoctus
1421 767 1463 815 est
1475 768 1607 828 apostata
1619 777 1628 823 ;
1648 770 1679 815 et
1688 761 1758 817 Pau·

110 861 168 907 tom
181 850 294 921 insignia
306 849 340 904 ah
357 847 475 915 antiquis
488 845 609 916 patribus
627 842 716 897 iuerat
732 849 901 904 reiteratum,
953 843 995 899 hrs
1005 846 1050 915 qui
1061 846 1197 914 quondam
1211 845 1298 902 luerat
1310 847 1408 904 Sauro
1421 860 1449 904 et
1460 860 1648 919 persecutor,
1665 860 1757 921 postea

110 941 364 1011 asubscquentihus
384 938 535 1009 quibusque
556 933 677 1006 ejusdem
692 934 799 1003 generis
817 931 903 1001 pessi·
952 934 1064 991 ellectus
1081 944 1122 991 est
1140 937 1235 992 doctor
1256 940 1375 1008 gentium
1397 948 1425 995 et
1438 942 1625 1009 praedicatum
1655 954 1684 997 et
1702 944 1758 1001 loca

111 1033 163 1089 mis
185 1032 293 1102 regibus
313 1029 446 1085 idolorum
469 1026 764 1096 sordilmscarterisqne
779 1023 903 1094 llagitiis,
953 1042 1013 1096 quae
1037 1028 1139 1097 pridem
1168 1028 1276 1084 inerant
1300 1030 1401 1087 divinis
1425 1031 1547 1087 cultibus
1574 1034 1756 1103 mancipata,

111 1124 180 1195 proh
204 1123 294 1178 dolor!
313 1122 494 1191 inquinatum,
511 1128 537 1174 et
552 1118 597 1172 uhi
624 1117 754 1172 hominus
778 1123 905 1170 sanctua-
952 1128 1047 1188 postea
1062 1118 1189 1175 luerinta
1208 1121 1504 1191 gentihusproianata;
1519 1133 1551 1179 et
1564 1125 1693 1195 explosis
1706 1126 1758 1196 ple·

110 1213 180 1267 rium
199 1228 249 1267 seru
261 1230 275 1265 ιι
290 1220 317 1266 ct
332 1212 419 1265 locunt
441 1209 616 1264 habitationis
632 1208 723 1278 gloriae
735 1222 791 1261 sum
805 1204 905 1261 consti·
955 1226 1068 1279 rumque
1082 1210 1317 1278 profanationibus
1331 1214 1390 1267 loca
1403 1230 1464 1283 qua·
1480 1215 1591 1284 impura
1606 1217 1758 1273 credeban·

111 1312 214 1369 tuerat,
237 1303 375 1357 llanasscs
392 1317 439 1354 rex
456 1301 597 1355 duodecim
611 1301 694 1369 sigrrs
710 1298 838 1366 otrrtrique
855 1299 905 1351 nri·
955 1307 1008 1362 tur,
1030 1300 1127 1354 diuinis
1141 1302 1311 1370 ymstmodum
1328 1303 1446 1361 cultibus
1459 1304 1671 1374 mancipentur.
1686 1307 1757 1363 lnso

111 1394 175 1453 litiae
186 1394 246 1451 cccli
261 1409 324 1447 aras
344 1392 439 1446 erexit.
465 1391 528 1444 Post
552 1392 777 1444 restaurationum
797 1406 905 1459 titioque
955 1391 1019 1444 lenti
1032 1399 1160 1460 preterea
1171 1392 1305 1447 desiderio
1317 1403 1372 1450 tarn
1389 1396 1432 1450 isti
1445 1412 1529 1465 msam
1544 1412 1648 1453 corum
1662 1398 1758 1467 prode·

112 1485 153 1538 sui
180 1492 208 1537 ct
233 1481 325 1552 aggai
351 1481 408 1535 sire
432 1479 571 1535 Zachariae
590 1479 759 1548 prophetiam
783 1481 905 1533 camdem
955 1496 1078 1537 cessores
1103 1484 1235 1553 synodum
1256 1484 1378 1540 arnlrirmt
1394 1489 1508 1556 agitare,
1519 1502 1702 1558 eamqaeses
1716 1502 1757 1543 ra·

112 1589 220 1645 quoque
235 1575 373 1627 domnina
399 1571 556 1628 Graecorum
573 1572 680 1639 regibus
695 1573 809 1640 tegruno
822 1572 907 1629 luisse
955 1573 1122 1629 ncrahilihus
1150 1577 1260 1644 synodis
1286 1592 1346 1645 qum
1368 1593 1420 1647 pro
1437 1580 1605 1648 quibusdam
1629 1580 1758 1637 Ecclesiae

112 1661 294 1733 profanatam,
311 1661 678 1730 nccaperpetramlisrchus
693 1661 906 1715 illicitisillarum
956 1663 1119 1719 utilitatibus
1141 1665 1255 1720 diversis
1277 1669 1463 1737 temporibus,
1491 1670 1540 1724 sed
1570 1686 1627 1726 non
1652 1673 1758 1728 diversa

114 1763 223 1808 etatum
242 1753 366 1807 horiones
383 1752 433 1807 loci
449 1752 614 1820 ctrrnpcseuit
639 1752 810 1815 racematio,
839 1766 906 1820 qao·
922 1741 944 1797 ii
958 1754 1032 1808 siden
1043 1755 1143 1809 sanctis
1157 1756 1222 1810 uiris
1234 1758 1340 1825 agitata
1350 1767 1414 1812 sum
1426 1760 1574 1823 associare,
1594 1769 1623 1813 et
1636 1761 1758 1831 septim

115 1861 175 1899 rum
203 1852 306 1899 tuentes
330 1843 525 1897 diabolicarum
555 1842 743 1897 illecebrarum
776 1841 907 1896 iolcetuat
957 1845 1052 1914 synodi
1068 1847 1267 1915 ntrneupatione
1276 1849 1391 1902 censeri.
1405 1849 1471 1903 Nam
1487 1850 1553 1904 dum
1569 1859 1599 1905 et
1614 1850 1656 1905 illi
1668 1861 1698 1906 et
1716 1851 1758 1907 isti

114 1935 227 1993 saeuitia.
245 1933 399 1989 ludaeorum
421 1948 516 2002 nonme
541 1941 656 1987 cauatam
673 1949 733 2001 qum
748 1936 906 1985 tritu-:torum
957 1937 1093 1992 inhaere
1113 1939 1264 2009 importune
1282 1942 1426 1996 credantur
1447 1942 1586 2005 inbiasse,
1608 1959 1701 2013 amate
1720 1943 1757 1999 illi

114 2026 265 2097 insignibus
277 2032 402 2080 carolites
416 2024 507 2092 templi
523 2023 692 2077 solummundo
705 2039 734 2079 sc
756 2024 905 2079 munitione
957 2044 1044 2098 neque
1061 2029 1106 2084 isti
1120 2031 1191 2085 hanc
1205 2033 1239 2086 ad
1255 2046 1312 2086 suae
1328 2032 1485 2087 ambitionis
1508 2030 1642 2088 ellectum
1662 2035 1754 2090 talne·

115 2119 185 2172 tucri
200 2118 421 2181 arbitrabantur,
448 2116 491 2171 his
507 2132 556 2186 per
578 2115 722 2170 dererniam
747 2132 763 2170 a
793 2116 908 2172 ιιοιιιιιιο
957 2121 1187 2188 runtpcrducere.
1203 2119 1349 2190 Cupientes
1366 2137 1431 2191 ergo
1444 2123 1519 2177 illam
1537 2138 1601 2192 qoae
1616 2125 1652 2178 ah
1665 2140 1757 2179 eorum

114 2208 204 2264 uerbis
216 2214 365 2278 arguuntur
379 2224 387 2261 :
403 2205 501 2267 Nolite,
519 2205 618 2276 iuquit,
636 2205 767 2273 confidere
780 2206 808 2259 io
823 2207 906 2260 aeriis
956 2207 1194 2275 prodecessoribus
1208 2210 1314 2265 ineante
1332 2220 1360 2265 et
1372 2212 1521 2267 enormiter
1543 2221 1623 2283 gesta
1636 2223 1680 2270 est
1693 2215 1756 2269 aho-

115 2299 256 2364 aieodacii,
269 2298 383 2352 dimotos
398 2313 407 2351 .·
424 2296 558 2367 Tentplom
573 2294 696 2357 Dortioi,
718 2295 841 2366 termium
855 2296 909 2351 llo·
958 2297 1023 2360 lere,
1037 2307 1064 2352 et
1077 2315 1153 2355 suam
1164 2316 1224 2370 quae
1238 2302 1327 2371 inepte
1342 2311 1370 2356 ct
1381 2303 1477 2357 stolide
1490 2302 1674 2359 nihilomiuus
1685 2312 1756 2374 gesta

90 2398 93 2402 '
116 2392 200 2456 otiari,
215 2389 339 2460 temptum
358 2389 464 2447 ssantioi
479 2397 540 2453 est,
561 2398 589 2443 et
606 2397 703 2443 caetera
720 2388 828 2458 (ierem.
846 2388 906 2459 ιιι).
958 2396 1000 2443 est
1013 2397 1151 2453 statuere,
1167 2392 1324 2463 paradigma
1335 2391 1473 2461 cujusdam
1491 2394 1623 2449 retulere.
1643 2394 1698 2462 Qut
1711 2410 1755 2450 ses

117 2480 146 2535 Si
160 2494 225 2550 ergo
245 2480 279 2534 ad
291 2481 353 2535 novi
366 2480 532 2535 Testamenti
548 2490 668 2552 ternpora
679 2481 829 2546 veniamus,
849 2498 909 2539 eas·
958 2481 1049 2535 attreis
1062 2483 1179 2535 nummis
1190 2483 1335 2552 septimum
1350 2485 1444 2539 solens
1456 2485 1607 2548 associare,
1628 2487 1695 2540 dnm
1708 2487 1754 2540 ad-

23 2604 28 2611 ·
117 2572 177 2628 dero
193 2587 301 2641 aputque
317 2580 472 2629 sanctorum
489 2572 610 2627 locorum
624 2589 639 2627 a
652 2573 743 2641 pravis
755 2573 909 2627 lrominibus
959 2573 1066 2627 mittere
1077 2573 1152 2627 nisus
1164 2583 1206 2629 est
1218 2590 1345 2639 aureum,
1370 2590 1470 2631 arcum
1487 2576 1548 2631 loeo
1559 2578 1639 2631 aurci
1660 2578 1756 2631 dicitur

117 2663 320 2734 profanationes
338 2673 510 2734 perpetratas
532 2664 615 2720 luisse
636 2666 823 2734 reperiemus,
847 2679 909 2723 cura
959 2663 1115 2728 atimisisse;
1125 2665 1231 2733 qooisti
1246 2666 1358 2734 esptrlso
1371 2682 1482 2721 aureum
1495 2668 1589 2721 aureis
1599 2683 1629 2722 se
1640 2668 1755 2737 glorian·

119 2757 243 2812 uidelicet
254 2757 282 2813 in
293 2759 382 2813 crucis
393 2774 458 2827 rupe
473 2760 530 2815 sire
541 2759 568 2813 in
579 2759 638 2813 lotio
650 2758 856 2814 resurrectionis
867 2758 909 2814 rel
960 2763 1004 2809 tur
1018 2756 1181 2821 associasse3
1195 2757 1241 2826 qui
1259 2758 1281 2811 si
1299 2758 1441 2828 diligenter
1458 2759 1604 2812 attremant
1619 2758 1686 2813 duni
1706 2758 1754 2813 nisi

118 2848 200 2903 ctiam
225 2849 253 2903 io
274 2864 356 2919 specu
374 2850 547 2916 betheleem,
569 2850 615 2905 uhi
640 2851 769 2906 llourinus
783 2850 910 2919 parvulus
960 2857 1023 2901 sunt
1037 2847 1096 2902 loco
1115 2849 1177 2903 arci
1191 2850 1313 2919 ingerere
1326 2865 1448 2913 aureum,
1464 2850 1592 2905 intulisse
1609 2853 1755 2906 creduntur

119 2941 213 3009 ragiit,
233 2941 303 2995 idola
325 2941 411 3010 posita
426 2940 536 2997 luisses
550 2942 695 3013 gentilibus
705 2943 908 3010 perhibeantur.
960 2947 1117 3001 stanimnm,
1132 2948 1158 2994 et
1171 2942 1314 3010 septimum
1326 2942 1421 3012 synodi
1437 2958 1582 2997 numerum
1601 2958 1685 3013 quern
1696 2960 1753 3013 pro

118 3030 165 3084 Ait
176 3032 248 3085 enim
266 3033 362 3087 heatus
374 3033 575 3103 hieronymus:
595 3052 604 3083 ι
624 3033 667 3089 ιιι
678 3033 789 3088 Adriani
808 3042 911 3103 tempo-
923 3079 946 3145 c
961 3028 1119 3085 decessores
1129 3046 1223 3085 corum
1233 3046 1308 3086 anea
1325 3032 1428 3101 synodo
1443 3031 1590 3085 roluemnt
1608 3033 1753 3100 complere,

67 3136 70 3141 ·
121 3119 195 3175 rihus
210 3136 296 3190 usque
311 3123 344 3177 ad
355 3123 499 3191 imperium
509 3124 678 3181 Constantini
692 3140 741 3194 per
755 3142 841 3181 annos
855 3128 910 3181 eir·
963 3128 1073 3175 stannea
1096 3120 1139 3175 isti
1155 3121 1329 3177 nihilominus
1341 3123 1444 3191 synodo
1458 3121 1595 3191 applicata
1610 3123 1754 3177 moliuntur

121 3210 190 3266 citer
201 3227 304 3278 ccxxx,
329 3213 356 3267 in
376 3214 435 3268 loco
455 3218 663 3271 resurrectionis
681 3218 854 3272 simulacrum
867 3220 912 3274 Jo—
960 3211 1116 3279 tiiifflliissffl·
1140 3213 1187 3266 ⁸⁰⁴¹
1206 3214 1312 3282 ‘elmi-‘⁵0
1331 3228 1346 3266 ³¹
1363 3212 1472 3281 8‘'liiiffii
1494 3214 1603 3267 ”mimi
1625 3214 1752 3284 missieii‘

121 3301 172 3367 ris,
196 3303 224 3357 iu
240 3304 330 3359 crucis
353 3320 420 3374 ruite
435 3314 525 3360 statua
550 3322 583 3362 ex
607 3322 742 3362 marmore
764 3310 874 3363 l'eocris
896 3324 912 3364 a
961 3324 1071 3363 nummo
1084 3324 1169 3372 arcta,
1185 3308 1280 3363 abacto
1292 3322 1399 3377 quoqne
1417 3315 1545 3371 smnneo,
1570 3306 1622 3361 soli
1637 3315 1752 3362 tanmm-

121 3394 265 3465 gentitibus
281 3397 369 3466 posita
393 3398 542 3461 colebatur,
557 3400 774 3456 existimantibus
787 3418 912 3472 persecu.
961 3397 1040 3451 ruodo
1051 3413 1097 3451 sex
1114 3398 1309 3460 remanebunt,
1329 3413 1397 3466 quos
1411 3404 1439 3451 et
1454 3398 1559 3452 rrumeri
1574 3397 1708 3466 perfectio
1725 3407 1751 3453 et

121 3490 204 3544 horris
218 3491 372 3545 auctoribus
395 3491 466 3561 quod
484 3492 608 3547 tollerent
627 3494 704 3548 nohis
727 3493 807 3548 ficiem
822 3510 912 3549 ipsuis.
961 3487 1049 3557 irrigor
1061 3488 1201 3543 catholicae
1212 3488 1372 3543 eruditionis
1387 3488 1513 3551 illustrat,
1533 3489 1560 3542 in
1576 3490 1677 3558 quihus
1688 3498 1714 3545 et
1726 3489 1751 3543 in

123 3581 252 3635 rectionis
265 3582 399 3648 storacis,
415 3582 438 3636 si
454 3583 511 3637 loca
533 3593 627 3639 saneta
649 3600 699 3654 per
716 3584 787 3640 idola
802 3586 912 3656 polluis-
961 3580 1021 3634 iudei
1034 3581 1151 3648 puritate
1160 3579 1335 3649 purissimum
1344 3595 1440 3634 aurum
1454 3579 1558 3641 rutilat,
1567 3588 1597 3634 et
1607 3580 1634 3633 in
1642 3594 1752 3634 nrtmero

121 3678 192 3724 scot.
207 3670 345 3725 Bethleem
359 3688 430 3726 nunc
449 3680 569 3726 nostram
590 3681 618 3728 et
632 3675 851 3744 augustissimum
865 3692 912 3730 ur·
960 3669 1135 3739 iterfectionis
1155 3669 1240 3740 gloria
1255 3679 1350 3739 regnat
1362 3682 1369 3723 ε
1383 3670 1512 3738 qnoniam
1529 3669 1555 3723 in
1573 3669 1683 3724 senario
1701 3684 1750 3723 nu-

120 3761 164 3816 bis
174 3761 260 3816 loeum
271 3802 279 3820 .
292 3762 326 3816 de
338 3778 391 3832 qno
408 3762 549 3817 Psalrrrista
561 3765 632 3818 canit
646 3780 653 3816 ε
675 3763 775 3819 Veritas
795 3766 827 3820 de
840 3775 910 3819 terro
960 3775 1045 3822 mero,
1063 3759 1109 3827 qui
1124 3759 1216 3828 utique
1234 3758 1370 3828 perlectus
1382 3765 1439 3823 est,
1452 3756 1649 3827 perlectionem
1663 3756 1752 3813 Eccle-

120 3861 178 3905 orto
190 3862 237 3915 est,
257 3853 334 3907 lucus
356 3854 526 3907 irurmhrahat
544 3854 655 3919 Tarona,
670 3855 756 3921 idest,
769 3855 909 3921 Adonidis,
960 3849 1076 3904 siastica
1086 3848 1285 3917 praedicationis
1300 3848 1400 3903 habere
1413 3848 1548 3911 ridentur,
1567 3857 1599 3902 ut
1615 3848 1644 3901 in
1655 3847 1749 3904 trihus.

119 3952 147 3995 ct
160 3942 186 3996 in
209 3957 290 4012 specu
303 3944 348 3998 uhi
371 3944 496 4000 Christus
516 3947 651 4015 quondam
666 3947 793 4016 paruulus
816 3949 908 4017 vagiit,
959 3939 1030 4008 (idoli
1043 3948 1086 3994 esi
1106 3937 1164 4006 titis
1177 3938 1322 3999 medietas.
1343 3946 1443 3993 ⁵³⁰0!ae
1457 3937 1603 3992 Trinitatis
1619 3935 1751 3993 multatio

120 4031 234 4087 Veneris
249 4034 369 4089 amasius
391 4035 577 4106 plangebatur.
600 4058 610 4087 ι
632 4036 661 4091 Si
679 4054 743 4108 crgo
762 4039 911 4095 natiuitatis
958 4031 1120 4097 ittiitssilih
1135 4031 1281 4095 issd¹¹⁰i>ust
1298 4032 1369 4099 quiid
1376 4038 1418 4085 0³²
1430 4028 1489 4098 ejus
1504 4031 1672 4100 militiam,
1686 4030 1750 4084 (1θο-

119 4122 219 4178 Christi
233 4126 322 4181 locutn
334 4127 464 4183 Adonidis
477 4129 553 4182 lucus
568 4131 655 4198 potuit
668 4131 828 4200 inquinare,
844 4132 909 4200 quid
960 4138 1019 4175 iiim
1034 4130 1255 4176 itsifflnesslssfflm
1274 4123 1331 4177 Sile
1346 4122 1461 4176 doomm
1476 4120 1659 4185 altiliorum,
1677 4118 1751 4175 tutet

70 4279 77 4293 .
120 4214 470 4287 rattrumsisanetasynout
483 4220 910 4290 tocunrperrersaeeonrenoonts
960 4213 1045 4268 iccius
1054 4212 1180 4268 videlicet
1192 4221 1220 4267 ct
1230 4212 1396 4281 creationis
1406 4221 1640 4267 mnnusasancta
1657 4219 1686 4266 et
1694 4210 1749 4265 uni

120 4309 198 4363 turlut
212 4309 300 4377 potuit
311 4309 345 4364 ad
357 4325 401 4363 res
415 4310 525 4365 illicitas
537 4313 692 4366 statuendas
707 4313 858 4380 usurparet
876 4312 909 4365 ht
959 4319 990 4359 ca
1014 4305 1145 4360 Trinitate
1169 4318 1329 4359 eoncessum
1355 4303 1499 4367 innuatur;
1528 4318 1613 4372 porro
1635 4305 1661 4358 in
1688 4316 1748 4363 uno

118 4399 141 4453 si
154 4399 284 4454 (irritaris
300 4402 400 4455 montis
418 4401 517 4467 locum,
541 4418 620 4472 quent
634 4403 758 4458 Christus
771 4404 804 4458 ad
820 4405 908 4459 crrrcis
924 4399 1032 4497 „quoti
1044 4406 1085 4452 est
1102 4404 1179 4452 seila
1202 4397 1260 4465 titis
1274 4412 1347 4466 itata,
1371 4396 1429 4450 sive
1440 4395 1542 4450 veteris
1551 4397 1673 4452 hominis
1686 4411 1748 4451 ωπ-

119 4496 250 4557 tropaeum
274 4505 391 4560 pergens
417 4491 534 4561 glorioso
553 4492 620 4546 ealle
640 4492 763 4556 calcarit,
784 4507 798 4546 a
823 4493 908 4561 genti-
959 4490 1035 4551 ditio,
1052 4489 1098 4558 qui
1117 4497 1196 4543 sexto
1215 4489 1258 4543 dic
1271 4487 1402 4544 formatos
1419 4496 1477 4551 est,
1492 4487 1551 4542 sire
1567 4488 1632 4543 nori
1649 4503 1749 4543 assurr-

119 4578 190 4634 lihus
202 4580 318 4648 positum
335 4581 449 4636 Verteris
464 4583 636 4638 sintulacrum
652 4582 772 4648 foedarit,
786 4585 909 4653 quidnti·
957 4579 1025 4649 plia,
1039 4591 1119 4657 ottob}
1133 4593 1183 4646 pro
1195 4578 1280 4633 salute
1294 4578 1385 4632 mundi
1399 4585 1475 4632 sexte
1488 4584 1569 4632 aeittte
1582 4578 1675 4633 §mettii
1690 4576 1748 4632 iiiii

119 4686 179 4724 runt
208 4669 231 4723 si
251 4669 340 4725 locum
364 4687 444 4740 quem
469 4674 606 4741 quondam
628 4683 784 4728 sauctorum
797 4674 907 4728 Patroro
957 4686 1072 4740 persona
1083 4670 1211 4740 suscepit,
1222 4670 1644 4734 euidentissimedemonstratur,
1660 4671 1748 4738 sieque

119 4759 232 4829 insignis
245 4769 352 4815 caterva
368 4760 402 4815 ad
413 4762 492 4815 iidem
504 4763 664 4819 catholicam
677 4763 856 4819 roborandam
867 4765 909 4818 in·
958 4761 987 4815 in
1004 4760 1047 4815 his
1058 4775 1105 4814 sex
1127 4759 1317 4814 sacratissimis
1331 4759 1441 4830 synodis
1451 4766 1479 4813 et
1495 4768 1598 4814 sancta
1611 4759 1747 4814 Trinitatis

118 4851 198 4916 sedit,
215 4853 427 4922 deurenspostea
439 4854 608 4909 sacerdotum
622 4856 765 4911 multitudo
778 4857 812 4910 ad
825 4871 909 4911 noras
958 4844 1116 4918 mysteriali!
1139 4848 1314 4917 piaedicaltitt
1334 4856 1361 4903 el
1388 4848 1502 4903 duorum
1524 4856 1747 4903 testamentum

118 4950 145 4998 ct
155 4940 284 4997 Ecclesia
293 4941 445 4998 contrarias
458 4944 665 5000 constitutiones
682 4944 847 5001 roborandas
862 4960 908 5015 ap
959 4937 1134 4993 consonantia
1145 4937 1186 4993 tei
1200 4936 1353 4991 intellectus
1365 4944 1393 4992 et
1404 4937 1572 5006 operationis
1585 4952 1684 4993 inuans
1699 4938 1745 4991 ha-

118 5038 214 5108 petiit?
231 5037 264 5091 Et
277 5037 300 5090 si
314 5036 403 5090 locum
418 5038 623 5093 resurrectionis
637 5053 717 5107 quem
729 5037 854 5093 Christus
866 5054 909 5095 re-
957 5029 1038 5085 beidi
1054 5038 1081 5084 et
1096 5028 1241 5084 Domini&
1252 5028 1447 5083 i¹¹⁰³i⁰²¹i⁰¹¹i⁸
1466 5042 1518 5096 lim
1529 5028 1648 5082 idithim
1660 5026 1743 5081 ⁸³¹⁰oe

117 5127 252 5195 satagendo
282 5127 472 5198 angelicosque
508 5138 595 5183 caetus
628 5127 787 5182 mortalibus
819 5135 910 5181 osten·
959 5117 1026 5172 litiis
1037 5117 1206 5186 heriwini·
1222 5116 1323 5186 etquia
1337 5115 1403 5170 nihil
1416 5117 1513 5170 il⁰¹⁸¹¹¹¹¹
1534 5115 1690 5177 iiiiS‘iffli·
1706 5128 1744 5167 ’θ’

118 5216 207 5273 dendo
229 5217 341 5281 dicarit,
368 5213 442 5271 toris
464 5216 638 5270 simulacrum
662 5215 824 5284 profanavit,
845 5216 911 5284 quid
958 5206 1028 5261 mliii
1047 5204 1513 5274 ¹¹1¹¹¹¹⁰lilelioeiiffllw'ffliunilii·
1531 5202 1592 5261 ¹⁸¹⁰
1610 5203 1745 5273 l⁰f⁰¹li¹52

119 5307 218 5361 mirum
229 5307 252 5362 si
263 5307 411 5376 imaginum
422 5306 543 5360 adoratio
556 5322 570 5360 a
583 5307 752 5362 dementibus
760 5308 911 5378 quibusque
959 5307 1014 5354 tim
1033 5297 1138 5352 ardenti
1155 5296 1287 5353 desiderio
1303 5312 1381 5351 suam
1403 5297 1535 5367 synodum
1553 5297 1673 5365 antiquis
1688 5310 1744 5365 syn·

120 5394 145 5448 in
159 5399 254 5453 eadem
271 5399 307 5454 sit
321 5406 422 5453 statuta
441 5399 508 5453 urhe
522 5398 661 5468 Bithyniae,
674 5398 702 5451 in
718 5414 772 5466 qua
786 5396 910 5454 Christus
958 5390 1019 5446 odis
1030 5388 1282 5458 tithiunltsstoeiiffl
1305 5387 1433 5443 ssffltiiii
1446 5387 1619 5455 ιιιθιιιιῑᾶθῐῑι
1631 5387 1744 5455 millii

120 5487 418 5555 prideroarencrandis
431 5489 910 5559 prasrtlihnspradicstnsestunins
959 5483 1066 5537 ‘eiiam
1093 5480 1304 5536 Afifflisstsssium
1327 5480 1430 5551 ‘5¹³⁰‘io
1461 5486 1543 5547 *illle
1573 5474 1744 5533 mummii

120 5591 181 5630 cutm
196 5577 278 5634 l’atro
293 5596 353 5635 esse
370 5580 546 5635 substantia?
566 5580 614 5635 llis
635 5580 725 5649 itaque
743 5581 910 5638 tltrcumentis
958 5583 1060 5645 potest,
1077 5571 1204 5643 quoniam
1225 5571 1296 5628 ‘icti
1308 5571 1336 5627 in
1354 5571 1399 5626 iili
1412 5569 1539 5642 iomisit
1552 5567 1687 5626 fflssissiitl
1700 5568 1747 5624 ab·

120 5676 208 5739 potest
226 5672 367 5739 appodiari
382 5673 452 5740 quod
465 5686 519 5727 oon
530 5672 678 5728 metrodoro
691 5670 797 5727 illorum
806 5669 911 5739 iactau-
959 5668 1083 5731 ιιιιιιιιιι,
1100 5665 1137 5720 ita
1148 5665 1176 5721 in
1188 5665 1239 5722 ists
1250 5664 1334 5722 solius
1346 5663 1392 5721 [tei
1406 5662 1525 5721 cultores
1535 5671 1566 5720 et
1577 5664 1636 5720 reri
1652 5663 1744 5751 adort-
