3780 6120
165 287 218 344 203

604 288 633 341 Β.
655 285 780 343 canati
800 286 905 342 ttscn't
925 286 1000 343 ber.
1021 287 1110 343 PARS
1128 288 1148 344 l.
1169 288 1290 346 stello
1308 289 1351 344 ttl.

1752 293 1805 349 ΞΜ

165 402 291 476 peprrlnm
305 403 434 466 existunt,
459 418 507 472 pro
522 418 575 471 qao
591 403 674 457 ileum
690 403 761 468 cmii,
777 404 884 473 pertitus
900 420 958 458 om·
974 413 996 473 Α
1013 405 1202 467 invenerimus,
1215 407 1349 460 veraciter
1361 414 1489 474 taxrqnam
1507 405 1633 462 inimicos
1644 414 1746 463 sanetae
1759 408 1806 464 liei

164 497 380 551 niumlronorum
393 494 560 566 largitorem,
578 495 744 564 rogabimus,
760 496 833 550 vobis
843 495 958 568 illirici„

164 602 187 639 r.
204 585 249 654 qui
260 583 298 656 n]
310 600 360 655 pro
368 584 419 639 boc
432 583 569 655 praecipuo
589 599 621 638 ac
635 584 681 654 pio
696 600 777 654 opere
789 585 826 639 sit
842 586 960 641 retribu-

163 690 214 746 tor,
236 685 270 736 ob
282 687 386 736 tantam
400 680 592 751 benignitatem
604 686 631 731 ct
643 679 863 744 sollicitudinem,
879 694 960 748 quam

162 775 234 830 circa
250 781 370 829 sanctam
392 770 439 827 Dei
459 771 621 826 catholicam
636 779 663 825 et
680 770 855 841 apostolicam
867 771 960 826 Eccle-

162 869 231 922 siam
242 866 283 920 xci
289 863 517 935 ejusiamiliarcm
526 862 559 936 [G
564 873 636 928 reta,
645 862 821 935 peculiarem]
832 863 959 934 populum

162 957 264 1013 traxere
279 954 461 1012 dinoscimini.

198 1046 253 1102 Sed
274 1054 302 1101 ct
317 1046 370 1101 boc
385 1045 411 1098 in
438 1043 504 1115 ipsis
532 1044 631 1099 restris
651 1043 812 1103 relationum
836 1044 960 1115 apicibus

160 1136 361 1201 continemini,
381 1150 430 1206 per
442 1142 549 1190 vestros
560 1135 638 1190 robis
654 1132 738 1190 inisse
753 1134 906 1190 nuntiatum
921 1134 959 1191 le·

162 1235 253 1297 gatos,
275 1226 346 1297 qnod
370 1224 562 1295 aquibusdam
588 1225 715 1297 malignis
736 1235 763 1281 et
788 1225 979 1301 mendacium·

162 1316 379 1390 proterentibus,
413 1317 439 1371 in
464 1316 523 1371 istis
547 1316 669 1386 partibus
693 1316 859 1387 divulgatum
888 1324 960 1371 esset

162 1413 238 1481 «pua,
253 1411 275 1465 si
288 1409 377 1478 aliqua
392 1407 470 1461 nobis
480 1407 628 1461 necessitas
639 1405 778 1469 eveniret,
793 1405 897 1460 nultum
910 1423 960 1461 no-

163 1501 345 1556 bisanxilinm
370 1499 492 1568 praebere
514 1497 654 1553 volueritis
673 1511 697 1551 ¹.
722 1498 759 1553 De
780 1514 834 1569 quo
856 1497 959 1554 nesorio

1011 500 1138 556 Ecclesiae
1151 508 1179 554 et
1189 510 1296 556 nostros
1308 501 1441 571 proprios,
1456 501 1492 555 ita
1503 516 1550 556 eos
1562 504 1714 572 respuimus
1725 514 1807 572 atque

1010 593 1208 663 persequimur,
1221 593 1284 662 quia
1296 594 1381 648 vestri
1393 592 1473 648 amici
1500 602 1601 649 sanctae
1615 593 1663 647 Ilei
1677 593 1807 649 Ecelosiae

1009 693 1037 738 et
1055 684 1142 740 nostri
1167 684 1297 748 existunt,
1311 692 1336 738 et
1360 684 1387 740 bi
1400 684 1447 754 qui
1469 683 1626 740 inimicitias
1648 689 1745 742 contra
1757 701 1807 742 ros

1010 775 1211 839 machinantur,
1224 773 1346 846 prolecto
1356 775 1458 831 inimici
1470 783 1571 832 sanetae
1581 775 1629 831 liei
1640 775 1768 832 Ecclesiae
1779 784 1806 832 et

1010 869 1097 923 nostri
1111 883 1171 923 esse
1186 869 1406 938 comprobantur.

1048 959 1188 1014 Demissis
1201 974 1266 1013 vero
1283 960 1381 1014 restris
1395 974 1427 1014 ae
1442 966 1556 1022 nostris,
1570 959 1634 1028 qnia
1646 960 1680 1016 ad
1701 960 1806 1030 regiam

1011 1050 1103 1104 urbem
1117 1048 1197 1104 simul
1215 1055 1443 1119 properaverunt,
1469 1048 1503 1102 de
1528 1048 1627 1116 quibus
1654 1047 1733 1117 petiit
1755 1060 1806 1101 noa
1852 1033 1855 1036 ’

1010 1147 1100 1194 restra
1114 1139 1242 1209 praeclara
1254 1137 1413 1194 excellentia
1424 1137 1559 1193 sibimeta
1573 1138 1652 1193 nobis
1659 1136 1805 1208 significari

1010 1229 1033 1284 si
1053 1229 1159 1299 quidex
1175 1229 1215 1283 eis
1227 1229 1367 1283 addiscere
1377 1228 1524 1299 potuimus,
1548 1238 1696 1299 cognoscat
1713 1239 1804 1284 restra

1010 1319 1095 1375 abeo
1119 1327 1241 1389 protecta
1264 1318 1406 1373 eximietas
1419 1318 1491 1387 quod
1506 1318 1533 1371 in
1554 1316 1705 1373 hisdiebus
1723 1318 1806 1389 209

1010 1410 1077 1464 nibil
1102 1411 1136 1466 ab
1154 1410 1220 1480 ipsis
1242 1423 1407 1477 cognoscere
1425 1409 1572 1479 potuimus,
1599 1409 1664 1462 ditm
1681 1408 1804 1478 prolecto

1011 1501 1087 1557 robis
1100 1500 1266 1570 incognitum
1288 1515 1342 1554 non
1364 1507 1421 1563 cst,
1442 1499 1514 1567 quod
1535 1507 1656 1569 pectam
1671 1514 1741 1553 sera
1755 1501 1804 1554 bas

163 1595 235 1650 elicto
251 1607 422 1663 nequaquam
436 1591 520 1665 208
539 1590 616 1646 nobis
629 1590 680 1645 luit
692 1599 791 1646 autest
813 1591 958 1658 haesitatio,
1007 1589 1076 1658 juse
1097 1591 1222 1646 hiemalis
1247 1591 1379 1662 temporis
1393 1591 1550 1660 asperitate,
1576 1590 1666 1647 nullos
1693 1591 1728 1647 dc
1752 1593 1806 1651 illis

164 1687 236 1756 qnia,
251 1686 341 1741 divina
354 1683 469 1739 iaciente
482 1682 678 1748 misericordia,
691 1698 818 1754 magnam
831 1683 858 1737 in
871 1684 957 1750 robis,
1010 1685 1132 1755 partibus
1146 1684 1292 1738 adveniens
1311 1683 1389 1738 nobis
1407 1682 1576 1738 annuntiavit
1592 1683 1709 1751 qualiter
1732 1684 1805 1738 circa

162 1787 224 1849 post
235 1778 327 1840 Deum
350 1790 424 1846 spem
439 1783 467 1827 et
481 1773 606 1829 [idneiam
619 1774 766 1837 balneatus,
781 1782 957 1843 agnoscentes
974 1756 995 1819 Β
1010 1791 1057 1831 eos
1070 1783 1176 1845 agatur,
1191 1784 1218 1829 et
1233 1775 1294 1832 ideo
1308 1774 1341 1828 ad
1354 1789 1474 1844 presens
1485 1774 1641 1842 ignoramus
1652 1773 1718 1844 quid
1730 1775 1806 1829 robis

162 1866 252 1937 qnod,
271 1866 327 1921 Deo
342 1863 475 1936 propitio,
488 1862 589 1917 nubum
603 1863 803 1932 dequaennque
815 1873 893 1933 parte
906 1862 958 1917 erit

163 1954 279 2029 lbani..
292 1953 338 2027 sit]
354 1952 577 2023 impedimentum
588 1950 665 2007 robis
678 1951 861 2008 ‹leiensio'ncm
877 1962 958 2023 atque

162 2045 292 2100 auxilinm
312 2051 413 2100 sancta
425 2042 473 2098 Dei
485 2042 614 2099 Ecclesiae
630 2043 672 2098 rel
682 2042 741 2112 ejus
755 2043 897 2114 peculiaris
911 2058 958 2115 po-

162 2137 218 2208 puli
230 2134 410 2206 impertiendi,
423 2133 500 2203 juxta
513 2134 539 2190 id
553 2135 624 2205 quod
641 2136 720 2191 beato
733 2134 813 2192 Petro
824 2135 955 2207 apostolo,

162 2243 212 2299 per
230 2229 316 2283 beata·
338 2227 475 2282 memoriae
507 2228 753 2298 predecessorem,
783 2229 911 2283 domnum
930 2238 957 2285 et

164 2335 321 2391 germanum
354 2329 488 2381 nostrum.
514 2321 549 2376 ob
567 2321 718 2376 remedium
743 2322 840 2377 animm
860 2333 957 2379 restrae

163 2424 191 2469 et
208 2414 314 2470 reniam
340 2413 498 2468 delictorum
527 2423 700 2479 vestrorum,
723 2413 882 2484 pollicentes
895 2431 958 2484 spo·

164 2504 316 2576 pondistis,
350 2498 464 2573 quodin
491 2503 629 2574 perpetuis
642 2504 824 2575 temporibus,
845 2504 958 2561 barutino

164 2606 315 2664 annitente,
336 2596 443 2651 lirinum
467 2612 498 2653 ac
521 2598 661 2652 robustum
687 2598 823 2653 credimus
849 2615 956 2669 perma-

165 2703 240 2743 uere.

199 2779 234 2833 nt
248 2795 321 2844 xero,
335 2779 406 2834 unde
419 2779 497 2834 nobis
506 2778 737 2834 christianissima
756 2790 847 2834 restra
859 2780 958 2835 dssrcxit

164 2871 331 2934 excellentia,
355 2870 427 2940 quod
446 2868 469 2925 si
484 2870 571 2940 quise
584 2869 681 2924 restris
701 2869 864 2924 adversariis
882 2871 895 2910 b
911 2879 958 2924 atrt

165 2961 396 3032 contemptoribus
413 2961 447 3016 ad
460 2975 510 3015 nos
524 2960 639 3024 venerit,
654 2960 728 3014 nullo
749 2960 829 3016 modo
842 2976 902 3015 cum
918 2961 957 3019 eis

165 3071 214 3112 nos
225 3061 272 3110 ant
285 3055 312 3108 in
329 3068 423 3109 eorum
445 3054 574 3129 societate
592 3052 711 3120 misceri,
725 3053 822 3107 absita
838 3054 916 3109 nobis
927 3062 958 3110 nt

165 3143 234 3199 itanc
245 3156 303 3199 rem
317 3141 457 3207 iaciamus,
472 3132 536 3196 dum
550 3140 672 3211 prolecto
687 3143 770 3197 vestri
783 3143 884 3198 inimici
896 3161 957 3198 strn-

166 3244 215 3291 ctre
226 3233 408 3290 betltcclesbe
417 3241 444 3289 et
458 3233 544 3288 nostri
551 3233 687 3298 existunt;
701 3244 866 3305 quapropter
877 3245 959 3291 testa-

166 3337 210 3383 tur
222 3328 342 3391 veritas,
362 3326 426 3396 quia
450 3327 496 3381 ubi
508 3334 616 3381 nestros
632 3327 734 3382 amieos
758 3327 957 3397 agnoverimus,

166 3427 294 3487 tanquam
312 3416 414 3470 amicos
427 3423 454 3470 et
467 3414 559 3470 ildeles
574 3425 675 3472 sancne
692 3417 737 3471 lici
750 3417 877 3472 Ecclesiae
889 3417 959 3472 oble·

166 3517 240 3563 ctare
251 3517 279 3561 et
292 3506 418 3578 amplecti
430 3507 573 3578 cupimus;
594 3517 621 3560 ct
641 3506 687 3562 ubi
701 3515 804 3563 nestros
835 3507 958 3562 inimicos

202 3678 330 3734 stetten.
344 3693 395 3733 ms.
409 3678 570 3734 lambecius
579 3687 607 3735 et
616 3679 774 3735 Gentilotns
783 3693 855 3736 recte
866 3683 959 3754 legunt

165 3750 311 3807 vestirem
331 3766 340 3804 :
360 3749 685 3819 Aquitaniroenimbcllo
703 3752 875 3807 denrrmratnr
897 3754 959 3823 l’ip·

165 3823 244 3892 pinus
267 3822 301 3875 ab
318 3835 390 3875 anno
410 3820 470 3883 too,
500 3821 571 3891 quod
596 3822 676 3891 panlo
701 3833 761 3891 post
783 3825 959 3893 serpentibus

166 3891 324 3963 explicatius
338 3891 479 3947 redditur:
497 3911 506 3942 ι
520 3892 705 3959 agnoscentes
716 3895 787 3963 quod
803 3895 858 3950 Dico
868 3895 959 3964 propi·

166 3965 205 4019 tio
220 3963 322 4017 nnllum
341 3962 374 4018 de
398 3978 559 4033 quincunque
576 3974 653 4031 parte
672 3963 707 4017 sit
735 3966 957 4034 impedimentum

168 4034 243 4089 vobis
264 4030 446 4089 clelerrsionern
459 4041 540 4102 atque
555 4034 686 4088 auxilinm
711 4034 739 4088 S.
759 4035 790 4088 lt.
812 4034 956 4100 licclcsiac,

167 4114 221 4158 etc.
243 4104 353 4158 illesa.
405 4107 408 4110 ⁴

202 4175 216 4214 Β
236 4174 329 4229 Nullus
344 4174 449 4228 ridetur
467 4188 526 4228 esse
541 4171 679 4227 dubitandi
693 4171 767 4227 locus
786 4173 850 4242 quin
869 4172 959 4244 l'ippi-

168 4261 218 4300 nus
230 4245 268 4298 ita
285 4243 424 4313 scripserit
440 4253 501 4312 post
514 4242 663 4297 Tassilonis
675 4240 862 4306 delectionem,
875 4260 956 4314 quam

167 4311 299 4384 superiori
320 4328 390 4368 anno
403 4322 529 4368 auctores
544 4312 722 4379 consignant,
748 4322 809 4399 post
835 4314 956 4369 tlrtcitum

168 4385 341 4439 linemenso.
353 4382 472 4438 Annales
484 4382 612 4437 Francor.
623 4384 656 4437 ad
671 4398 714 4436 an.
728 4383 794 4438 ibi:
806 4402 814 4432 ι
839 4384 956 4454 ‘ippinns

1010 1868 1044 1922 de
1059 1868 1098 1921 cis
1114 1866 1248 1921 veraciter
1261 1864 1455 1936 significemus.

1045 1959 1079 2014 Δι
1097 1973 1160 2014 rem
1170 1958 1203 2013 de
1219 1958 1321 2013 ilarino
1334 1958 1503 2027 presbytero,
1518 1955 1626 2024 scripsit
1636 1955 1715 2020 nobis
1727 1955 1806 2011 Clari·
1825 1959 1828 1963 ’

1009 2051 1172 2105 stinnissima
1194 2049 1352 2105 excellentia
1372 2058 1460 2103 restra
1486 2049 1558 2117 quod
1578 2050 1684 2103 demum
1707 2048 1733 2102 in
1751 2048 1806 2117 pri·

1008 2143 1079 2199 stino
1100 2150 1171 2196 esset
1193 2140 1355 2196 constitutus
1378 2140 1488 2202 lionorc,
1517 2138 1663 2193 secundum
1688 2137 1806 2207 qualiter

1008 2235 1084 2287 robis
1110 2232 1276 2302 postulantes
1303 2229 1459 2292 direximus,
1488 2245 1538 2283 nos
1565 2228 1673 2299 quidem
1707 2233 1804 2283 testem

1008 2324 1091 2378 licum
1101 2322 1272 2392 proterimus,
1285 2321 1357 2391 quod
1370 2336 1420 2391 pro
1430 2321 1501 2375 nulla
1512 2320 1564 2375 alia
1577 2335 1606 2374 re
1618 2334 1666 2389 pro
1681 2335 1715 2374 co
1729 2319 1805 2373 robis

1007 2413 1164 2476 direximus,
1189 2412 1241 2467 nisi
1258 2422 1369 2481 propter
1391 2410 1524 2480 lacrymas
1535 2419 1563 2463 et
1581 2408 1752 2480 quotidianas
1766 2409 1806 2464 la·

1008 2503 1199 2567 mentationes,
1218 2517 1285 2572 quas
1295 2501 1352 2570 ejus
1365 2501 1480 2572 genitrix
1495 2499 1696 2556 cllnnderenon
1706 2510 1803 2562 cessat,

1008 2609 1067 2664 qne
1084 2602 1112 2648 et
1131 2595 1227 2648 orbata
1251 2594 1351 2648 lumine
1372 2593 1474 2664 existit,
1500 2601 1528 2648 et
1551 2592 1611 2648 idco
1632 2593 1709 2648 robis
1731 2593 1804 2647 dire-

1008 2687 1104 2747 ximus,
1122 2692 1152 2738 ιιι
1166 2685 1236 2754 apud
1251 2701 1298 2739 tos
1313 2699 1376 2740 eum
1393 2684 1533 2739 absolvere
1550 2684 1721 2749 debuissetis,
1741 2685 1805 2754 qnia

1008 2775 1073 2829 nillil
1096 2777 1128 2830 de
1150 2775 1275 2830 combis
1297 2773 1348 2828 luit
1363 2783 1410 2829 ant
1434 2784 1486 2840 cst,
1506 2774 1553 2830 scd
1576 2790 1626 2829 nce
1643 2775 1729 2840 nobis,
1753 2774 1805 2829 nisi

1008 2867 1194 2923 tarrtnmmedo
1219 2867 1253 2922 dc
1276 2865 1334 2934 ejus
1356 2867 1450 2936 iniqua
1473 2866 1586 2930 ritalilin,
1605 2880 1687 2936 quam
1711 2875 1806 2923 contra

1008 2967 1129 3014 sanctam
1157 2958 1203 3012 liei
1234 2956 1394 3020 Ecclesiam,
1425 2956 1541 3026 maligna
1568 2963 1650 3026 atque
1677 2970 1806 3026 permma

1010 3055 1098 3103 motus
1127 3047 1249 3109 andacia,
1279 3060 1358 3118 agere
1387 3047 1567 3116 praesumpsit.
1596 3045 1650 3101 Sed
1683 3047 1716 3102 de
1743 3047 1806 3111 boc,

972 3110 994 3171 C
1011 3140 1080 3195 sicut
1091 3154 1140 3208 per
1160 3139 1312 3194 anteriores
1329 3147 1437 3195 nostras
1455 3140 1559 3195 litteras
1580 3139 1748 3196 excellentiae
1760 3155 1809 3194 xe-

1009 3239 1073 3285 stre
1086 3230 1245 3292 direximus,
1264 3229 1292 3283 in
1307 3238 1399 3284 restro
1419 3230 1455 3284 sit
1476 3230 1590 3286 arbitrio
1609 3231 1651 3285 xci
1673 3240 1809 3301 potestate

1008 3321 1118 3391 quidde
1134 3321 1229 3376 eodem
1244 3322 1388 3390 disponere
1411 3320 1560 3376 rolneritis.
1583 3319 1660 3376 Nulla
1674 3322 1754 3377 nobis
1773 3322 1810 3377 de

1009 3429 1042 3468 eo
1054 3421 1180 3485 comest,
1194 3411 1256 3477 nisi,
1269 3421 1299 3467 ut
1310 3411 1494 3482 prediximus,
1510 3411 1626 3481 qualiter
1638 3422 1729 3468 restra
1751 3411 1810 3468 luo

1010 3505 1044 3558 rit
1056 3503 1187 3568 x'oixntas,
1204 3504 1241 3557 ita
1259 3504 1291 3559 de
1304 3517 1337 3558 eo
1349 3503 1493 3572 disponere
1507 3503 1628 3558 debeatis
1644 3502 1670 3557 d.
1690 3508 1723 3558 ttt
1743 3520 1810 3558 rem

1009 3697 1062 3736 non
1075 3681 1101 3735 in
1117 3683 1167 3736 bac
1189 3682 1268 3737 modo
1283 3683 1402 3750 regione,
1417 3684 1463 3736 scd
1475 3691 1502 3738 et
1525 3700 1573 3753 por
1595 3680 1744 3748 Orientem,
1759 3681 1811 3737 Se·

1009 3751 1200 3820 ptentrionem,
1225 3759 1252 3805 et
1278 3751 1431 3809 Occilentis
1455 3753 1559 3823 plagam
1583 3753 1744 3808 incubuit.»
1769 3753 1811 3807 De

1009 3822 1142 3876 horrenda
1160 3823 1211 3876 ista
1228 3821 1317 3877 hicme
1335 3830 1361 3876 ct
1377 3820 1489 3876 Panlnm
1506 3838 1585 3894 agere
1605 3821 1746 3906 perspicue
1763 3837 1811 3877 os·

1010 3893 1121 3946 tendunt
1136 3892 1256 3963 epistolae
1270 3906 1329 3959 egris
1342 3907 1394 3946 non
1418 3909 1510 3963 panem
1532 3908 1653 3955 numero,
1668 3894 1810 3962 inquibus

1009 3963 1136 4017 nonnulla
1151 3964 1252 4017 tuentio
1273 3972 1314 4017 cst
1329 3963 1470 4018 horrendae
1485 3963 1556 4018 illins
1570 3963 1684 4025 bicmis;
1702 3964 1808 4018 necnon

1009 4034 1079 4088 ratio
1095 4033 1152 4102 ipsa
1180 4033 1322 4103 loquendi,
1349 4048 1396 4102 pro
1418 4044 1471 4087 tuot
1496 4051 1564 4088 sono
1586 4034 1666 4105 dirius
1687 4033 1811 4088 tricenalis

1008 4104 1132 4170 receperis
1149 4105 1299 4174 asperitate.
1322 4102 1487 4158 Pneccclenti
1509 4112 1598 4159 autem
1619 4117 1690 4167 anino
1711 4104 1812 4159 missos

1009 4173 1097 4242 regios
1120 4189 1257 4229 unacum
1281 4173 1427 4242 pontificiis
1452 4172 1714 4243 Constantinopolim
1742 4189 1813 4245 pro.

1009 4241 1094 4298 iectos
1110 4259 1169 4299 esse
1188 4258 1237 4313 pro
1258 4259 1396 4299 sacrarum
1418 4245 1566 4314 imaginum
1586 4243 1671 4305 cultu,
1688 4241 1765 4313 plura
1784 4245 1811 4297 in

1008 4313 1194 4382 superioribus
1215 4315 1314 4369 iudicia
1336 4322 1451 4375 exstant,
1469 4315 1514 4369 ubi
1532 4314 1565 4368 dc
1585 4313 1735 4369 orthodoxa
1757 4312 1812 4369 tide

1008 4393 1035 4439 ct
1050 4385 1159 4438 Patrnnt
1174 4385 1316 4440 traditione
1333 4382 1475 4439 asserenda
1492 4391 1602 4447 rescat,
1624 4391 1652 4436 at
1674 4383 1747 4437 nrrila
1765 4399 1814 4440 us·

168 4467 215 4509 rex
239 4453 333 4508 babuit
355 4452 484 4522 placitum
508 4453 535 4506 iu
567 4453 705 4517 liixcrnis,
722 4462 749 4508 et
764 4463 890 4524 quartum
905 4455 957 4510 iter
970 4463 995 4523 Ι)
1009 4470 1090 4525 qnam
1100 4455 1244 4510 officinatio
1256 4462 1330 4510 certa
1344 4455 1473 4519 occurrit,
1484 4460 1664 4524 praeterquam
1676 4452 1728 4509 hoc
1739 4454 1811 4520 loco,

167 4523 270 4578 iaciens
282 4523 308 4577 in
321 4522 504 4592 Aquitaniam,
520 4523 556 4578 ibi
567 4523 689 4579 Tbcssilo
705 4523 759 4580 dux
772 4523 957 4592 bajoariorum
1009 4534 1036 4580 et
1058 4525 1084 4578 in
1112 4524 1237 4595 sequenti
1259 4524 1393 4593 epistola,
1420 4523 1454 4579 de
1482 4539 1535 4593 qua
1563 4539 1624 4577 mox
1650 4520 1814 4580 Anastasius

167 4595 318 4664 postposuit
343 4603 513 4649 sacmmenta
535 4601 562 4648 et
583 4594 673 4649 oxonia
693 4610 755 4664 quas
775 4596 958 4665 pmmiserat,
1010 4604 1113 4650 tanturn
1125 4594 1279 4665 frequentes
1290 4594 1365 4648 Pauli
1378 4594 1527 4664 legationes
1537 4601 1743 4653 commemorat.
1755 4595 1815 4649 nrrl·

167 4677 194 4720 et
207 4680 256 4736 per
267 4665 367 4720 errulum
380 4664 517 4747 ingenium
530 4679 559 4719 se
573 4664 634 4719 inde
644 4665 760 4728 seduxit,
773 4666 863 4720 onrnia
875 4668 958 4721 bene·
1010 4667 1034 4721 lo
1050 4665 1156 4734 l‘ippini
1180 4667 1318 4727 intentione
1333 4665 1405 4719 sacta
1419 4681 1426 4730 ;
1453 4673 1480 4719 et
1503 4663 1601 4734 Pagius
1622 4670 1699 4717 notat
1713 4664 1815 4719 inultas

168 4738 240 4792 lacta
263 4751 323 4804 quas
349 4734 479 4810 Pippnms
499 4751 546 4790 rex
573 4735 722 4791 arrrneulus
738 4735 797 4805 r-jrrs
816 4737 840 4790 ei
874 4735 958 4798 lecit,
1010 4737 1082 4792 inter
1097 4735 1286 4804 imperatorem
1309 4743 1336 4788 et
1351 4734 1472 4790 Francis
1494 4749 1583 4806 regem
1599 4733 1747 4803 legationes
1761 4734 1814 4789 hnc

168 4807 339 4878 postposuit,
354 4821 403 4876 per
425 4806 531 4875 ingenia
551 4805 719 4861 iraudulentn
734 4822 763 4860 se
778 4807 960 4863 subtrahendo
1011 4816 1132 4876 ternpore
1154 4806 1179 4858 in
1199 4805 1342 4859 orrrraliltns
1360 4806 1525 4859 nientorari:
1547 4812 1576 4858 at
1591 4801 1738 4873 pontificiae
1760 4804 1815 4859 iilis

169 4876 320 4946 bajoariam
331 4877 423 4947 petiit,
441 4885 469 4930 et
483 4891 615 4945 nnsqnam
628 4877 743 4944 amplius
757 4875 853 4931 laeirm
867 4893 961 4947 supra·
1010 4876 1108 4932 ariditas
1127 4875 1280 4930 nullatenus
1299 4876 1430 4929 nremittit.
1448 4875 1488 4930 lo.

169 4949 234 5003 dicti
245 4949 315 5020 regis
333 4948 424 5003 videre
440 4947 533 5002 voluit.
546 4968 555 4999 ι
574 4945 672 5004 medem
682 4947 712 5001 P.
741 4949 781 5002 ius
797 4944 870 5017 (lea,
885 4965 912 5002 n.
932 4948 960 5017 t)
1045 4945 1058 4985 d
1076 4945 1144 5000 llinc
1158 4955 1232 5000 cerui
1247 4953 1364 5008 constat,
1378 4945 1446 4999 alias
1457 4945 1489 5000 de
1505 4945 1556 5000 hac
1570 4958 1599 4998 re
1614 4942 1720 4999 litteras
1732 4943 1817 5001 datas

169 5019 252 5075 relect
269 5035 302 5074 ex
325 5017 466 5074 durratisu
483 5017 613 5078 lictcasi,
631 4962 835 5073 aliosffirudarrs
851 5018 962 5073 arrrtales
1011 5032 1071 5072 esse
1083 5017 1117 5071 ad
1137 5015 1278 5086 Pippinum
1302 5015 1445 5070 abeodem
1468 5014 1571 5071 Paulo:
1588 5022 1616 5070 at
1638 5012 1692 5069 itte
1710 5029 1818 5084 nequa-

169 5091 240 5145 idem
256 5088 465 5154 confirmantes,
485 5089 607 5159 sequenti
621 5089 692 5143 enim
707 5089 820 5159 epistola
837 5089 962 5143 eumdem
1012 5103 1092 5158 qnam
1117 5095 1234 5140 exstant.
1261 5085 1379 5155 Epistola
1402 5085 1536 5153 siquidem
1558 5084 1599 5148 16,
1619 5083 1655 5141 al.
1677 5081 1723 5149 25,
1742 5100 1819 5141 anno

171 5161 338 5218 Tassiloncm
361 5160 520 5230 peonitentia
545 5157 655 5212 tinctum
676 5176 708 5213 nc
724 5160 812 5213 redire
838 5168 961 5214 arentem
1011 5157 1073 5222 737,
1100 5156 1215 5227 Pippino
1239 5171 1341 5210 morem
1370 5171 1467 5225 gerens
1492 5154 1623 5211 cardinal.
1651 5154 1696 5208 tit.
1725 5154 1818 5210 sancd

169 5233 197 5288 in
209 5230 334 5287 arrrncnli
354 5230 469 5301 gratiam
481 5230 518 5284 ita
532 5230 588 5298 regi
603 5230 784 5292 eomnremlat,
811 5239 841 5284 ut
858 5231 963 5283 iteratis
1012 5228 1066 5282 Cbr
1078 5228 1179 5297 'sogrtai
1198 5226 1330 5280 ilorinum
1348 5233 1506 5290 crearernt;
1525 5224 1649 5294 sequenti
1667 5239 1740 5279 anuo
1752 5240 1819 5294 pcn-

170 5304 296 5372 prccilms
311 5302 412 5357 sessum
426 5317 455 5355 sc
467 5301 493 5355 id
508 5300 604 5354 iecisse
620 5300 762 5371 signiticet,
777 5300 930 5356 xrtrllatcnus
947 5316 963 5354 a
1013 5244 1129 5420 ⁶¹¹P⁰h⁰¹¹¹
1140 5298 1227 5379 nillum
1250 5312 1311 5420 effe
1330 5297 1452 5420 piraticos,
1475 5297 1637 5421 episcopatu:¹
1651 5293 1680 5349 in
1699 5293 1820 5355 Francia

172 5371 573 5500 n{mlligrlrtilgbuzarl‘iggerrenlffgc
584 5370 667 5496 1ιιίιιιιο
686 5441 731 5495 alii
751 5440 891 5497 annalistae
913 5440 965 5496 col
1013 5365 1615 5509 beflirilr)tiul2cu(·}lbrisjs'edmbxsgrimaiilerlrb'rffis
1632 5372 1820 5504 effingi&

172 5511 270 5576 locoru,
285 5515 329 5568 alii
344 5514 487 5584 superiori,
510 5529 571 5568 cum
587 5512 701 5569 laudatis
718 5511 814 5567 Αιιιιιι.
834 5512 963 5567 Francor.
1014 5518 1109 5578 coptos,
1125 5509 1246 5578 adeoque
1259 5516 1329 5573 orat,
1343 5517 1373 5563 ut
1392 5521 1454 5561 cum
1477 5508 1599 5562 remittat
1618 5504 1736 5561 liomum
1750 5504 1820 5567 uuili

171 5582 287 5637 Carusam
301 5582 378 5638 affert
390 5585 488 5655 Pagina
502 5585 557 5656 (art.
575 5583 637 5645 ¹165,
649 5600 676 5638 u.
701 5584 729 5655 ὃ)
748 5600 782 5639 ex
802 5583 965 5653 'ilreopbane
1015 5579 1061 5633 alii
1080 5578 1186 5634 crimini
1210 5578 1367 5642 obnoxium,
1391 5593 1473 5647 qua-m
1501 5577 1620 5647 per-lidiae
1647 5575 1675 5630 in
1692 5585 1820 5635 mactum

172 5653 205 5707 ad
224 5668 269 5704 an.
296 5653 330 5707 25
357 5653 525 5710 Constantini
553 5669 560 5707 ε
589 5674 597 5703 ι
626 5655 726 5711 liudem
753 5654 855 5724 pariter
882 5666 964 5715 anno,
1016 5648 1118 5714 sedem,
1148 5648 1261 5706 arbitrio
1287 5647 1346 5718 ejus
1370 5648 1547 5704 nibilominus
1572 5647 1715 5704 remittens
1737 5646 1816 5717 quid·

173 5723 273 5778 tuettsis
287 5723 381 5777 tietob.
392 5726 512 5791 exordio,
527 5723 611 5791 frigus
627 5728 720 5795 ingens
741 5736 764 5778 et
787 5723 965 5794 asperrimum
1017 5720 1080 5789 qnid
1103 5721 1135 5775 de
1161 5721 1256 5776 coelem
1282 5719 1386 5776 biariuo
1410 5717 1583 5774 statuentium
1607 5723 1729 5774 censeat.
1753 5718 1821 5785 nrm
