3780 6120
33 243 42 264 ο
81 282 134 342 ffii
173 279 253 338 cub.
274 277 359 333 utro.
374 308 410 319 -
430 276 576 346 notuit,
595 278 683 351 liic,
704 279 771 338 SEU
787 281 902 339 couti
920 281 1126 343 cauoltrttts.
1142 314 1178 324 -
1196 283 1271 339 EPP.
1292 285 1442 341 autistiti.
1462 319 1497 327 —
1516 287 1635 347 bonit.
1673 292 1730 351 262

81 396 235 453 tensionem
258 393 390 465 perlicere
406 391 534 460 joireans,
550 401 580 446 ut
596 393 742 462 perfectam
756 408 880 451 remune-
895 401 918 457 Α
931 394 1013 461 Petri,
1037 397 1217 466 apostolorum
1240 398 1390 468 principis,
1415 383 1596 456 anathematis
1619 402 1728 460 viuculo

81 491 218 545 rationem
232 485 328 555 ajusto
337 483 428 552 jndice
440 485 494 539 lieo
508 493 613 550 nostro,
631 487 815 542 intercedente
824 486 882 556 ejus

80 580 207 653 principe
217 576 414 647 apostolorum,
433 576 512 631 beato
524 575 615 642 Petro,
627 576 814 646 suscipiatisr.

119 670 287 726 Ριωιιιιιιιιι
308 669 399 737 itaque
422 675 542 722 nostram
561 667 778 722 exhortationem
802 675 884 737 atque

82 761 292 832 adjurationem,
316 760 344 814 in
365 757 535 813 confessione
560 759 631 813 beati
654 757 725 813 Petri
742 769 881 829 ponentes,

83 862 111 909 et
126 852 292 909 sacrificium
315 865 396 920 super
409 864 469 904 eum
484 857 566 917 atque
590 849 694 905 hostias
716 849 770 904 lieo
788 859 883 905 nostro

84 943 243 1009 offerentes,
257 943 334 997 robis
351 956 413 996 cum
434 940 562 1011 lacrymis
575 955 609 996 ex
622 940 715 996 cadem
729 956 805 996 sacra
818 957 884 996 con-

82 1041 205 1097 fessione
229 1037 392 1103 direximus
410 1043 438 1091 ct
453 1037 477 1092 si
491 1036 562 1106 quis,
581 1037 654 1108 quod
675 1051 728 1092 non
747 1046 881 1106 optamus,

81 1139 180 1186 contra
206 1126 361 1197 hujusmodi
377 1136 476 1182 nostrae
495 1125 672 1196 adjurationis
690 1126 788 1182 seriem
803 1142 883 1197 agere

82 1219 298 1290 praesumpserit,
315 1220 383 1274 sciat
401 1233 432 1273 se
444 1219 606 1274 auctoritate
617 1218 709 1273 donini
735 1218 786 1274 mei
809 1217 881 1274 beati

118 1353 274 1409 ·Carolom
300 1354 328 1408 in
355 1360 469 1408 matrem
494 1367 571 1407 suam
602 1352 753 1408 reverentia
779 1360 881 1407 motum

81 1424 275 1493 posthabuisse
296 1424 366 1478 hanc
388 1422 518 1492 Stephani
535 1422 756 1485 admonitionem,
771 1423 826 1477 imo
842 1432 882 1477 tot

82 1495 220 1562 capitibus
233 1494 404 1548 metuendam
413 1492 638 1558 dehortationem,
652 1500 681 1547 ut
693 1492 760 1547 mihi
772 1507 882 1562 persua-

82 1563 167 1618 deant
177 1563 343 1619 recentiores
357 1563 517 1631 scriptores;
532 1563 688 1632 peruenisse
706 1577 766 1616 earn
784 1562 817 1616 ad
831 1564 882 1618 tla-

83 1632 135 1686 roli
149 1648 246 1688 manus
260 1641 323 1688 ante
337 1631 488 1702 eonjugium
501 1633 688 1689 demonstrent
699 1647 810 1687 necesse
828 1641 880 1688 est.

83 1701 288 1784 Papehroehius
303 1703 330 1758 iu
346 1703 405 1758 vita
420 1703 590 1774 hildegardis
614 1703 661 1764 ait,
675 1702 814 1757 Desiderio
837 1719 881 1757 re-

934 503 994 543 cssc
1009 489 1174 556 innodatum,
1190 501 1243 545 cta
1262 506 1344 561 reguo
1362 491 1409 546 liei
1426 493 1554 559 alienum,
1573 503 1654 565 atque
1666 512 1728 552 enm

934 578 1041 635 diabolo
1052 590 1079 636 et
1089 581 1147 650 eJos
1161 582 1338 638 atrocissimis
1348 583 1464 656 pompis,
1477 593 1505 639 et
1520 586 1626 641 catenis
1638 587 1729 658 impiis

934 668 1044 724 aeternis
1071 670 1203 726 incendiis
1227 673 1471 738 concremandum,
1499 675 1668 745 deputatum.
1693 677 1730 734 tu

934 775 998 815 rcro
1011 762 1056 830 qni
1075 763 1233 817 obseruator
1248 772 1274 818 ct
1287 774 1378 820 costos
1397 765 1475 821 istius
1489 778 1589 824 nostrae
1601 771 1730 825 exhorta·

934 851 1016 907 tionis
1035 851 1178 917 exstiterit,
1205 853 1360 908 coelestibus
1384 854 1617 914 benedictionibus
1636 874 1652 913 a
1675 859 1728 915 lio·

934 945 1007 997 mino
1022 944 1089 999 ‘lieo
1113 952 1206 1000 nostro
1233 944 1399 1011 iliustratus,
1425 948 1534 1002 aeternis
1556 949 1729 1017 premiorum

933 1035 1047 1103 gaudiis,
1068 1050 1130 1090 cum
1148 1036 1273 1091 omnihus
1292 1038 1394 1093 sanctis
1411 1046 1438 1092 ct
1456 1038 1550 1094 electis
1567 1039 1624 1106 lici,
1643 1040 1729 1110 parti·

933 1140 997 1194 ceps
1021 1124 1089 1181 effici
1106 1138 1241 1202 mereatur
1255 1130 1279 1182 b.
1295 1126 1458 1184 incolomem
1473 1129 1661 1185 excellentiam
1680 1146 1729 1184 rc·

933 1225 1018 1272 stram
1035 1219 1121 1287 gratia
1137 1234 1253 1288 superna
1271 1219 1416 1275 custodiat.

933 1367 1004 1406 anno
1018 1351 1078 1413 itt,
1106 1353 1131 1406 in
1146 1350 1222 1421 crrjus
1232 1353 1304 1406 exito
1318 1350 1507 1422 llildegardem
1522 1353 1608 1407 duxit.
1632 1351 1728 1408 liunus

934 1422 1015 1492 igitur
1030 1423 1088 1476 lieri
1110 1424 1207 1491 potuit,
1224 1431 1253 1474 nt
1265 1424 1366 1490 absque
1379 1422 1523 1490 pontiliciae
1536 1423 1729 1482 admonitionis

933 1501 1087 1562 contemptu
1106 1493 1206 1562 neptim
1226 1492 1278 1548 ilie
1294 1492 1402 1546 inutiles
1423 1490 1501 1547 iactae
1517 1492 1593 1546 sinti
1615 1491 1647 1547 l.
1661 1490 1727 1562 Pag.

934 1562 1247 1688 (Ἄξιῐὲιῖιῖἐῖιίῃιιιξιέιίιιιι
1261 1641 1303 1689 est
1317 1631 1428 1702 aliquid.
1450 1632 1622 1689 llonumcnta
1637 1640 1730 1688 retera

934 1718 987 1758 non
1000 1704 1096 1759 desunt
1110 1719 1124 1756 a
1137 1703 1213 1759 laicis
1224 1705 1305 1758 etiam
1317 1703 1484 1773 principibus
1499 1701 1571 1759 iacta
1583 1720 1644 1760 curn
1656 1702 1729 1760 chru-

81 1787 197 1828 mimam
218 1788 279 1829 esse
304 1773 389 1828 liliam
412 1789 489 1828 snam
503 1771 628 1828 aCaroio
657 1773 797 1839 intactam,
825 1788 883 1843 seq.
901 1775 1003 1844 geniis
1016 1773 1068 1829 ista
1081 1773 1337 1830 uehementioribus.

1380 1943 1722 1960 mun-*-

543 2058 627 2137 ρει
651 2061 704 2121 uu
739 2059 908 2121 nontam
930 2059 1034 2120 xurx
1057 2053 1263 2117 urrsroms

597 2236 979 2317 COMMENTATIO
1008 2233 1220 2314 PRAEVlA.

745 2429 1061 2448 μ...-

118 2522 881 2600 l.Qtreduaeresmaximeattendendascrantinpontilr-
935 2521 1018 2594 (linc.
1043 2519 1108 2576 ltol.
1135 2530 1200 2576 tom.
1219 2519 1310 2592 l,par.
1328 2538 1355 2583 ιι,
1380 2537 1440 2593 pag.
1470 2523 1526 2597 38).
1554 2525 1621 2581 Nam
1636 2531 1731 2590 statim

79 2605 132 2662 ciis
143 2603 247 2658 hisces
267 2597 365 2661 istolis,
383 2611 487 2651 somma
502 2593 614 2648 libertas
631 2592 810 2649 ordinationis
828 2593 882 2648 llo-
933 2601 994 2664 post
1013 2591 1151 2646 decretum
1169 2591 1309 2647 electionis
1322 2591 1516 2662 aliquantulum
1527 2598 1633 2652 varium
1649 2600 1684 2656 ah
1696 2617 1732 2657 co

80 2674 156 2730 unani
170 2616 318 2744 pontilicis,
339 2675 367 2722 et
381 2665 529 2721 dominatio
547 2663 633 2718 libera
650 2671 751 2718 sancte
769 2663 841 2719 sedis
853 2664 880 2718 in
933 2663 1006 2733 quod
1018 2668 1106 2717 exstat
1126 2662 1153 2715 iu
1172 2661 1284 2726 Diurno,
1304 2671 1330 2716 ct
1348 2661 1504 2717 solaecismis
1517 2678 1567 2734 pro
1587 2667 1630 2722 illa
1648 2679 1731 2729 aetate

81 2738 394 2803 llrbeete'usducato,
418 2751 452 2790 ex
469 2736 608 2803 hucusque
627 2732 717 2787 allatis
731 2734 880 2804 perspicue
933 2741 1048 2807 scatens,
1077 2733 1134 2787 hec
1163 2744 1314 2800 sequuntur
1334 2749 1370 2782 :c
1399 2731 1515 2803 Explicit
1540 2735 1646 2793 electio.
1669 2741 1731 2812 lpse

81 2822 156 2878 sucat,
171 2812 200 2867 ni
235 2809 313 2864 allon.
331 2807 458 2861 Attamen
480 2804 670 2859 luculentiores
693 2804 794 2858 eaedem
815 2802 881 2857 ssent
932 2804 1014 2858 ctiam
1034 2816 1095 2856 ren.
1111 2801 1246 2856 Adrianus
1265 2801 1293 2855 iu
1307 2802 1384 2857 initio
1400 2803 1578 2860 ordinationis
1589 2822 1645 2864 suae
1658 2811 1728 2867 indi·

80 2901 115 2939 cx
128 2885 164 2938 iis
175 2898 237 2952 quse
248 2879 375 2947 deinceps
389 2874 545 2931 adorentur.
560 2874 695 2929 Preterea
707 2888 783 2928 noros
799 2872 880 2928 ditio-
932 2874 1022 2927 culum
1036 2881 1116 2928 recte
1130 2870 1191 2927 iidci
1204 2870 1358 2941 hujusmodi
1375 2875 1545 2995 composuit:
1562 2877 1617 2947 Ego
1633 2879 1728 2937 Adria-

82 2956 134 3019 nis,
158 2968 206 3008 scu
227 2949 397 3006 Euarchatus
417 2954 445 3001 et
465 2945 658 3015 Pentapoleos,
679 2941 756 3011 cnjus
772 2943 879 2998 iulirma
933 2959 992 3006 nos,
1009 2950 1074 3007 etc,
1097 2962 1106 2995 ι
1126 2943 1195 2997 utin
1215 2943 1325 2998 liiurno.
1344 2942 1435 2998 iudico
1447 2959 1499 2997 um
1511 2960 1575 3001 roro
1590 2951 1730 3020 excipiunt

82 3038 191 3093 semper
211 3020 262 3077 suit
288 3033 448 3089 semperque
473 3016 630 3071 meticulosa
655 3013 790 3083 possessio
816 3010 916 3072 antec
931 3013 1063 3084 protessio
1079 3012 1409 3085 lidciscriptismandata,
1427 3021 1454 3068 et
1469 3014 1520 3068 alia
1529 3018 1726 3085 protessio'seu

83 3103 195 3151 exactos
208 3106 288 3163 reges
297 3087 500 3158 Langobardos,
515 3095 571 3141 tum
584 3085 671 3140 ualido
685 3100 717 3139 ae
732 3084 823 3139 stabili
839 3085 881 3139 ni·
932 3084 1087 3154 alloquium,
1103 3098 1163 3153 qnae
1176 3091 1203 3138 ct
1220 3085 1284 3155 ipsc
1299 3099 1360 3138 cum
1372 3084 1503 3140 varietate
1520 3088 1610 3159 aliqua
1629 3091 1727 3149 haheo·

84 3165 165 3219 teritis
181 3163 368 3222 lundarueuto,
392 3166 448 3212 tum
471 3157 622 3228 ingentibus
637 3154 777 3211 hincinde
795 3163 881 3211 aucte
931 3163 975 3208 tur
990 3171 1015 3209 m
1036 3154 1157 3219 liiuruo;
1175 3168 1237 3207 narn
1252 3168 1301 3225 per
1319 3163 1404 3209 totum
1424 3164 1550 3210 octauum
1572 3174 1727 3232 nonumque

83 3232 259 3291 incrementis
282 3237 455 3285 mortumenta
476 3232 550 3282 certa
570 3225 715 3296 spectanda
737 3225 880 3280 restantia
930 3226 1059 3280 seculum
1078 3233 1105 3280 et
1130 3225 1267 3294 sequentis
1292 3234 1396 3295 partem
1416 3225 1601 3283 obtinuerunt.
1629 3231 1727 3301 liujus-

84 3304 195 3360 Adriani
216 3300 340 3372 epistolis
364 3314 425 3370 quac
452 3314 513 3353 rnox
549 3306 704 3367 sequentur.
728 3295 768 3350 Ex
786 3310 881 3350 eanum
930 3296 1002 3351 modi
1032 3294 1167 3351 ordinatio
1187 3294 1271 3350 libera
1291 3295 1374 3350 rrroris
1397 3294 1448 3350 suit
1464 3304 1563 3352 sanctas
1585 3299 1642 3354 sedi
1665 3313 1726 3384 post

84 3389 190 3445 quoque
212 3370 426 3442 nonnuliisqcp.
451 3369 499 3435 to,
516 3366 560 3432 78,
582 3367 633 3432 88,
652 3367 688 3421 al.
706 3365 808 3431 Abii,
824 3365 879 3438 97)
929 3365 1089 3436 Gregorium
1116 3364 1149 3418 lll
1179 3365 1205 3419 in
1228 3366 1439 3431 successorihus,
1469 3381 1537 3436 quos
1556 3384 1679 3425 recensui
1698 3374 1725 3430 iu

85 3441 253 3500 collectionis
266 3457 410 3503 carrocium,
423 3456 476 3509 qua
490 3438 528 3493 nti
542 3439 624 3508 eoepit
639 3446 732 3492 saneta
745 3436 823 3491 sedes
836 3453 881 3491 oc·
930 3437 1033 3491 monito
1053 3434 1086 3488 ad
1104 3433 1231 3503 epistolas
1255 3434 1432 3507 psendopapae
1449 3436 1634 3504 Constantini,
1659 3441 1726 3498 Leo·
1803 3499 1807 3508 ,

85 3522 142 3568 nuo
164 3512 266 3568 smenlo
282 3526 296 3564 a
314 3510 475 3581 Dionysiana
498 3510 620 3572 diverse,
633 3507 731 3562 clarior
745 3522 826 3577 quam
845 3522 880 3561 ex
929 3507 972 3560 nis
984 3505 1016 3560 lil
1030 3503 1227 3560 ordinationem
1244 3505 1316 3561 haud
1333 3507 1551 3576 pretermittens,
1573 3525 1654 3580 quam
1674 3513 1726 3569 ltu-

85 3584 224 3641 lachariae
249 3581 379 3636 decretali
396 3580 508 3649 epistola
522 3580 580 3659 (ep.
599 3579 634 3640 3,
662 3577 741 3702 alb)
761 3577 880 3645 cognitio
926 3574 1044 3645 jusmodi
1064 3574 1146 3630 luisse
1168 3574 1270 3630 nullum
1285 3576 1406 3631 dubium·
1422 3577 1463 3631 An
1477 3578 1624 3648 quidquam
1639 3592 1725 3641 muta·

85 3662 217 3726 suppetet.
239 3652 370 3720 lienique,
391 3651 461 3720 qnod
478 3664 611 3720 praectpue
637 3655 718 3717 optan
739 3663 784 3700 nm
807 3654 876 3711 erat,
930 3655 987 3700 tum
1007 3645 1097 3709 tuerit,
1121 3654 1262 3716 postquam
1277 3662 1291 3699 a
1304 3645 1395 3702 Leone
1416 3647 1474 3717 ipso
1494 3650 1726 3724 coronamimpe-

85 3722 279 3793 qurestiouibus
295 3718 351 3776 iere
370 3720 520 3775 innumeris
542 3719 710 3773 eruditorum
734 3715 817 3786 elapsi
839 3717 880 3772 ia·
929 3717 1023 3771 rialcm
1035 3714 1148 3770 Carolus
1160 3727 1300 3772 assecutus
1312 3715 1371 3778 luit,
1392 3717 1584 3788 explorandum
1599 3721 1725 3791 esscjam

85 3793 224 3876 beatisque
243 3790 333 3847 secoli
357 3790 492 3860 precipue
510 3788 640 3842 adversus
659 3786 775 3856 diploma
791 3785 880 3842 Ludo·
929 3786 995 3849 dixi,
1024 3785 1069 3839 nbi
1094 3785 1127 3839 de
1146 3786 1291 3855 diplomate
1312 3787 1439 3842 Ludorici
1462 3786 1502 3843 Pii
1527 3806 1617 3845 sermo
1642 3793 1722 3849 iusti-

84 3866 130 3921 tici
149 3864 203 3928 Pit,
223 3862 320 3917 rttodus
337 3861 434 3930 aliquis
459 3859 595 3914 afferetur.
613 3858 650 3911 Ea
670 3865 781 3927 propter
804 3866 880 3913 aute·
930 3864 1030 3910 tuetur.

84 3950 161 4006 quarn
184 3935 220 3990 de
231 3932 353 4002 epistolis
374 3931 479 3999 loquor,
496 3928 617 3984 rrornrtihil
633 3927 721 3982 dicam
735 3928 767 3982 de
785 3942 880 3983 eonse-
963 3926 1005 3981 lll.
1023 3926 1073 3981 llic
1085 3942 1149 3981 rcro
1164 3925 1271 3982 silentio
1283 3926 1422 3995 praeterire
1434 3941 1486 3980 non
1501 3928 1585 3987 deltco
1602 3930 1723 4000 ejusdcm

84 4005 205 4061 eratione
219 4002 331 4058 borciani
339 4000 493 4071 ptrntibeis,
506 4000 538 4054 de
555 3997 673 4053 dominio
694 3997 773 4053 Urbis
784 4007 810 4051 et
826 3998 879 4051 llo-
929 4005 1033 4052 naturae
1045 4012 1105 4052 esse
1125 4004 1327 4053 rnonnmentum
1354 3995 1425 4049 unde
1445 3995 1556 4052 Adriani
1576 4002 1724 4060 ordinatio-

84 4074 293 4139 tnaniducatus,
312 4073 345 4128 de
368 4074 534 4128 incremento
548 4067 739 4126 ecclesiastice
757 4068 876 4133 ditionis,
929 4082 990 4121 nem
1010 4067 1142 4138 decerpsi,
1163 4083 1195 4122 ae
1208 4067 1366 4137 opusculum
1389 4065 1454 4123 itini
1471 4065 1584 4124 loannis
1606 4072 1723 4141 diaconi,

85 4143 475 4204 acdeeoliectionccanonum
490 4140 621 4203 llonrana,
644 4140 879 4208 adrcrsuspurei·
928 4138 1001 4261 quod
1026 4139 1243 4193 consmcinatum
1267 4137 1371 4192 aiebam
1394 4153 1426 4191 ex
1449 4139 1533 4194 variis
1555 4141 1726 4213 antiquitatis

85 4229 148 4286 psas
160 4228 329 4285 nuperorum
348 4212 451 4282 aliquot
468 4213 628 4282 scriptorum
644 4208 794 4281 opiniones
811 4225 879 4278 quas
941 4208 1061 4263 rustulis.
1084 4208 1149 4277 Ejus
1164 4208 1296 4278 siqnidem
1318 4206 1489 4262 llabiilonius
1511 4217 1628 4267 testatur
1645 4229 1674 4269 se
1688 4217 1732 4271 ri-

84 4296 210 4341 autceca
233 4284 299 4340 tides
322 4283 478 4339 auctoribus
497 4281 586 4351 ruagni
603 4279 720 4335 trorninis
733 4281 780 4349 qui
798 4295 878 4349 supc-
928 4277 1001 4334 disse
1018 4280 1141 4349 exentpla
1159 4279 1211 4335 duo
1231 4279 1257 4333 in
1272 4279 1436 4348 pervetustis
1453 4280 1565 4335 totidem
1584 4282 1727 4341 codicibus

85 4357 145 4410 riori
156 4370 217 4410 :ero
228 4354 387 4418 llorucrnut,
401 4362 448 4407 aut
460 4368 536 4408 antor
547 4353 654 4414 niuiios,
668 4349 784 4406 sortasse
795 4351 877 4404 etiam
930 4350 1086 4404 ntorrasterii
1095 4349 1159 4406 olim
1168 4349 1725 4421 celebrishortantotani,atinnqncitomae.

84 4426 225 4482 arbitraria
245 4425 433 4494 interpretatio
450 4424 606 4478 chartarum
623 4432 754 4485 ueterum,
766 4435 878 4544 pepere·
893 4414 917 4474 ii
930 4418 959 4474 ld
975 4428 1064 4474 autem
1088 4437 1140 4476 uon
1160 4429 1203 4474 cst
1225 4420 1292 4474 satis
1307 4420 1340 4475 ad
1357 4421 1547 4491 ‹lartergendam
1569 4424 1725 4494 imposturae

85 4505 153 4552 runt.
173 4494 293 4550 Tametsi
308 4495 396 4564 capita
411 4495 462 4549 ista
477 4492 581 4564 singula
594 4494 628 4546 ad
642 4492 750 4546 eosdem
781 4492 875 4546 itteras
927 4500 1018 4545 notam
1037 4499 1220 4546 monumento.
1246 4488 1423 4545 Nanraoctor
1441 4493 1597 4557 monachus,
1614 4495 1722 4564 quicun-

84 4567 244 4627 rclcrcntur,
262 4566 317 4620 imo
330 4565 365 4619 ab
382 4565 415 4619 iis
429 4561 550 4634 proiecta
570 4577 630 4617 esse
645 4561 734 4631 palam
750 4560 795 4617 liet
814 4577 876 4616 sen-
925 4576 979 4631 qne
996 4561 1019 4615 is
1045 4559 1136 4626 luerit,
1166 4559 1290 4630 catalogo
1315 4569 1469 4616 sanctorum
1496 4564 1537 4617 sui
1565 4564 1723 4621 monasterii

84 4639 180 4692 tentius
191 4635 264 4705 ipsas
278 4634 441 4697 adhibendo,
454 4633 531 4701 queis
543 4631 677 4686 Adrianus
689 4647 778 4701 regem
792 4631 876 4687 Catu-
925 4632 1067 4686 additurus
1084 4631 1231 4686 Adrianum
1247 4631 1266 4695 l,
1284 4646 1363 4700 qucm
1379 4632 1543 4689 llotinenses
1563 4635 1651 4690 colere
1671 4651 1723 4692 coe·

83 4707 135 4761 lum
151 4708 290 4761 instruens
307 4704 442 4760 utebatur.
464 4703 592 4773 incipiam
604 4718 619 4756 a
632 4703 843 4757 eortseerotionc.
925 4712 1021 4771 perant
1048 4719 1096 4757 stu
1113 4703 1173 4758 ldus
1199 4701 1294 4765 iulias,
1316 4703 1348 4758 de
1364 4704 1468 4758 duobus
1486 4704 1613 4760 Adrianis
1634 4708 1723 4776 primo

114 4776 146 4831 ll.
159 4777 326 4831 Libertatem
343 4776 500 4830 canonicam
526 4771 738 4829 consecrationis
760 4771 875 4846 Romani
925 4781 953 4826 et
971 4773 1050 4829 tertio
1069 4789 1152 4828 urium
1171 4773 1244 4839 lecit,
1261 4773 1354 4843 sicque
1372 4774 1543 4829 traditionem
1560 4775 1638 4830 istam
1651 4778 1722 4833 auti·

84 4847 217 4916 pontilicis
230 4846 298 4900 satis
312 4860 445 4915 superque
460 4844 616 4914 consprobat
633 4843 876 4913 interpontificium
925 4858 1017 4912 quam,
1035 4852 1064 4898 ut
1078 4845 1116 4898 ait
1135 4842 1231 4914 Pagius
1259 4845 1320 4914 (an.
1346 4843 1418 4910 885,
1441 4861 1469 4899 n.
1491 4843 1534 4915 2),
1559 4847 1605 4900 sed
1624 4845 1720 4903 {alsam

83 4927 142 4973 octo
165 4918 281 4972 illerum.
301 4916 479 4970 Nihilominus
503 4914 551 4968 liei
569 4914 662 4984 optimi
684 4913 815 4969 beneficio
841 4915 875 4968 ad
925 4915 958 4968 de
971 4913 1092 4969 Adriano
1108 4914 1164 4970 libi
1180 4915 1295 4985 sepulto,
1309 4913 1343 4968 ad
1358 4923 1481 4985 posteros
1494 4917 1593 4970 emisit.
1612 4916 1640 4971 ld
1660 4918 1721 4972 liol-

84 5004 131 5042 nos
151 5001 239 5056 nsque
264 4987 386 5055 persenit
408 4984 519 5040 Adriani
537 4983 634 5040 electio
651 4991 678 5038 et
695 4986 872 5048 consecratio,
925 4983 1048 5040 landistac
1063 4986 1144 5040 ctiam
1163 4984 1380 5040 animadvertunt
1397 4985 1445 5108 ἳιιι
1466 4985 1492 5037 d.
1522 4983 1610 5041 etot.
1623 4988 1644 5059 ).
1668 4988 1721 5044 litu

83 5074 159 5126 quant
174 5056 309 5112 nctascst
329 5057 477 5126 preterire.
500 5054 626 5109 Eruditos
644 5070 697 5109 non
725 5056 790 5110 latet
810 5063 876 5126 qum
925 5069 977 5122 que
990 5055 1036 5110 ulli
1052 5056 1219 5111 cruditorum
1232 5070 1389 5126 persuasum
1423 5055 1546 5120 odieest,
1572 5056 1720 5114 Adrianurn

83 5138 142 5183 ante
154 5128 209 5184 Gre
228 5127 316 5180 orium
330 5125 362 5180 lll
378 5126 531 5180 necessaria
542 5131 619 5180 crant
633 5125 873 5194 postelectioncm,
925 5124 1006 5178 alium
1021 5141 1101 5194 quam
1125 5125 1233 5181 tertium
1254 5125 1412 5181 Nonantulae
1431 5126 1563 5196 sepulum
1581 5143 1650 5184 esse.
1670 5130 1719 5185 llic

83 5207 110 5254 ut
129 5142 251 5269 pontilgex
276 5195 610 5251 coursecraretur:rclatio
636 5197 669 5250 de
687 5195 819 5251 electione
841 5194 875 5250 ad
925 5195 996 5248 euim
1024 5196 1202 5250 ll'ormatiam
1232 5195 1363 5251 inritatus
1381 5213 1396 5251 a
1413 5195 1509 5252 Carolo
1536 5197 1619 5253 Caluo
1647 5216 1718 5254 anno

100 5271 240 5338 rincipcm,
255 5267 307 5321 alia
320 5269 354 5322 ad
364 5267 519 5329 exarchum,
534 5265 585 5320 alia
596 5267 631 5321 ad
644 5265 874 5337 archiepiscopum
924 5266 1053 5340 praedicto
1064 5267 1116 5322 885
1133 5266 1215 5337 (dnm
1228 5267 1261 5322 de
1278 5267 1412 5337 episcopis
1423 5267 1523 5337 aliquot
1542 5267 1715 5338 deponendis,

83 5287 225 5402 Ravennae,
243 5339 295 5392 alia
313 5337 464 5407 adjudices
486 5336 631 5400 llarennae,
646 5337 699 5391 alia
714 5337 822 5392 demum
841 5337 875 5392 ad
925 5350 956 5391 ae
973 5336 1111 5392 Bernurdo
1131 5337 1185 5393 lilio
1202 5339 1402 5394 exconcubina
1420 5338 1494 5408 regni
1515 5339 1620 5394 haerede
1641 5338 1718 5394 iusti·

82 5413 277 5481 apocrisarum
296 5408 447 5473 liarennae,
471 5408 558 5480 plenae
581 5423 676 5463 omncs
697 5407 874 5463 demissarum
925 5406 1024 5462 tuendo
1035 5407 1169 5478 pontilicis
1181 5409 1342 5464 auctoritate
1353 5408 1553 5479 meditabatur),
1569 5417 1599 5464 ut
1618 5410 1719 5466 habent

82 5494 199 5549 precum,
228 5488 258 5533 nt
287 5479 417 5534 carrouica
447 5476 543 5534 electio
571 5478 874 5535 corrfirurareturznon
924 5478 1042 5534 Auriales
1062 5478 1235 5534 Larrrbeeiani
1260 5479 1376 5552 (Script.
1401 5478 1584 5534 1ut.tom.tl
1606 5495 1664 5550 par.
1685 5497 1716 5547 n,

82 5553 151 5607 enirn
164 5551 245 5606 aliter
257 5549 343 5603 reniri
356 5550 391 5604 ad
404 5548 634 5605 consecrationem
650 5549 873 5674 poterotklliurn.
924 5564 986 5619 pag.
1004 5547 1059 5620 95),
1077 5548 1175 5604 ‹leiecit
1190 5548 1217 5603 in
1234 5549 1339 5606 itincre.
1361 5549 1407 5605 Sic
1425 5549 1497 5620 regis
1517 5569 1526 5602 ι
1547 5549 1718 5608 fraudulenta

83 5619 257 5693 Pontificap.
278 5619 363 5684 biit.
389 5620 472 5689 liseq
495 5659 529 5673 ..
558 5618 642 5676 Secos
662 5619 752 5675 cstdc
787 5619 875 5674 driani
925 5619 1047 5686 consilia,
1063 5621 1139 5674 aium
1151 5621 1280 5686 alrrrrales,
1294 5621 1414 5677 Deinutu
1427 5621 1554 5692 dissipata
1565 5631 1638 5678 sunt.
1650 5621 1718 5679 Nam

82 5691 258 5761 ordinatione,
282 5699 309 5752 ut
330 5691 470 5762 ridere2
542 5698 584 5748 est
604 5689 674 5764 apud
691 5689 875 5748 llabiilonium
923 5690 1046 5762 perutiles
1066 5691 1203 5750 ltornntus
1229 5693 1263 5750 ab
1287 5691 1358 5752 Urbe
1379 5690 1525 5766 digressus,
1553 5704 1579 5750 ct
1601 5693 1717 5755 Eridane
