<?xml version="1.0" encoding="UTF-8"?>
<!DOCTYPE html PUBLIC "-//W3C//DTD XHTML 1.0 Transitional//EN"
    "http://www.w3.org/TR/xhtml1/DTD/xhtml1-transitional.dtd">
<html xmlns="http://www.w3.org/1999/xhtml" xml:lang="en" lang="en">
 <head>
  <title>
</title>
<meta http-equiv="Content-Type" content="text/html;charset=utf-8" />
  <meta name='ocr-system' content='tesseract 3.04.00' />
  <meta name='ocr-capabilities' content='ocr_page ocr_carea ocr_par ocr_line ocrx_word'/>
</head>
<body>
  <div class='ocr_page' id='page_1' title='image "./patrologiaecurs17goog_0495.png"; bbox 0 0 3780 6120; ppageno 0'>
   <div class='ocr_carea' id='block_1_1' title="bbox 120 231 1759 322">
    <p class='ocr_par' dir='ltr' id='par_1_1' title="bbox 120 231 1759 322">
     <span class='ocr_line' id='line_1_1' title="bbox 120 231 1759 322; baseline 0.009 -37"><span class='ocrx_word' id='word_1_1' title='bbox 120 231 171 286; x_wconf 77' lang='lat' dir='ltr'><strong>eti</strong></span> <span class='ocrx_word' id='word_1_2' title='bbox 547 235 576 289; x_wconf 87' lang='lat' dir='ltr'><strong>B.</strong></span> <span class='ocrx_word' id='word_1_3' title='bbox 597 232 721 293; x_wconf 75' lang='grc'><strong>(11311011</strong></span> <span class='ocrx_word' id='word_1_4' title='bbox 741 235 853 322; x_wconf 76' lang='grc' dir='ltr'><strong>Ι11111111</strong></span> <span class='ocrx_word' id='word_1_5' title='bbox 871 237 946 295; x_wconf 79' lang='lat' dir='ltr'><strong>eir.</strong></span> <span class='ocrx_word' id='word_1_6' title='bbox 965 238 1055 295; x_wconf 74' lang='lat' dir='ltr'>PARS</span> <span class='ocrx_word' id='word_1_7' title='bbox 1072 238 1103 294; x_wconf 92' lang='grc'><strong>11.</strong></span> <span class='ocrx_word' id='word_1_8' title='bbox 1125 236 1295 296; x_wconf 79' lang='grc'><strong>33111311.</strong></span> <span class='ocrx_word' id='word_1_9' title='bbox 1703 243 1759 299; x_wconf 76' lang='lat' dir='ltr'><strong>tit</strong></span> 
     </span>
    </p>
   </div>
   <div class='ocr_carea' id='block_1_2' title="bbox 57 347 1776 3348">
    <p class='ocr_par' dir='ltr' id='par_1_2' title="bbox 57 347 1776 3348">
     <span class='ocr_line' id='line_1_2' title="bbox 121 347 1755 425; baseline 0.006 -22"><span class='ocrx_word' id='word_1_10' title='bbox 121 347 185 403; x_wconf 90' lang='lat' dir='ltr'><strong>iterii</strong></span> <span class='ocrx_word' id='word_1_11' title='bbox 211 347 360 404; x_wconf 85' lang='lat' dir='ltr'><strong>manilestis</strong></span> <span class='ocrx_word' id='word_1_12' title='bbox 374 347 479 405; x_wconf 88' lang='lat' dir='ltr'><strong>iudiciis</strong></span> <span class='ocrx_word' id='word_1_13' title='bbox 493 359 520 404; x_wconf 90' lang='lat' dir='ltr'><strong>et</strong></span> <span class='ocrx_word' id='word_1_14' title='bbox 547 351 705 412; x_wconf 85' lang='lat' dir='ltr'><strong>rationibus,</strong></span> <span class='ocrx_word' id='word_1_15' title='bbox 727 367 780 406; x_wconf 92' lang='lat' dir='ltr'><strong>non</strong></span> <span class='ocrx_word' id='word_1_16' title='bbox 790 354 909 422; x_wconf 85' lang='lat' dir='ltr'><strong>potuisse</strong></span> <span class='ocrx_word' id='word_1_17' title='bbox 922 361 946 420; x_wconf 76' lang='grc' dir='ltr'><strong>Α</strong></span> <span class='ocrx_word' id='word_1_18' title='bbox 959 369 1016 410; x_wconf 86' lang='grc'><strong>333</strong></span> <span class='ocrx_word' id='word_1_19' title='bbox 1034 355 1061 410; x_wconf 88' lang='grc'><strong>13</strong></span> <span class='ocrx_word' id='word_1_20' title='bbox 1077 353 1260 411; x_wconf 74' lang='lat' dir='ltr'><strong>defensionem</strong></span> <span class='ocrx_word' id='word_1_21' title='bbox 1284 356 1430 425; x_wconf 75' lang='lat' dir='ltr'><strong>imaginum</strong></span> <span class='ocrx_word' id='word_1_22' title='bbox 1442 355 1477 410; x_wconf 88' lang='lat' dir='ltr'><strong>aii</strong></span> <span class='ocrx_word' id='word_1_23' title='bbox 1499 355 1627 411; x_wconf 83' lang='lat' dir='ltr'><strong>Carnium</strong></span> <span class='ocrx_word' id='word_1_24' title='bbox 1641 354 1755 413; x_wconf 72' lang='grc'><strong>(1313331</strong></span> 
     </span>
     <span class='ocr_line' id='line_1_3' title="bbox 121 418 1755 494; baseline 0.005 -21"><span class='ocrx_word' id='word_1_25' title='bbox 121 418 263 473; x_wconf 74' lang='lat' dir='ltr'><strong>concilium</strong></span> <span class='ocrx_word' id='word_1_26' title='bbox 282 418 530 483; x_wconf 83' lang='lat' dir='ltr'><strong>Franeolordicnsc,</strong></span> <span class='ocrx_word' id='word_1_27' title='bbox 553 421 619 476; x_wconf 84' lang='lat' dir='ltr'><strong>siin</strong></span> <span class='ocrx_word' id='word_1_28' title='bbox 635 436 668 476; x_wconf 91' lang='lat' dir='ltr'><strong>eo</strong></span> <span class='ocrx_word' id='word_1_29' title='bbox 686 420 813 476; x_wconf 83' lang='grc'><strong>31333333</strong></span> <span class='ocrx_word' id='word_1_30' title='bbox 839 424 907 477; x_wconf 90' lang='lat' dir='ltr'><strong>ima·</strong></span> <span class='ocrx_word' id='word_1_31' title='bbox 959 425 1078 494; x_wconf 84' lang='lat' dir='ltr'><strong>scripsit,</strong></span> <span class='ocrx_word' id='word_1_32' title='bbox 1094 424 1172 478; x_wconf 90' lang='lat' dir='ltr'><strong>initio</strong></span> <span class='ocrx_word' id='word_1_33' title='bbox 1186 424 1258 479; x_wconf 91' lang='lat' dir='ltr'><strong>illius</strong></span> <span class='ocrx_word' id='word_1_34' title='bbox 1271 426 1360 494; x_wconf 87' lang='lat' dir='ltr'><strong>operis</strong></span> <span class='ocrx_word' id='word_1_35' title='bbox 1374 427 1538 479; x_wconf 80' lang='lat' dir='ltr'><strong>mentionem</strong></span> <span class='ocrx_word' id='word_1_36' title='bbox 1562 423 1669 479; x_wconf 84' lang='lat' dir='ltr'><strong>iaciens</strong></span> <span class='ocrx_word' id='word_1_37' title='bbox 1687 441 1755 480; x_wconf 85' lang='lat' dir='ltr'><strong>coii-</strong></span> 
     </span>
     <span class='ocr_line' id='line_1_4' title="bbox 139 490 1755 560; baseline 0.005 -19"><span class='ocrx_word' id='word_1_38' title='bbox 139 490 213 543; x_wconf 90' lang='lat' dir='ltr'><strong>iuum</strong></span> <span class='ocrx_word' id='word_1_39' title='bbox 225 496 315 542; x_wconf 86' lang='lat' dir='ltr'><strong>actum</strong></span> <span class='ocrx_word' id='word_1_40' title='bbox 329 497 380 553; x_wconf 90' lang='lat' dir='ltr'><strong>est,</strong></span> <span class='ocrx_word' id='word_1_41' title='bbox 397 498 444 543; x_wconf 88' lang='lat' dir='ltr'><strong>aut</strong></span> <span class='ocrx_word' id='word_1_42' title='bbox 457 491 616 545; x_wconf 87' lang='lat' dir='ltr'><strong>sententiam</strong></span> <span class='ocrx_word' id='word_1_43' title='bbox 630 492 756 546; x_wconf 88' lang='grc'><strong>1131313331</strong></span> <span class='ocrx_word' id='word_1_44' title='bbox 773 506 859 560; x_wconf 78' lang='lat' dir='ltr'><strong>papae,</strong></span> <span class='ocrx_word' id='word_1_45' title='bbox 882 500 909 546; x_wconf 94' lang='grc'><strong>31</strong></span> <span class='ocrx_word' id='word_1_46' title='bbox 959 493 1016 547; x_wconf 88' lang='grc'><strong>31111</strong></span> <span class='ocrx_word' id='word_1_47' title='bbox 1031 493 1296 558; x_wconf 72' lang='lat' dir='ltr'><strong>francofordiensis,</strong></span> <span class='ocrx_word' id='word_1_48' title='bbox 1321 495 1407 547; x_wconf 88' lang='lat' dir='ltr'><strong>solum</strong></span> <span class='ocrx_word' id='word_1_49' title='bbox 1427 494 1493 549; x_wconf 91' lang='lat' dir='ltr'><strong>dicii</strong></span> <span class='ocrx_word' id='word_1_50' title='bbox 1504 495 1531 547; x_wconf 93' lang='lat' dir='ltr'><strong>in</strong></span> <span class='ocrx_word' id='word_1_51' title='bbox 1546 509 1579 549; x_wconf 89' lang='lat' dir='ltr'><strong>en</strong></span> <span class='ocrx_word' id='word_1_52' title='bbox 1591 493 1755 550; x_wconf 88' lang='lat' dir='ltr'><strong>damnatum</strong></span> 
     </span>
     <span class='ocr_line' id='line_1_5' title="bbox 120 504 1760 632; baseline 0.004 -22"><span class='ocrx_word' id='word_1_53' title='bbox 120 504 220 613; x_wconf 67' lang='grc'><strong>113331</strong></span> <span class='ocrx_word' id='word_1_54' title='bbox 236 558 342 612; x_wconf 89' lang='lat' dir='ltr'><strong>concilii</strong></span> <span class='ocrx_word' id='word_1_55' title='bbox 364 574 454 614; x_wconf 89' lang='grc'><strong>333333</strong></span> <span class='ocrx_word' id='word_1_56' title='bbox 475 559 657 615; x_wconf 81' lang='lat' dir='ltr'><strong>definitionem</strong></span> <span class='ocrx_word' id='word_1_57' title='bbox 672 568 699 613; x_wconf 90' lang='lat' dir='ltr'><strong>et</strong></span> <span class='ocrx_word' id='word_1_58' title='bbox 721 562 909 616; x_wconf 87' lang='lat' dir='ltr'><strong>auctoritatem</strong></span> <span class='ocrx_word' id='word_1_59' title='bbox 959 576 1018 616; x_wconf 89' lang='lat' dir='ltr'><strong>esse</strong></span> <span class='ocrx_word' id='word_1_60' title='bbox 1030 577 1149 617; x_wconf 88' lang='lat' dir='ltr'><strong>errorem</strong></span> <span class='ocrx_word' id='word_1_61' title='bbox 1167 563 1264 618; x_wconf 81' lang='lat' dir='ltr'><strong>Felicis</strong></span> <span class='ocrx_word' id='word_1_62' title='bbox 1287 563 1320 618; x_wconf 93' lang='lat' dir='ltr'><strong>de</strong></span> <span class='ocrx_word' id='word_1_63' title='bbox 1341 564 1468 618; x_wconf 88' lang='lat' dir='ltr'><strong>tiliatione</strong></span> <span class='ocrx_word' id='word_1_64' title='bbox 1489 563 1590 618; x_wconf 82' lang='lat' dir='ltr'><strong>Christi</strong></span> <span class='ocrx_word' id='word_1_65' title='bbox 1615 564 1760 632; x_wconf 80' lang='lat' dir='ltr'><strong>adoptiva,</strong></span> 
     </span>
     <span class='ocr_line' id='line_1_6' title="bbox 121 628 1753 701; baseline 0.004 -19"><span class='ocrx_word' id='word_1_66' title='bbox 121 629 255 698; x_wconf 89' lang='lat' dir='ltr'><strong>ignorare,</strong></span> <span class='ocrx_word' id='word_1_67' title='bbox 279 628 319 681; x_wconf 89' lang='grc'><strong>331</strong></span> <span class='ocrx_word' id='word_1_68' title='bbox 347 628 441 683; x_wconf 92' lang='lat' dir='ltr'><strong>abeis</strong></span> <span class='ocrx_word' id='word_1_69' title='bbox 464 630 552 684; x_wconf 83' lang='lat' dir='ltr'><strong>sciens</strong></span> <span class='ocrx_word' id='word_1_70' title='bbox 571 638 598 684; x_wconf 93' lang='grc'><strong>31</strong></span> <span class='ocrx_word' id='word_1_71' title='bbox 617 629 735 697; x_wconf 91' lang='lat' dir='ltr'><strong>prudens</strong></span> <span class='ocrx_word' id='word_1_72' title='bbox 754 630 908 694; x_wconf 75' lang='lat' dir='ltr'><strong>dissentire,</strong></span> <span class='ocrx_word' id='word_1_73' title='bbox 959 631 1060 685; x_wconf 87' lang='lat' dir='ltr'><strong>nnllam</strong></span> <span class='ocrx_word' id='word_1_74' title='bbox 1076 633 1238 686; x_wconf 77' lang='lat' dir='ltr'><strong>mentionem</strong></span> <span class='ocrx_word' id='word_1_75' title='bbox 1261 631 1374 697; x_wconf 85' lang='lat' dir='ltr'><strong>iaciens,</strong></span> <span class='ocrx_word' id='word_1_76' title='bbox 1405 632 1457 686; x_wconf 92' lang='lat' dir='ltr'><strong>uod</strong></span> <span class='ocrx_word' id='word_1_77' title='bbox 1472 633 1753 701; x_wconf 85' lang='lat' dir='ltr'><strong>causaimaginumin</strong></span> 
     </span>
     <span class='ocr_line' id='line_1_7' title="bbox 121 698 1753 777; baseline 0.004 -27"><span class='ocrx_word' id='word_1_78' title='bbox 121 698 256 777; x_wconf 82' lang='lat' dir='ltr'><strong>supposita</strong></span> <span class='ocrx_word' id='word_1_79' title='bbox 268 699 426 763; x_wconf 85' lang='lat' dir='ltr'><strong>reverentia,</strong></span> <span class='ocrx_word' id='word_1_80' title='bbox 435 714 514 767; x_wconf 89' lang='lat' dir='ltr'><strong>quam</strong></span> <span class='ocrx_word' id='word_1_81' title='bbox 526 712 558 751; x_wconf 86' lang='lat' dir='ltr'><strong>ex</strong></span> <span class='ocrx_word' id='word_1_82' title='bbox 570 699 628 767; x_wconf 87' lang='lat' dir='ltr'><strong>ejus</strong></span> <span class='ocrx_word' id='word_1_83' title='bbox 639 699 707 752; x_wconf 88' lang='grc'><strong>33113</strong></span> <span class='ocrx_word' id='word_1_84' title='bbox 720 715 779 767; x_wconf 85' lang='lat' dir='ltr'><strong>quae</strong></span> <span class='ocrx_word' id='word_1_85' title='bbox 789 709 907 764; x_wconf 84' lang='lat' dir='ltr'><strong>exstant,</strong></span> <span class='ocrx_word' id='word_1_86' title='bbox 960 700 1009 754; x_wconf 92' lang='lat' dir='ltr'><strong>illo</strong></span> <span class='ocrx_word' id='word_1_87' title='bbox 1023 701 1137 754; x_wconf 90' lang='lat' dir='ltr'><strong>concilio</strong></span> <span class='ocrx_word' id='word_1_88' title='bbox 1151 710 1211 755; x_wconf 88' lang='lat' dir='ltr'><strong>aeta</strong></span> <span class='ocrx_word' id='word_1_89' title='bbox 1223 700 1304 754; x_wconf 89' lang='lat' dir='ltr'><strong>luerit</strong></span> <span class='ocrx_word' id='word_1_90' title='bbox 1315 718 1321 766; x_wconf 94' lang='lat'>;</span> <span class='ocrx_word' id='word_1_91' title='bbox 1335 711 1362 756; x_wconf 91' lang='lat' dir='ltr'><strong>et</strong></span> <span class='ocrx_word' id='word_1_92' title='bbox 1412 701 1542 757; x_wconf 74' lang='lat' dir='ltr'><strong>alefridus</strong></span> <span class='ocrx_word' id='word_1_93' title='bbox 1556 700 1657 757; x_wconf 88' lang='lat' dir='ltr'><strong>Strabo</strong></span> <span class='ocrx_word' id='word_1_94' title='bbox 1669 703 1697 755; x_wconf 92' lang='lat' dir='ltr'><strong>in</strong></span> <span class='ocrx_word' id='word_1_95' title='bbox 1722 700 1753 757; x_wconf 91' lang='lat' dir='ltr'><strong>li·</strong></span> 
     </span>
     <span class='ocr_line' id='line_1_8' title="bbox 122 765 1752 840; baseline 0.004 -21"><span class='ocrx_word' id='word_1_96' title='bbox 122 781 220 820; x_wconf 90' lang='grc'><strong>333333</strong></span> <span class='ocrx_word' id='word_1_97' title='bbox 233 765 289 820; x_wconf 84' lang='lat' dir='ltr'><strong>sedi</strong></span> <span class='ocrx_word' id='word_1_98' title='bbox 310 768 463 834; x_wconf 79' lang='lat' dir='ltr'><strong>apostolic-n</strong></span> <span class='ocrx_word' id='word_1_99' title='bbox 485 767 623 822; x_wconf 87' lang='lat' dir='ltr'><strong>detulisse.</strong></span> <span class='ocrx_word' id='word_1_100' title='bbox 648 768 819 837; x_wconf 81' lang='lat' dir='ltr'><strong>Relinquitur</strong></span> <span class='ocrx_word' id='word_1_101' title='bbox 833 783 909 840; x_wconf 85' lang='lat' dir='ltr'><strong>ergo,</strong></span> <span class='ocrx_word' id='word_1_102' title='bbox 959 768 1010 823; x_wconf 89' lang='lat' dir='ltr'><strong>bre</strong></span> <span class='ocrx_word' id='word_1_103' title='bbox 1021 768 1054 823; x_wconf 92' lang='lat' dir='ltr'><strong>de</strong></span> <span class='ocrx_word' id='word_1_104' title='bbox 1069 768 1158 825; x_wconf 85' lang='lat' dir='ltr'><strong>liebus</strong></span> <span class='ocrx_word' id='word_1_105' title='bbox 1171 771 1362 826; x_wconf 85' lang='lat' dir='ltr'><strong>ecelesiasticis</strong></span> <span class='ocrx_word' id='word_1_106' title='bbox 1376 772 1464 840; x_wconf 90' lang='lat' dir='ltr'><strong>eapite</strong></span> <span class='ocrx_word' id='word_1_107' title='bbox 1474 778 1571 826; x_wconf 85' lang='grc'><strong>331333</strong></span> <span class='ocrx_word' id='word_1_108' title='bbox 1586 771 1752 826; x_wconf 83' lang='lat' dir='ltr'><strong>mentionem</strong></span> 
     </span>
     <span class='ocr_line' id='line_1_9' title="bbox 122 835 1753 910; baseline 0.003 -21"><span class='ocrx_word' id='word_1_109' title='bbox 122 836 273 890; x_wconf 80' lang='lat' dir='ltr'><strong>necessario</strong></span> <span class='ocrx_word' id='word_1_110' title='bbox 286 835 422 891; x_wconf 86' lang='lat' dir='ltr'><strong>latendum</strong></span> <span class='ocrx_word' id='word_1_111' title='bbox 437 850 497 891; x_wconf 90' lang='lat' dir='ltr'><strong>esse</strong></span> <span class='ocrx_word' id='word_1_112' title='bbox 517 837 559 890; x_wconf 87' lang='grc'><strong>331</strong></span> <span class='ocrx_word' id='word_1_113' title='bbox 584 838 726 893; x_wconf 86' lang='lat' dir='ltr'><strong>historicos</strong></span> <span class='ocrx_word' id='word_1_114' title='bbox 737 852 852 904; x_wconf 88' lang='lat' dir='ltr'><strong>errasse,</strong></span> <span class='ocrx_word' id='word_1_115' title='bbox 868 838 912 897; x_wconf 89' lang='grc'><strong>331</strong></span> <span class='ocrx_word' id='word_1_116' title='bbox 960 838 1063 892; x_wconf 88' lang='grc'><strong>1331333</strong></span> <span class='ocrx_word' id='word_1_117' title='bbox 1075 841 1175 893; x_wconf 87' lang='grc'><strong>3333313</strong></span> <span class='ocrx_word' id='word_1_118' title='bbox 1187 838 1342 895; x_wconf 76' lang='grc'><strong>63333333</strong></span> <span class='ocrx_word' id='word_1_119' title='bbox 1355 843 1378 895; x_wconf 86' lang='grc'><strong>31</strong></span> <span class='ocrx_word' id='word_1_120' title='bbox 1384 856 1429 895; x_wconf 88' lang='lat' dir='ltr'><strong>rea</strong></span> <span class='ocrx_word' id='word_1_121' title='bbox 1443 842 1584 910; x_wconf 75' lang='lat' dir='ltr'><strong>imagines,</strong></span> <span class='ocrx_word' id='word_1_122' title='bbox 1598 841 1753 895; x_wconf 79' lang='grc'><strong>3113111333-</strong></span> 
     </span>
     <span class='ocr_line' id='line_1_10' title="bbox 121 906 1753 1028; baseline 0.005 -71"><span class='ocrx_word' id='word_1_123' title='bbox 121 906 209 974; x_wconf 89' lang='lat' dir='ltr'><strong>aliqua</strong></span> <span class='ocrx_word' id='word_1_124' title='bbox 235 918 268 958; x_wconf 80' lang='lat' dir='ltr'><strong>ex</strong></span> <span class='ocrx_word' id='word_1_125' title='bbox 283 914 360 1028; x_wconf 51' lang='lat' dir='ltr'><strong>ggrte</strong></span> <span class='ocrx_word' id='word_1_126' title='bbox 372 913 513 976; x_wconf 90' lang='lat' dir='ltr'><strong>corruptos</strong></span> <span class='ocrx_word' id='word_1_127' title='bbox 535 920 595 961; x_wconf 91' lang='lat' dir='ltr'><strong>esse</strong></span> <span class='ocrx_word' id='word_1_128' title='bbox 607 922 701 961; x_wconf 89' lang='lat' dir='ltr'><strong>corum</strong></span> <span class='ocrx_word' id='word_1_129' title='bbox 722 907 847 972; x_wconf 84' lang='lat' dir='ltr'><strong>codices,</strong></span> <span class='ocrx_word' id='word_1_130' title='bbox 868 906 911 962; x_wconf 89' lang='grc'><strong>331</strong></span> <span class='ocrx_word' id='word_1_131' title='bbox 960 917 1052 961; x_wconf 90' lang='lat' dir='ltr'><strong>natum</strong></span> <span class='ocrx_word' id='word_1_132' title='bbox 1063 922 1122 962; x_wconf 90' lang='lat' dir='ltr'><strong>esse</strong></span> <span class='ocrx_word' id='word_1_133' title='bbox 1135 909 1163 964; x_wconf 92' lang='lat' dir='ltr'><strong>iii</strong></span> <span class='ocrx_word' id='word_1_134' title='bbox 1181 909 1295 964; x_wconf 91' lang='lat' dir='ltr'><strong>coneilio</strong></span> <span class='ocrx_word' id='word_1_135' title='bbox 1315 908 1437 964; x_wconf 84' lang='lat' dir='ltr'><strong>Romano</strong></span> <span class='ocrx_word' id='word_1_136' title='bbox 1449 911 1499 964; x_wconf 90' lang='lat' dir='ltr'><strong>sub</strong></span> <span class='ocrx_word' id='word_1_137' title='bbox 1513 908 1646 980; x_wconf 73' lang='lat' dir='ltr'><strong>Gregorio</strong></span> <span class='ocrx_word' id='word_1_138' title='bbox 1659 909 1694 964; x_wconf 91' lang='lat' dir='ltr'><strong>ili</strong></span> <span class='ocrx_word' id='word_1_139' title='bbox 1705 950 1713 974; x_wconf 89' lang='lat'>‚</span> <span class='ocrx_word' id='word_1_140' title='bbox 1725 917 1753 965; x_wconf 86' lang='lat' dir='ltr'><strong>et</strong></span> 
     </span>
     <span class='ocr_line' id='line_1_11' title="bbox 120 975 1753 1049; baseline 0.003 -19"><span class='ocrx_word' id='word_1_141' title='bbox 120 983 195 1030; x_wconf 90' lang='lat' dir='ltr'><strong>certe</strong></span> <span class='ocrx_word' id='word_1_142' title='bbox 208 989 261 1028; x_wconf 93' lang='lat' dir='ltr'><strong>non</strong></span> <span class='ocrx_word' id='word_1_143' title='bbox 340 990 412 1038; x_wconf 84' lang='lat' dir='ltr'><strong>vera,</strong></span> <span class='ocrx_word' id='word_1_144' title='bbox 429 977 475 1032; x_wconf 91' lang='lat' dir='ltr'><strong>sed</strong></span> <span class='ocrx_word' id='word_1_145' title='bbox 501 975 534 1030; x_wconf 91' lang='lat' dir='ltr'><strong>dc</strong></span> <span class='ocrx_word' id='word_1_146' title='bbox 558 976 625 1031; x_wconf 86' lang='lat' dir='ltr'><strong>laiso</strong></span> <span class='ocrx_word' id='word_1_147' title='bbox 642 977 779 1031; x_wconf 87' lang='lat' dir='ltr'><strong>nominata</strong></span> <span class='ocrx_word' id='word_1_148' title='bbox 796 979 910 1046; x_wconf 87' lang='lat' dir='ltr'><strong>septima</strong></span> <span class='ocrx_word' id='word_1_149' title='bbox 961 976 1065 1031; x_wconf 81' lang='lat' dir='ltr'><strong>subdit:</strong></span> <span class='ocrx_word' id='word_1_150' title='bbox 1083 994 1092 1026; x_wconf 85' lang='lat' dir='ltr'><strong>i</strong></span> <span class='ocrx_word' id='word_1_151' title='bbox 1111 977 1573 1047; x_wconf 80' lang='lat' dir='ltr'><strong>lpsadeniquequerelaGrmcorum</strong></span> <span class='ocrx_word' id='word_1_152' title='bbox 1585 981 1753 1049; x_wconf 77' lang='lat' dir='ltr'><strong>temporibus</strong></span> 
     </span>
     <span class='ocr_line' id='line_1_12' title="bbox 120 1043 1752 1118; baseline 0.004 -22"><span class='ocrx_word' id='word_1_153' title='bbox 120 1045 222 1113; x_wconf 77' lang='lat' dir='ltr'><strong>synodo</strong></span> <span class='ocrx_word' id='word_1_154' title='bbox 235 1043 337 1099; x_wconf 89' lang='grc'><strong>1333133</strong></span> <span class='ocrx_word' id='word_1_155' title='bbox 348 1044 439 1099; x_wconf 86' lang='grc'><strong>131333.</strong></span> <span class='ocrx_word' id='word_1_156' title='bbox 462 1045 495 1098; x_wconf 87' lang='lat' dir='ltr'><strong>Et</strong></span> <span class='ocrx_word' id='word_1_157' title='bbox 508 1045 614 1114; x_wconf 87' lang='lat' dir='ltr'><strong>quidem</strong></span> <span class='ocrx_word' id='word_1_158' title='bbox 624 1046 657 1100; x_wconf 92' lang='lat' dir='ltr'><strong>de</strong></span> <span class='ocrx_word' id='word_1_159' title='bbox 673 1047 827 1101; x_wconf 89' lang='lat' dir='ltr'><strong>testimonio</strong></span> <span class='ocrx_word' id='word_1_160' title='bbox 839 1061 909 1116; x_wconf 83' lang='lat' dir='ltr'><strong>prn-</strong></span> <span class='ocrx_word' id='word_1_161' title='bbox 963 1064 973 1095; x_wconf 88' lang='grc'><strong>3</strong></span> <span class='ocrx_word' id='word_1_162' title='bbox 995 1047 1073 1101; x_wconf 80' lang='lat' dir='ltr'><strong>bonai</strong></span> <span class='ocrx_word' id='word_1_163' title='bbox 1088 1048 1223 1102; x_wconf 88' lang='lat' dir='ltr'><strong>memoriae</strong></span> <span class='ocrx_word' id='word_1_164' title='bbox 1231 1047 1358 1103; x_wconf 80' lang='lat' dir='ltr'><strong>ludovici</strong></span> <span class='ocrx_word' id='word_1_165' title='bbox 1373 1049 1555 1118; x_wconf 88' lang='lat' dir='ltr'><strong>imperatoris,</strong></span> <span class='ocrx_word' id='word_1_166' title='bbox 1568 1049 1597 1102; x_wconf 94' lang='lat' dir='ltr'><strong>in</strong></span> <span class='ocrx_word' id='word_1_167' title='bbox 1608 1047 1752 1104; x_wconf 79' lang='lat' dir='ltr'><strong>Franciam</strong></span> 
     </span>
     <span class='ocr_line' id='line_1_13' title="bbox 121 1112 1753 1187; baseline 0.004 -22"><span class='ocrx_word' id='word_1_168' title='bbox 121 1112 229 1168; x_wconf 86' lang='lat' dir='ltr'><strong>lationis</strong></span> <span class='ocrx_word' id='word_1_169' title='bbox 256 1112 397 1178; x_wconf 83' lang='lat' dir='ltr'><strong>Carolinae,</strong></span> <span class='ocrx_word' id='word_1_170' title='bbox 422 1123 450 1169; x_wconf 92' lang='grc'><strong>31</strong></span> <span class='ocrx_word' id='word_1_171' title='bbox 480 1115 634 1170; x_wconf 87' lang='lat' dir='ltr'><strong>testimonio</strong></span> <span class='ocrx_word' id='word_1_172' title='bbox 664 1116 811 1180; x_wconf 84' lang='grc' dir='ltr'><strong>Η13133331,</strong></span> <span class='ocrx_word' id='word_1_173' title='bbox 838 1116 910 1169; x_wconf 88' lang='lat' dir='ltr'><strong>nulla</strong></span> <span class='ocrx_word' id='word_1_174' title='bbox 964 1135 973 1165; x_wconf 82' lang='grc'><strong>3</strong></span> <span class='ocrx_word' id='word_1_175' title='bbox 995 1115 1108 1184; x_wconf 87' lang='lat' dir='ltr'><strong>perlata,</strong></span> <span class='ocrx_word' id='word_1_176' title='bbox 1119 1113 1238 1183; x_wconf 83' lang='lat' dir='ltr'><strong>ejusdem</strong></span> <span class='ocrx_word' id='word_1_177' title='bbox 1252 1117 1380 1186; x_wconf 88' lang='lat' dir='ltr'><strong>principis</strong></span> <span class='ocrx_word' id='word_1_178' title='bbox 1393 1117 1677 1187; x_wconf 81' lang='lat' dir='ltr'><strong>providentiaseriptis</strong></span> <span class='ocrx_word' id='word_1_179' title='bbox 1691 1132 1753 1187; x_wconf 72' lang='lat' dir='ltr'><strong>spii·</strong></span> 
     </span>
     <span class='ocr_line' id='line_1_14' title="bbox 118 1183 1751 1254; baseline 0.004 -19"><span class='ocrx_word' id='word_1_180' title='bbox 118 1184 230 1238; x_wconf 88' lang='lat' dir='ltr'><strong>omnino</strong></span> <span class='ocrx_word' id='word_1_181' title='bbox 241 1192 282 1237; x_wconf 89' lang='lat' dir='ltr'><strong>est</strong></span> <span class='ocrx_word' id='word_1_182' title='bbox 294 1185 413 1239; x_wconf 89' lang='lat' dir='ltr'><strong>habenda</strong></span> <span class='ocrx_word' id='word_1_183' title='bbox 426 1186 507 1239; x_wconf 90' lang='lat' dir='ltr'><strong>ratio:</strong></span> <span class='ocrx_word' id='word_1_184' title='bbox 520 1184 593 1239; x_wconf 84' lang='lat' dir='ltr'><strong>illius</strong></span> <span class='ocrx_word' id='word_1_185' title='bbox 602 1186 719 1254; x_wconf 90' lang='lat' dir='ltr'><strong>quidem,</strong></span> <span class='ocrx_word' id='word_1_186' title='bbox 731 1187 857 1253; x_wconf 90' lang='lat' dir='ltr'><strong>quoniam</strong></span> <span class='ocrx_word' id='word_1_187' title='bbox 869 1192 911 1238; x_wconf 88' lang='lat' dir='ltr'><strong>est</strong></span> <span class='ocrx_word' id='word_1_188' title='bbox 965 1203 974 1233; x_wconf 86' lang='grc'><strong>3</strong></span> <span class='ocrx_word' id='word_1_189' title='bbox 992 1183 1114 1239; x_wconf 84' lang='lat' dir='ltr'><strong>ndalibus</strong></span> <span class='ocrx_word' id='word_1_190' title='bbox 1126 1192 1167 1238; x_wconf 89' lang='lat' dir='ltr'><strong>est</strong></span> <span class='ocrx_word' id='word_1_191' title='bbox 1179 1185 1326 1240; x_wconf 79' lang='lat' dir='ltr'><strong>confutata.</strong></span> <span class='ocrx_word' id='word_1_192' title='bbox 1345 1206 1355 1238; x_wconf 85' lang='lat' dir='ltr'><strong>i</strong></span> <span class='ocrx_word' id='word_1_193' title='bbox 1381 1187 1419 1241; x_wconf 87' lang='grc'><strong>113</strong></span> <span class='ocrx_word' id='word_1_194' title='bbox 1432 1188 1548 1242; x_wconf 88' lang='lat' dir='ltr'><strong>coneilio</strong></span> <span class='ocrx_word' id='word_1_195' title='bbox 1560 1194 1652 1241; x_wconf 88' lang='lat' dir='ltr'><strong>autem</strong></span> <span class='ocrx_word' id='word_1_196' title='bbox 1666 1184 1751 1241; x_wconf 78' lang='lat' dir='ltr'><strong>Fran·</strong></span> 
     </span>
     <span class='ocr_line' id='line_1_15' title="bbox 120 1252 1754 1323; baseline 0.002 -18"><span class='ocrx_word' id='word_1_197' title='bbox 120 1252 204 1321; x_wconf 87' lang='lat' dir='ltr'><strong>iguoti</strong></span> <span class='ocrx_word' id='word_1_198' title='bbox 214 1255 341 1318; x_wconf 87' lang='lat' dir='ltr'><strong>auctoris,</strong></span> <span class='ocrx_word' id='word_1_199' title='bbox 363 1263 390 1306; x_wconf 91' lang='lat' dir='ltr'><strong>et</strong></span> <span class='ocrx_word' id='word_1_200' title='bbox 404 1254 530 1322; x_wconf 84' lang='lat' dir='ltr'><strong>suspecti,</strong></span> <span class='ocrx_word' id='word_1_201' title='bbox 542 1262 569 1307; x_wconf 92' lang='grc'><strong>31</strong></span> <span class='ocrx_word' id='word_1_202' title='bbox 582 1256 644 1323; x_wconf 90' lang='lat' dir='ltr'><strong>quia</strong></span> <span class='ocrx_word' id='word_1_203' title='bbox 658 1271 711 1309; x_wconf 92' lang='lat' dir='ltr'><strong>uon</strong></span> <span class='ocrx_word' id='word_1_204' title='bbox 731 1263 837 1310; x_wconf 86' lang='lat' dir='ltr'><strong>constat</strong></span> <span class='ocrx_word' id='word_1_205' title='bbox 860 1268 913 1323; x_wconf 88' lang='lat' dir='ltr'><strong>qun</strong></span> <span class='ocrx_word' id='word_1_206' title='bbox 962 1253 1123 1308; x_wconf 88' lang='lat' dir='ltr'><strong>colerdieiisi</strong></span> <span class='ocrx_word' id='word_1_207' title='bbox 1136 1255 1236 1308; x_wconf 89' lang='lat' dir='ltr'><strong>nullam</strong></span> <span class='ocrx_word' id='word_1_208' title='bbox 1250 1256 1411 1310; x_wconf 88' lang='lat' dir='ltr'><strong>mentionem</strong></span> <span class='ocrx_word' id='word_1_209' title='bbox 1423 1255 1497 1319; x_wconf 88' lang='grc'><strong>13311,</strong></span> <span class='ocrx_word' id='word_1_210' title='bbox 1510 1272 1571 1311; x_wconf 89' lang='grc'><strong>333</strong></span> <span class='ocrx_word' id='word_1_211' title='bbox 1586 1265 1679 1309; x_wconf 88' lang='lat' dir='ltr'><strong>tamen</strong></span> <span class='ocrx_word' id='word_1_212' title='bbox 1693 1254 1754 1309; x_wconf 84' lang='lat' dir='ltr'><strong>Wa-</strong></span> 
     </span>
     <span class='ocr_line' id='line_1_16' title="bbox 120 1322 1754 1394; baseline 0.001 -17"><span class='ocrx_word' id='word_1_213' title='bbox 120 1331 241 1391; x_wconf 87' lang='lat' dir='ltr'><strong>tempnre</strong></span> <span class='ocrx_word' id='word_1_214' title='bbox 256 1332 303 1377; x_wconf 87' lang='lat' dir='ltr'><strong>aut</strong></span> <span class='ocrx_word' id='word_1_215' title='bbox 318 1324 377 1377; x_wconf 88' lang='grc'><strong>1333</strong></span> <span class='ocrx_word' id='word_1_216' title='bbox 395 1325 494 1391; x_wconf 87' lang='lat' dir='ltr'><strong>scripta</strong></span> <span class='ocrx_word' id='word_1_217' title='bbox 518 1324 563 1389; x_wconf 92' lang='lat' dir='ltr'><strong>sit,</strong></span> <span class='ocrx_word' id='word_1_218' title='bbox 576 1333 623 1378; x_wconf 89' lang='lat' dir='ltr'><strong>aut</strong></span> <span class='ocrx_word' id='word_1_219' title='bbox 637 1325 718 1388; x_wconf 86' lang='lat' dir='ltr'><strong>edita,</strong></span> <span class='ocrx_word' id='word_1_220' title='bbox 735 1324 912 1389; x_wconf 87' lang='grc'><strong>3311333313,</strong></span> <span class='ocrx_word' id='word_1_221' title='bbox 964 1322 1076 1377; x_wconf 83' lang='grc'><strong>13131133</strong></span> <span class='ocrx_word' id='word_1_222' title='bbox 1090 1324 1208 1391; x_wconf 82' lang='lat' dir='ltr'><strong>ejusdem</strong></span> <span class='ocrx_word' id='word_1_223' title='bbox 1223 1323 1279 1377; x_wconf 86' lang='lat' dir='ltr'><strong>lere</strong></span> <span class='ocrx_word' id='word_1_224' title='bbox 1296 1325 1383 1379; x_wconf 80' lang='grc'><strong>313113</strong></span> <span class='ocrx_word' id='word_1_225' title='bbox 1396 1335 1489 1379; x_wconf 82' lang='lat' dir='ltr'><strong>auctor</strong></span> <span class='ocrx_word' id='word_1_226' title='bbox 1508 1324 1599 1379; x_wconf 88' lang='lat' dir='ltr'><strong>luerit.</strong></span> <span class='ocrx_word' id='word_1_227' title='bbox 1616 1323 1676 1379; x_wconf 87' lang='lat' dir='ltr'><strong>Nori</strong></span> <span class='ocrx_word' id='word_1_228' title='bbox 1690 1339 1754 1394; x_wconf 87' lang='lat' dir='ltr'><strong>ergo</strong></span> 
     </span>
     <span class='ocr_line' id='line_1_17' title="bbox 120 1391 1632 1464; baseline 0.002 -20"><span class='ocrx_word' id='word_1_229' title='bbox 120 1400 147 1444; x_wconf 89' lang='lat' dir='ltr'><strong>ct</strong></span> <span class='ocrx_word' id='word_1_230' title='bbox 160 1395 221 1461; x_wconf 89' lang='lat' dir='ltr'><strong>quia</strong></span> <span class='ocrx_word' id='word_1_231' title='bbox 234 1401 326 1462; x_wconf 85' lang='lat' dir='ltr'><strong>aperta</strong></span> <span class='ocrx_word' id='word_1_232' title='bbox 338 1394 458 1446; x_wconf 88' lang='lat' dir='ltr'><strong>continet</strong></span> <span class='ocrx_word' id='word_1_233' title='bbox 470 1391 618 1457; x_wconf 87' lang='lat' dir='ltr'><strong>mendacia,</strong></span> <span class='ocrx_word' id='word_1_234' title='bbox 632 1403 659 1447; x_wconf 90' lang='lat' dir='ltr'><strong>et</strong></span> <span class='ocrx_word' id='word_1_235' title='bbox 669 1392 734 1448; x_wconf 87' lang='lat' dir='ltr'><strong>salsa</strong></span> <span class='ocrx_word' id='word_1_236' title='bbox 750 1394 912 1458; x_wconf 85' lang='lat' dir='ltr'><strong>testimonia,</strong></span> <span class='ocrx_word' id='word_1_237' title='bbox 963 1399 1038 1447; x_wconf 90' lang='lat' dir='ltr'><strong>earet</strong></span> <span class='ocrx_word' id='word_1_238' title='bbox 1048 1394 1091 1447; x_wconf 89' lang='grc'><strong>1313</strong></span> <span class='ocrx_word' id='word_1_239' title='bbox 1101 1393 1195 1447; x_wconf 88' lang='lat' dir='ltr'><strong>modus</strong></span> <span class='ocrx_word' id='word_1_240' title='bbox 1206 1394 1310 1448; x_wconf 91' lang='lat' dir='ltr'><strong>dicendi</strong></span> <span class='ocrx_word' id='word_1_241' title='bbox 1322 1395 1452 1464; x_wconf 84' lang='lat' dir='ltr'><strong>probabili</strong></span> <span class='ocrx_word' id='word_1_242' title='bbox 1465 1395 1632 1464; x_wconf 82' lang='lat' dir='ltr'><strong>conjectura.</strong></span> 
     </span>
     <span class='ocr_line' id='line_1_18' title="bbox 57 1460 1753 1534; baseline 0.002 -19"><span class='ocrx_word' id='word_1_243' title='bbox 57 1460 63 1467; x_wconf 83' lang='grc'><strong><em>’</em></strong></span> <span class='ocrx_word' id='word_1_244' title='bbox 121 1461 914 1533; x_wconf 73' lang='grc' dir='ltr'><strong>333111333333333131333311ι131113333333131333333·</strong></span> <span class='ocrx_word' id='word_1_245' title='bbox 1001 1461 1106 1528; x_wconf 75' lang='lat' dir='ltr'><strong>‹Quia</strong></span> <span class='ocrx_word' id='word_1_246' title='bbox 1131 1471 1221 1517; x_wconf 90' lang='lat' dir='ltr'><strong>tamen</strong></span> <span class='ocrx_word' id='word_1_247' title='bbox 1245 1470 1286 1518; x_wconf 89' lang='grc'><strong>131</strong></span> <span class='ocrx_word' id='word_1_248' title='bbox 1298 1464 1426 1528; x_wconf 79' lang='lat' dir='ltr'><strong>historie,</strong></span> <span class='ocrx_word' id='word_1_249' title='bbox 1445 1481 1504 1534; x_wconf 81' lang='lat' dir='ltr'><strong>quar</strong></span> <span class='ocrx_word' id='word_1_250' title='bbox 1522 1467 1690 1520; x_wconf 79' lang='lat' dir='ltr'><strong>mentionem</strong></span> <span class='ocrx_word' id='word_1_251' title='bbox 1712 1460 1753 1517; x_wconf 85' lang='grc'><strong>13·</strong></span> 
     </span>
     <span class='ocr_line' id='line_1_19' title="bbox 121 1529 1754 1600; baseline 0.002 -19"><span class='ocrx_word' id='word_1_252' title='bbox 121 1537 175 1583; x_wconf 84' lang='lat' dir='ltr'><strong>siat</strong></span> <span class='ocrx_word' id='word_1_253' title='bbox 186 1531 238 1584; x_wconf 91' lang='lat' dir='ltr'><strong>tale</strong></span> <span class='ocrx_word' id='word_1_254' title='bbox 250 1532 429 1585; x_wconf 88' lang='grc'><strong>13311333133</strong></span> <span class='ocrx_word' id='word_1_255' title='bbox 448 1545 508 1585; x_wconf 55' lang='lat' dir='ltr'><strong>esse</strong></span> <span class='ocrx_word' id='word_1_256' title='bbox 520 1532 665 1595; x_wconf 86' lang='lat' dir='ltr'><strong>llineniaii,</strong></span> <span class='ocrx_word' id='word_1_257' title='bbox 675 1534 725 1586; x_wconf 90' lang='lat' dir='ltr'><strong>nisi</strong></span> <span class='ocrx_word' id='word_1_258' title='bbox 737 1547 769 1587; x_wconf 85' lang='lat' dir='ltr'><strong>ex</strong></span> <span class='ocrx_word' id='word_1_259' title='bbox 784 1533 914 1587; x_wconf 84' lang='lat' dir='ltr'><strong>relatione</strong></span> <span class='ocrx_word' id='word_1_260' title='bbox 963 1531 1038 1584; x_wconf 84' lang='grc'><strong>31331</strong></span> <span class='ocrx_word' id='word_1_261' title='bbox 1051 1532 1157 1586; x_wconf 81' lang='lat' dir='ltr'><strong>concilii</strong></span> <span class='ocrx_word' id='word_1_262' title='bbox 1181 1532 1200 1585; x_wconf 88' lang='lat' dir='ltr'>F</span> <span class='ocrx_word' id='word_1_263' title='bbox 1204 1533 1438 1598; x_wconf 89' lang='lat' dir='ltr'><strong>rancolurdiensis,</strong></span> <span class='ocrx_word' id='word_1_264' title='bbox 1462 1534 1580 1588; x_wconf 89' lang='lat' dir='ltr'><strong>releruiit</strong></span> <span class='ocrx_word' id='word_1_265' title='bbox 1595 1529 1698 1600; x_wconf 88' lang='lat' dir='ltr'><strong>aliquid</strong></span> <span class='ocrx_word' id='word_1_266' title='bbox 1722 1533 1754 1587; x_wconf 89' lang='lat' dir='ltr'><strong>de</strong></span> 
     </span>
     <span class='ocr_line' id='line_1_20' title="bbox 121 1600 1753 1672; baseline 0.001 -18"><span class='ocrx_word' id='word_1_267' title='bbox 121 1600 239 1654; x_wconf 88' lang='grc'><strong>13331313</strong></span> <span class='ocrx_word' id='word_1_268' title='bbox 256 1601 385 1664; x_wconf 81' lang='lat' dir='ltr'><strong>baeretici,</strong></span> <span class='ocrx_word' id='word_1_269' title='bbox 411 1607 437 1653; x_wconf 90' lang='lat' dir='ltr'><strong>et</strong></span> <span class='ocrx_word' id='word_1_270' title='bbox 461 1601 546 1655; x_wconf 87' lang='lat' dir='ltr'><strong>bostis</strong></span> <span class='ocrx_word' id='word_1_271' title='bbox 568 1602 713 1671; x_wconf 77' lang='lat' dir='ltr'><strong>imaginum</strong></span> <span class='ocrx_word' id='word_1_272' title='bbox 728 1619 735 1656; x_wconf 76' lang='grc' dir='ltr'>ε</span> <span class='ocrx_word' id='word_1_273' title='bbox 748 1611 776 1655; x_wconf 92' lang='grc'><strong>31</strong></span> <span class='ocrx_word' id='word_1_274' title='bbox 798 1603 860 1671; x_wconf 89' lang='lat' dir='ltr'><strong>quia</strong></span> <span class='ocrx_word' id='word_1_275' title='bbox 881 1616 912 1656; x_wconf 91' lang='grc'><strong>33</strong></span> <span class='ocrx_word' id='word_1_276' title='bbox 964 1600 1124 1669; x_wconf 86' lang='lat' dir='ltr'><strong>imaginibus</strong></span> <span class='ocrx_word' id='word_1_277' title='bbox 1134 1603 1201 1657; x_wconf 90' lang='lat' dir='ltr'><strong>ineo</strong></span> <span class='ocrx_word' id='word_1_278' title='bbox 1215 1612 1304 1657; x_wconf 89' lang='lat' dir='ltr'><strong>aetum</strong></span> <span class='ocrx_word' id='word_1_279' title='bbox 1314 1617 1384 1667; x_wconf 86' lang='lat' dir='ltr'><strong>esse,</strong></span> <span class='ocrx_word' id='word_1_280' title='bbox 1396 1604 1524 1672; x_wconf 89' lang='lat' dir='ltr'><strong>suspicari</strong></span> <span class='ocrx_word' id='word_1_281' title='bbox 1534 1611 1635 1672; x_wconf 85' lang='lat' dir='ltr'><strong>cogunt</strong></span> <span class='ocrx_word' id='word_1_282' title='bbox 1647 1600 1753 1670; x_wconf 81' lang='lat' dir='ltr'><strong>aliquod</strong></span> 
     </span>
     <span class='ocr_line' id='line_1_21' title="bbox 120 1668 1754 1743; baseline -0.001 -16"><span class='ocrx_word' id='word_1_283' title='bbox 120 1670 188 1737; x_wconf 75' lang='lat' dir='ltr'><strong>ipsa,</strong></span> <span class='ocrx_word' id='word_1_284' title='bbox 206 1685 265 1739; x_wconf 81' lang='lat' dir='ltr'><strong>qum</strong></span> <span class='ocrx_word' id='word_1_285' title='bbox 286 1670 312 1724; x_wconf 94' lang='lat' dir='ltr'><strong>in</strong></span> <span class='ocrx_word' id='word_1_286' title='bbox 328 1671 371 1724; x_wconf 92' lang='lat' dir='ltr'><strong>illo</strong></span> <span class='ocrx_word' id='word_1_287' title='bbox 389 1671 544 1725; x_wconf 89' lang='lat' dir='ltr'><strong>testimonio</strong></span> <span class='ocrx_word' id='word_1_288' title='bbox 566 1672 729 1737; x_wconf 88' lang='grc'><strong>3313313133,</strong></span> <span class='ocrx_word' id='word_1_289' title='bbox 742 1688 835 1743; x_wconf 84' lang='lat' dir='ltr'><strong>parum</strong></span> <span class='ocrx_word' id='word_1_290' title='bbox 850 1679 913 1726; x_wconf 89' lang='lat' dir='ltr'><strong>sunt</strong></span> <span class='ocrx_word' id='word_1_291' title='bbox 964 1668 1089 1725; x_wconf 85' lang='lat' dir='ltr'><strong>babuisse</strong></span> <span class='ocrx_word' id='word_1_292' title='bbox 1103 1668 1181 1739; x_wconf 81' lang='lat' dir='ltr'><strong>hujus</strong></span> <span class='ocrx_word' id='word_1_293' title='bbox 1196 1675 1236 1726; x_wconf 89' lang='lat' dir='ltr'><strong>rei</strong></span> <span class='ocrx_word' id='word_1_294' title='bbox 1254 1672 1472 1739; x_wconf 80' lang='lat' dir='ltr'><strong>tundamentum,</strong></span> <span class='ocrx_word' id='word_1_295' title='bbox 1487 1682 1513 1727; x_wconf 94' lang='lat' dir='ltr'><strong>et</strong></span> <span class='ocrx_word' id='word_1_296' title='bbox 1527 1673 1623 1729; x_wconf 86' lang='grc'><strong>331133</strong></span> <span class='ocrx_word' id='word_1_297' title='bbox 1635 1672 1754 1726; x_wconf 89' lang='lat' dir='ltr'><strong>traditio·</strong></span> 
     </span>
     <span class='ocr_line' id='line_1_22' title="bbox 121 1739 1753 1812; baseline 0.002 -22"><span class='ocrx_word' id='word_1_298' title='bbox 121 1740 292 1801; x_wconf 81' lang='grc'><strong>3331313113,</strong></span> <span class='ocrx_word' id='word_1_299' title='bbox 323 1749 350 1794; x_wconf 87' lang='grc'><strong>31</strong></span> <span class='ocrx_word' id='word_1_300' title='bbox 375 1740 436 1794; x_wconf 90' lang='lat' dir='ltr'><strong>aliis</strong></span> <span class='ocrx_word' id='word_1_301' title='bbox 466 1743 547 1795; x_wconf 89' lang='lat' dir='ltr'><strong>certis</strong></span> <span class='ocrx_word' id='word_1_302' title='bbox 577 1741 696 1796; x_wconf 91' lang='lat' dir='ltr'><strong>liistoriis</strong></span> <span class='ocrx_word' id='word_1_303' title='bbox 720 1750 910 1796; x_wconf 84' lang='lat' dir='ltr'><strong>consentanea.</strong></span> <span class='ocrx_word' id='word_1_304' title='bbox 964 1754 998 1792; x_wconf 93' lang='lat' dir='ltr'><strong>ne</strong></span> <span class='ocrx_word' id='word_1_305' title='bbox 1013 1739 1137 1795; x_wconf 84' lang='grc'><strong>3311333</strong></span> <span class='ocrx_word' id='word_1_306' title='bbox 1154 1740 1412 1809; x_wconf 88' lang='lat' dir='ltr'><strong>publicaadeorum</strong></span> <span class='ocrx_word' id='word_1_307' title='bbox 1434 1741 1753 1812; x_wconf 84' lang='lat' dir='ltr'><strong>auresperreuisse,qiri</strong></span> 
     </span>
     <span class='ocr_line' id='line_1_23' title="bbox 121 1805 1751 1889; baseline 0 -26"><span class='ocrx_word' id='word_1_308' title='bbox 121 1808 250 1864; x_wconf 74' lang='lat' dir='ltr'><strong>Videatur</strong></span> <span class='ocrx_word' id='word_1_309' title='bbox 262 1810 394 1889; x_wconf 82' lang='lat' dir='ltr'><strong>integrum</strong></span> <span class='ocrx_word' id='word_1_310' title='bbox 404 1825 471 1878; x_wconf 89' lang='lat' dir='ltr'><strong>opus</strong></span> <span class='ocrx_word' id='word_1_311' title='bbox 485 1812 569 1880; x_wconf 87' lang='lat' dir='ltr'><strong>ipsius</strong></span> <span class='ocrx_word' id='word_1_312' title='bbox 584 1811 719 1866; x_wconf 89' lang='lat' dir='ltr'><strong>llinemari</strong></span> <span class='ocrx_word' id='word_1_313' title='bbox 730 1810 801 1880; x_wconf 92' lang='lat' dir='ltr'><strong>quod</strong></span> <span class='ocrx_word' id='word_1_314' title='bbox 811 1805 912 1866; x_wconf 91' lang='lat' dir='ltr'><strong>editum</strong></span> <span class='ocrx_word' id='word_1_315' title='bbox 964 1808 1015 1865; x_wconf 92' lang='lat' dir='ltr'><strong>boe</strong></span> <span class='ocrx_word' id='word_1_316' title='bbox 1028 1811 1146 1864; x_wconf 88' lang='lat' dir='ltr'><strong>scribere</strong></span> <span class='ocrx_word' id='word_1_317' title='bbox 1155 1827 1196 1866; x_wconf 85' lang='lat' dir='ltr'><strong>coe</strong></span> <span class='ocrx_word' id='word_1_318' title='bbox 1231 1818 1302 1874; x_wconf 91' lang='lat' dir='ltr'><strong>runt,</strong></span> <span class='ocrx_word' id='word_1_319' title='bbox 1313 1810 1414 1865; x_wconf 80' lang='lat' dir='ltr'><strong>Adonis</strong></span> <span class='ocrx_word' id='word_1_320' title='bbox 1424 1812 1561 1877; x_wconf 90' lang='lat' dir='ltr'><strong>nimirum,</strong></span> <span class='ocrx_word' id='word_1_321' title='bbox 1572 1808 1615 1864; x_wconf 89' lang='grc'><strong>331</strong></span> <span class='ocrx_word' id='word_1_322' title='bbox 1626 1810 1751 1873; x_wconf 79' lang='grc'><strong>1133131,</strong></span> 
     </span>
     <span class='ocr_line' id='line_1_24' title="bbox 119 1826 1752 1950; baseline 0.001 -19"><span class='ocrx_word' id='word_1_323' title='bbox 119 1885 164 1932; x_wconf 89' lang='grc'><strong>331</strong></span> <span class='ocrx_word' id='word_1_324' title='bbox 174 1894 244 1934; x_wconf 90' lang='lat' dir='ltr'><strong>auno</strong></span> <span class='ocrx_word' id='word_1_325' title='bbox 255 1879 323 1933; x_wconf 80' lang='lat' dir='ltr'><strong>lete</strong></span> <span class='ocrx_word' id='word_1_326' title='bbox 335 1879 455 1944; x_wconf 89' lang='lat' dir='ltr'><strong>Parisiis,</strong></span> <span class='ocrx_word' id='word_1_327' title='bbox 465 1881 511 1935; x_wconf 91' lang='lat' dir='ltr'><strong>ubi</strong></span> <span class='ocrx_word' id='word_1_328' title='bbox 519 1881 635 1935; x_wconf 89' lang='lat' dir='ltr'><strong>sineulla</strong></span> <span class='ocrx_word' id='word_1_329' title='bbox 647 1881 770 1937; x_wconf 87' lang='lat' dir='ltr'><strong>lectionis</strong></span> <span class='ocrx_word' id='word_1_330' title='bbox 784 1881 913 1936; x_wconf 84' lang='grc'><strong>3331313313</strong></span> <span class='ocrx_word' id='word_1_331' title='bbox 962 1889 1007 1933; x_wconf 92' lang='lat' dir='ltr'><strong>am</strong></span> <span class='ocrx_word' id='word_1_332' title='bbox 1017 1879 1173 1950; x_wconf 83' lang='lat' dir='ltr'><strong>Reginonis.</strong></span> <span class='ocrx_word' id='word_1_333' title='bbox 1185 1826 1273 1947; x_wconf 67' lang='lat' dir='ltr'><strong>(iiiam</strong></span> <span class='ocrx_word' id='word_1_334' title='bbox 1287 1879 1415 1935; x_wconf 84' lang='lat' dir='ltr'><strong>credibile</strong></span> <span class='ocrx_word' id='word_1_335' title='bbox 1425 1888 1465 1935; x_wconf 91' lang='lat' dir='ltr'><strong>est</strong></span> <span class='ocrx_word' id='word_1_336' title='bbox 1480 1882 1646 1935; x_wconf 82' lang='lat' dir='ltr'><strong>Hadrianum</strong></span> <span class='ocrx_word' id='word_1_337' title='bbox 1656 1894 1752 1949; x_wconf 87' lang='lat' dir='ltr'><strong>papam</strong></span> 
     </span>
     <span class='ocr_line' id='line_1_25' title="bbox 121 1945 1753 2036; baseline 0 -35"><span class='ocrx_word' id='word_1_338' title='bbox 121 1945 346 2019; x_wconf 74' lang='lat' dir='ltr'><strong>Connaminopoli</strong></span> <span class='ocrx_word' id='word_1_339' title='bbox 369 1949 476 2004; x_wconf 90' lang='lat' dir='ltr'><strong>icitur.</strong></span> <span class='ocrx_word' id='word_1_340' title='bbox 507 1949 572 2017; x_wconf 79' lang='lat' dir='ltr'><strong>Quae</strong></span> <span class='ocrx_word' id='word_1_341' title='bbox 583 1952 709 2019; x_wconf 88' lang='lat' dir='ltr'><strong>opuscula</strong></span> <span class='ocrx_word' id='word_1_342' title='bbox 721 1967 794 2006; x_wconf 91' lang='lat' dir='ltr'><strong>nune</strong></span> <span class='ocrx_word' id='word_1_343' title='bbox 808 1951 912 2036; x_wconf 77' lang='lat' dir='ltr'><strong>integra</strong></span> <span class='ocrx_word' id='word_1_344' title='bbox 962 1964 1024 2002; x_wconf 90' lang='lat' dir='ltr'><strong>euin</strong></span> <span class='ocrx_word' id='word_1_345' title='bbox 1038 1949 1140 2020; x_wconf 90' lang='lat' dir='ltr'><strong>legatos</strong></span> <span class='ocrx_word' id='word_1_346' title='bbox 1157 1949 1267 2005; x_wconf 87' lang='lat' dir='ltr'><strong>suosad</strong></span> <span class='ocrx_word' id='word_1_347' title='bbox 1286 1951 1429 2004; x_wconf 86' lang='lat' dir='ltr'><strong>concilium</strong></span> <span class='ocrx_word' id='word_1_348' title='bbox 1440 1949 1683 2005; x_wconf 83' lang='lat' dir='ltr'><strong>Francolordicnse</strong></span> <span class='ocrx_word' id='word_1_349' title='bbox 1698 1951 1753 2027; x_wconf 78' lang='grc'><strong>311-</strong></span> 
     </span>
     <span class='ocr_line' id='line_1_26' title="bbox 120 1966 1752 2097; baseline 0.001 -27"><span class='ocrx_word' id='word_1_350' title='bbox 120 2019 240 2086; x_wconf 82' lang='lat' dir='ltr'><strong>reperies</strong></span> <span class='ocrx_word' id='word_1_351' title='bbox 260 1966 458 2074; x_wconf 76' lang='lat' dir='ltr'><strong>iiibibliotieca</strong></span> <span class='ocrx_word' id='word_1_352' title='bbox 479 2028 600 2074; x_wconf 84' lang='lat' dir='ltr'><strong>veterum</strong></span> <span class='ocrx_word' id='word_1_353' title='bbox 624 2022 733 2075; x_wconf 83' lang='lat' dir='ltr'><strong>Petrum</strong></span> <span class='ocrx_word' id='word_1_354' title='bbox 757 2020 912 2076; x_wconf 78' lang='grc'><strong>3331311318</strong></span> <span class='ocrx_word' id='word_1_355' title='bbox 963 2026 1041 2084; x_wconf 88' lang='grc'><strong>13331,</strong></span> <span class='ocrx_word' id='word_1_356' title='bbox 1055 2034 1101 2087; x_wconf 93' lang='lat' dir='ltr'><strong>per</strong></span> <span class='ocrx_word' id='word_1_357' title='bbox 1118 2020 1178 2074; x_wconf 90' lang='lat' dir='ltr'><strong>illos</strong></span> <span class='ocrx_word' id='word_1_358' title='bbox 1197 2021 1277 2074; x_wconf 91' lang='lat' dir='ltr'><strong>etiarn</strong></span> <span class='ocrx_word' id='word_1_359' title='bbox 1305 2020 1410 2074; x_wconf 88' lang='lat' dir='ltr'><strong>misisse</strong></span> <span class='ocrx_word' id='word_1_360' title='bbox 1436 2029 1497 2074; x_wconf 90' lang='grc'><strong>3313</strong></span> <span class='ocrx_word' id='word_1_361' title='bbox 1513 2018 1621 2074; x_wconf 88' lang='grc'><strong>33331111</strong></span> <span class='ocrx_word' id='word_1_362' title='bbox 1641 2016 1752 2097; x_wconf 67' lang='grc'><strong>111333,</strong></span> 
     </span>
     <span class='ocr_line' id='line_1_27' title="bbox 120 2085 1753 2166; baseline -0.002 -23"><span class='ocrx_word' id='word_1_363' title='bbox 120 2085 238 2143; x_wconf 75' lang='lat' dir='ltr'><strong>Colonia</strong></span> <span class='ocrx_word' id='word_1_364' title='bbox 251 2089 783 2158; x_wconf 81' lang='grc'><strong>333333.1133311331333333331331133,</strong></span> <span class='ocrx_word' id='word_1_365' title='bbox 796 2106 856 2144; x_wconf 90' lang='lat' dir='ltr'><strong>cum</strong></span> <span class='ocrx_word' id='word_1_366' title='bbox 869 2103 913 2142; x_wconf 89' lang='lat' dir='ltr'><strong>ue·</strong></span> <span class='ocrx_word' id='word_1_367' title='bbox 962 2091 1033 2154; x_wconf 92' lang='lat' dir='ltr'><strong>qund</strong></span> <span class='ocrx_word' id='word_1_368' title='bbox 1053 2088 1098 2143; x_wconf 93' lang='lat' dir='ltr'><strong>illo</strong></span> <span class='ocrx_word' id='word_1_369' title='bbox 1111 2090 1204 2144; x_wconf 90' lang='lat' dir='ltr'><strong>codem</strong></span> <span class='ocrx_word' id='word_1_370' title='bbox 1218 2088 1563 2158; x_wconf 73' lang='grc'><strong>1333333131333133331,</strong></span> <span class='ocrx_word' id='word_1_371' title='bbox 1587 2095 1618 2141; x_wconf 91' lang='lat' dir='ltr'><strong>ut</strong></span> <span class='ocrx_word' id='word_1_372' title='bbox 1632 2086 1753 2166; x_wconf 78' lang='lat' dir='ltr'><strong>delinitio</strong></span> 
     </span>
     <span class='ocr_line' id='line_1_28' title="bbox 117 2154 1752 2229; baseline 0 -18"><span class='ocrx_word' id='word_1_373' title='bbox 117 2172 184 2227; x_wconf 86' lang='lat' dir='ltr'><strong>gare</strong></span> <span class='ocrx_word' id='word_1_374' title='bbox 197 2174 250 2213; x_wconf 92' lang='lat' dir='ltr'><strong>uon</strong></span> <span class='ocrx_word' id='word_1_375' title='bbox 274 2161 407 2226; x_wconf 87' lang='lat' dir='ltr'><strong>possimus</strong></span> <span class='ocrx_word' id='word_1_376' title='bbox 430 2174 550 2214; x_wconf 90' lang='lat' dir='ltr'><strong>errorem</strong></span> <span class='ocrx_word' id='word_1_377' title='bbox 563 2161 678 2229; x_wconf 84' lang='lat' dir='ltr'><strong>aliquem</strong></span> <span class='ocrx_word' id='word_1_378' title='bbox 693 2162 720 2214; x_wconf 91' lang='lat' dir='ltr'><strong>iii</strong></span> <span class='ocrx_word' id='word_1_379' title='bbox 730 2174 823 2214; x_wconf 88' lang='lat' dir='ltr'><strong>eorum</strong></span> <span class='ocrx_word' id='word_1_380' title='bbox 836 2160 912 2214; x_wconf 85' lang='lat' dir='ltr'><strong>libris</strong></span> <span class='ocrx_word' id='word_1_381' title='bbox 962 2157 1034 2213; x_wconf 83' lang='lat' dir='ltr'><strong>illius</strong></span> <span class='ocrx_word' id='word_1_382' title='bbox 1047 2160 1095 2212; x_wconf 91' lang='lat' dir='ltr'><strong>toti</strong></span> <span class='ocrx_word' id='word_1_383' title='bbox 1107 2159 1245 2215; x_wconf 88' lang='lat' dir='ltr'><strong>Occidenti</strong></span> <span class='ocrx_word' id='word_1_384' title='bbox 1254 2161 1443 2214; x_wconf 86' lang='lat' dir='ltr'><strong>innotesceret.</strong></span> <span class='ocrx_word' id='word_1_385' title='bbox 1460 2158 1547 2228; x_wconf 74' lang='lat' dir='ltr'><strong>Atque</strong></span> <span class='ocrx_word' id='word_1_386' title='bbox 1564 2158 1602 2211; x_wconf 88' lang='lat' dir='ltr'><strong>ita</strong></span> <span class='ocrx_word' id='word_1_387' title='bbox 1615 2154 1677 2209; x_wconf 88' lang='lat' dir='ltr'><strong>lieri</strong></span> <span class='ocrx_word' id='word_1_388' title='bbox 1691 2154 1752 2211; x_wconf 82' lang='grc'><strong>1333·</strong></span> 
     </span>
     <span class='ocr_line' id='line_1_29' title="bbox 121 2225 1753 2299; baseline -0.001 -18"><span class='ocrx_word' id='word_1_389' title='bbox 121 2228 243 2297; x_wconf 88' lang='lat' dir='ltr'><strong>reperiri,</strong></span> <span class='ocrx_word' id='word_1_390' title='bbox 259 2230 369 2283; x_wconf 87' lang='lat' dir='ltr'><strong>omnino</strong></span> <span class='ocrx_word' id='word_1_391' title='bbox 381 2237 525 2283; x_wconf 84' lang='lat' dir='ltr'><strong>enervatur</strong></span> <span class='ocrx_word' id='word_1_392' title='bbox 540 2231 566 2284; x_wconf 93' lang='lat' dir='ltr'><strong>in</strong></span> <span class='ocrx_word' id='word_1_393' title='bbox 590 2230 640 2286; x_wconf 87' lang='lat' dir='ltr'><strong>bac</strong></span> <span class='ocrx_word' id='word_1_394' title='bbox 665 2239 742 2299; x_wconf 86' lang='lat' dir='ltr'><strong>parte</strong></span> <span class='ocrx_word' id='word_1_395' title='bbox 756 2245 849 2284; x_wconf 89' lang='lat' dir='ltr'><strong>eorum</strong></span> <span class='ocrx_word' id='word_1_396' title='bbox 868 2244 912 2283; x_wconf 89' lang='lat' dir='ltr'><strong>aii·</strong></span> <span class='ocrx_word' id='word_1_397' title='bbox 960 2231 987 2282; x_wconf 93' lang='lat' dir='ltr'><strong>le</strong></span> <span class='ocrx_word' id='word_1_398' title='bbox 1001 2228 1102 2298; x_wconf 89' lang='lat' dir='ltr'><strong>potuit,</strong></span> <span class='ocrx_word' id='word_1_399' title='bbox 1116 2236 1146 2282; x_wconf 90' lang='lat' dir='ltr'><strong>ut</strong></span> <span class='ocrx_word' id='word_1_400' title='bbox 1164 2229 1190 2282; x_wconf 93' lang='lat' dir='ltr'><strong>iu</strong></span> <span class='ocrx_word' id='word_1_401' title='bbox 1204 2229 1319 2283; x_wconf 89' lang='lat' dir='ltr'><strong>concilio</strong></span> <span class='ocrx_word' id='word_1_402' title='bbox 1330 2227 1564 2282; x_wconf 70' lang='lat' dir='ltr'><strong>francofordiensi</strong></span> <span class='ocrx_word' id='word_1_403' title='bbox 1578 2225 1645 2281; x_wconf 92' lang='lat' dir='ltr'><strong>nibil</strong></span> <span class='ocrx_word' id='word_1_404' title='bbox 1667 2225 1753 2280; x_wconf 85' lang='grc'><strong>1131313</strong></span> 
     </span>
     <span class='ocr_line' id='line_1_30' title="bbox 120 2297 1753 2370; baseline -0.002 -18"><span class='ocrx_word' id='word_1_405' title='bbox 120 2299 243 2353; x_wconf 88' lang='grc'><strong>31331133.</strong></span> <span class='ocrx_word' id='word_1_406' title='bbox 261 2297 373 2367; x_wconf 82' lang='lat' dir='ltr'><strong>Propter</strong></span> <span class='ocrx_word' id='word_1_407' title='bbox 384 2300 455 2367; x_wconf 91' lang='lat' dir='ltr'><strong>quud</strong></span> <span class='ocrx_word' id='word_1_408' title='bbox 474 2308 566 2368; x_wconf 85' lang='lat' dir='ltr'><strong>posset</strong></span> <span class='ocrx_word' id='word_1_409' title='bbox 586 2299 682 2370; x_wconf 89' lang='lat' dir='ltr'><strong>aliquis</strong></span> <span class='ocrx_word' id='word_1_410' title='bbox 696 2300 780 2355; x_wconf 86' lang='lat' dir='ltr'><strong>libere</strong></span> <span class='ocrx_word' id='word_1_411' title='bbox 802 2314 911 2368; x_wconf 87' lang='lat' dir='ltr'><strong>negare,</strong></span> <span class='ocrx_word' id='word_1_412' title='bbox 961 2300 994 2353; x_wconf 90' lang='lat' dir='ltr'><strong>de</strong></span> <span class='ocrx_word' id='word_1_413' title='bbox 1010 2299 1169 2368; x_wconf 82' lang='lat' dir='ltr'><strong>iniagiuibus</strong></span> <span class='ocrx_word' id='word_1_414' title='bbox 1179 2306 1313 2367; x_wconf 89' lang='lat' dir='ltr'><strong>ageretur,</strong></span> <span class='ocrx_word' id='word_1_415' title='bbox 1328 2299 1369 2351; x_wconf 89' lang='grc'><strong>331</strong></span> <span class='ocrx_word' id='word_1_416' title='bbox 1380 2298 1559 2362; x_wconf 81' lang='lat' dir='ltr'><strong>scriberetur,</strong></span> <span class='ocrx_word' id='word_1_417' title='bbox 1571 2304 1753 2365; x_wconf 74' lang='lat' dir='ltr'><strong>preteracee·</strong></span> 
     </span>
     <span class='ocr_line' id='line_1_31' title="bbox 141 2364 1752 2446; baseline -0.003 -24"><span class='ocrx_word' id='word_1_418' title='bbox 141 2366 268 2436; x_wconf 88' lang='lat' dir='ltr'><strong>uidquam</strong></span> <span class='ocrx_word' id='word_1_419' title='bbox 295 2378 384 2424; x_wconf 91' lang='lat' dir='ltr'><strong>actum</strong></span> <span class='ocrx_word' id='word_1_420' title='bbox 409 2382 469 2422; x_wconf 91' lang='lat' dir='ltr'><strong>esse</strong></span> <span class='ocrx_word' id='word_1_421' title='bbox 495 2370 528 2424; x_wconf 90' lang='lat' dir='ltr'><strong>de</strong></span> <span class='ocrx_word' id='word_1_422' title='bbox 554 2371 715 2440; x_wconf 90' lang='lat' dir='ltr'><strong>imaginibus</strong></span> <span class='ocrx_word' id='word_1_423' title='bbox 744 2370 771 2424; x_wconf 92' lang='lat' dir='ltr'><strong>in</strong></span> <span class='ocrx_word' id='word_1_424' title='bbox 797 2369 911 2423; x_wconf 88' lang='lat' dir='ltr'><strong>coneilio</strong></span> <span class='ocrx_word' id='word_1_425' title='bbox 961 2369 1108 2436; x_wconf 80' lang='lat' dir='ltr'><strong>patinueui</strong></span> <span class='ocrx_word' id='word_1_426' title='bbox 1131 2364 1752 2446; x_wconf 75' lang='grc'><strong>33331111111333331,3133333331333333111333333</strong></span> 
     </span>
     <span class='ocr_line' id='line_1_32' title="bbox 121 2384 1752 2513; baseline -0.001 -22"><span class='ocrx_word' id='word_1_427' title='bbox 121 2384 366 2502; x_wconf 75' lang='lat' dir='ltr'><strong>irruenter-diensi,</strong></span> <span class='ocrx_word' id='word_1_428' title='bbox 383 2453 469 2507; x_wconf 88' lang='lat' dir='ltr'><strong>neque</strong></span> <span class='ocrx_word' id='word_1_429' title='bbox 479 2454 528 2507; x_wconf 88' lang='lat' dir='ltr'><strong>pro</strong></span> <span class='ocrx_word' id='word_1_430' title='bbox 542 2439 604 2504; x_wconf 90' lang='lat' dir='ltr'><strong>illis,</strong></span> <span class='ocrx_word' id='word_1_431' title='bbox 629 2454 716 2509; x_wconf 90' lang='lat' dir='ltr'><strong>neque</strong></span> <span class='ocrx_word' id='word_1_432' title='bbox 731 2447 824 2495; x_wconf 89' lang='lat' dir='ltr'><strong>contra</strong></span> <span class='ocrx_word' id='word_1_433' title='bbox 841 2439 910 2503; x_wconf 89' lang='lat' dir='ltr'><strong>illas,</strong></span> <span class='ocrx_word' id='word_1_434' title='bbox 961 2447 1067 2506; x_wconf 88' lang='lat' dir='ltr'><strong>patrum</strong></span> <span class='ocrx_word' id='word_1_435' title='bbox 1083 2437 1110 2490; x_wconf 93' lang='lat' dir='ltr'><strong>in</strong></span> <span class='ocrx_word' id='word_1_436' title='bbox 1123 2437 1274 2494; x_wconf 89' lang='lat' dir='ltr'><strong>damnando</strong></span> <span class='ocrx_word' id='word_1_437' title='bbox 1285 2437 1491 2507; x_wconf 77' lang='lat' dir='ltr'><strong>pseudosynodo</strong></span> <span class='ocrx_word' id='word_1_438' title='bbox 1504 2433 1752 2513; x_wconf 72' lang='lat' dir='ltr'><strong>Constantinopoli·</strong></span> 
     </span>
     <span class='ocr_line' id='line_1_33' title="bbox 121 2504 1754 2585; baseline -0.003 -24"><span class='ocrx_word' id='word_1_439' title='bbox 121 2508 184 2577; x_wconf 88' lang='lat' dir='ltr'><strong>quia</strong></span> <span class='ocrx_word' id='word_1_440' title='bbox 206 2522 293 2576; x_wconf 87' lang='lat' dir='ltr'><strong>ireque</strong></span> <span class='ocrx_word' id='word_1_441' title='bbox 301 2517 409 2562; x_wconf 86' lang='lat' dir='ltr'><strong>exstant</strong></span> <span class='ocrx_word' id='word_1_442' title='bbox 430 2517 488 2563; x_wconf 89' lang='lat' dir='ltr'><strong>acta</strong></span> <span class='ocrx_word' id='word_1_443' title='bbox 505 2509 576 2563; x_wconf 90' lang='lat' dir='ltr'><strong>illius</strong></span> <span class='ocrx_word' id='word_1_444' title='bbox 597 2510 704 2564; x_wconf 88' lang='grc'><strong>33331111</strong></span> <span class='ocrx_word' id='word_1_445' title='bbox 728 2509 815 2579; x_wconf 91' lang='lat' dir='ltr'><strong>quoad</strong></span> <span class='ocrx_word' id='word_1_446' title='bbox 842 2509 912 2562; x_wconf 89' lang='lat' dir='ltr'><strong>hane</strong></span> <span class='ocrx_word' id='word_1_447' title='bbox 962 2515 1047 2559; x_wconf 90' lang='lat' dir='ltr'><strong>tana:</strong></span> <span class='ocrx_word' id='word_1_448' title='bbox 1067 2514 1095 2560; x_wconf 91' lang='lat' dir='ltr'><strong>et</strong></span> <span class='ocrx_word' id='word_1_449' title='bbox 1112 2507 1163 2561; x_wconf 88' lang='lat' dir='ltr'><strong>linc</strong></span> <span class='ocrx_word' id='word_1_450' title='bbox 1180 2507 1293 2562; x_wconf 87' lang='grc'><strong>13313333</strong></span> <span class='ocrx_word' id='word_1_451' title='bbox 1309 2507 1433 2576; x_wconf 89' lang='lat' dir='ltr'><strong>estquod</strong></span> <span class='ocrx_word' id='word_1_452' title='bbox 1447 2504 1505 2561; x_wconf 82' lang='lat' dir='ltr'><strong>ddo</strong></span> <span class='ocrx_word' id='word_1_453' title='bbox 1522 2505 1649 2585; x_wconf 80' lang='lat' dir='ltr'><strong>brevibus</strong></span> <span class='ocrx_word' id='word_1_454' title='bbox 1666 2504 1754 2557; x_wconf 81' lang='grc'><strong>333133</strong></span> 
     </span>
     <span class='ocr_line' id='line_1_34' title="bbox 121 2576 1752 2653; baseline -0.003 -23"><span class='ocrx_word' id='word_1_455' title='bbox 121 2579 685 2647; x_wconf 69' lang='grc'><strong>1133133,3333333113333313333113311333</strong></span> <span class='ocrx_word' id='word_1_456' title='bbox 711 2594 742 2632; x_wconf 92' lang='lat' dir='ltr'><strong>ea</strong></span> <span class='ocrx_word' id='word_1_457' title='bbox 764 2593 793 2633; x_wconf 92' lang='lat' dir='ltr'><strong>se</strong></span> <span class='ocrx_word' id='word_1_458' title='bbox 812 2578 912 2631; x_wconf 86' lang='lat' dir='ltr'><strong>vidisse</strong></span> <span class='ocrx_word' id='word_1_459' title='bbox 962 2576 1064 2630; x_wconf 88' lang='grc'><strong>3313333</strong></span> <span class='ocrx_word' id='word_1_460' title='bbox 1084 2578 1167 2631; x_wconf 89' lang='grc'><strong>331311</strong></span> <span class='ocrx_word' id='word_1_461' title='bbox 1177 2579 1255 2646; x_wconf 81' lang='lat' dir='ltr'><strong>juxta</strong></span> <span class='ocrx_word' id='word_1_462' title='bbox 1278 2591 1386 2631; x_wconf 88' lang='lat' dir='ltr'><strong>sensum</strong></span> <span class='ocrx_word' id='word_1_463' title='bbox 1409 2591 1488 2646; x_wconf 84' lang='lat' dir='ltr'><strong>supra</strong></span> <span class='ocrx_word' id='word_1_464' title='bbox 1504 2576 1634 2629; x_wconf 86' lang='lat' dir='ltr'><strong>traditum</strong></span> <span class='ocrx_word' id='word_1_465' title='bbox 1648 2591 1656 2627; x_wconf 75' lang='grc' dir='ltr'><strong>ε</strong></span> <span class='ocrx_word' id='word_1_466' title='bbox 1672 2581 1700 2626; x_wconf 89' lang='grc'><strong>31</strong></span> <span class='ocrx_word' id='word_1_467' title='bbox 1710 2585 1752 2653; x_wconf 82' lang='lat' dir='ltr'><strong>ea·</strong></span> 
     </span>
     <span class='ocr_line' id='line_1_35' title="bbox 122 2642 1776 2718; baseline -0.005 -16"><span class='ocrx_word' id='word_1_468' title='bbox 122 2645 310 2703; x_wconf 76' lang='grc'><strong>3313313313</strong></span> <span class='ocrx_word' id='word_1_469' title='bbox 342 2665 402 2718; x_wconf 71' lang='lat' dir='ltr'><strong>quae</strong></span> <span class='ocrx_word' id='word_1_470' title='bbox 429 2649 547 2704; x_wconf 75' lang='lat' dir='ltr'><strong>baeretici</strong></span> <span class='ocrx_word' id='word_1_471' title='bbox 572 2652 624 2704; x_wconf 89' lang='lat' dir='ltr'><strong>isto</strong></span> <span class='ocrx_word' id='word_1_472' title='bbox 644 2658 762 2716; x_wconf 89' lang='lat' dir='ltr'><strong>tempore</strong></span> <span class='ocrx_word' id='word_1_473' title='bbox 787 2649 837 2702; x_wconf 89' lang='lat' dir='ltr'><strong>sub</strong></span> <span class='ocrx_word' id='word_1_474' title='bbox 860 2649 912 2702; x_wconf 91' lang='grc'><strong>1333</strong></span> <span class='ocrx_word' id='word_1_475' title='bbox 961 2646 1021 2700; x_wconf 88' lang='lat' dir='ltr'><strong>dciii</strong></span> <span class='ocrx_word' id='word_1_476' title='bbox 1037 2647 1205 2701; x_wconf 89' lang='lat' dir='ltr'><strong>estaliomm</strong></span> <span class='ocrx_word' id='word_1_477' title='bbox 1220 2648 1364 2710; x_wconf 87' lang='lat' dir='ltr'><strong>sententia,</strong></span> <span class='ocrx_word' id='word_1_478' title='bbox 1381 2647 1504 2714; x_wconf 80' lang='lat' dir='ltr'><strong>quamvis</strong></span> <span class='ocrx_word' id='word_1_479' title='bbox 1523 2646 1598 2700; x_wconf 86' lang='lat' dir='ltr'><strong>cirea</strong></span> <span class='ocrx_word' id='word_1_480' title='bbox 1616 2658 1662 2698; x_wconf 88' lang='lat' dir='ltr'><strong>res</strong></span> <span class='ocrx_word' id='word_1_481' title='bbox 1687 2642 1776 2703; x_wconf 80' lang='lat' dir='ltr'><strong>abas·</strong></span> 
     </span>
     <span class='ocr_line' id='line_1_36' title="bbox 121 2714 1753 2839; baseline -0.004 -69"><span class='ocrx_word' id='word_1_482' title='bbox 121 2718 229 2773; x_wconf 66' lang='lat' dir='ltr'><strong>nemine</strong></span> <span class='ocrx_word' id='word_1_483' title='bbox 239 2718 419 2788; x_wconf 73' lang='lat' dir='ltr'><strong>divulgarunt,</strong></span> <span class='ocrx_word' id='word_1_484' title='bbox 430 2721 463 2772; x_wconf 90' lang='lat' dir='ltr'><strong>ali</strong></span> <span class='ocrx_word' id='word_1_485' title='bbox 477 2719 516 2773; x_wconf 90' lang='lat' dir='ltr'><strong>eis</strong></span> <span class='ocrx_word' id='word_1_486' title='bbox 526 2721 605 2788; x_wconf 89' lang='lat' dir='ltr'><strong>plane</strong></span> <span class='ocrx_word' id='word_1_487' title='bbox 616 2721 731 2773; x_wconf 89' lang='grc'><strong>33311313</strong></span> <span class='ocrx_word' id='word_1_488' title='bbox 746 2727 809 2772; x_wconf 89' lang='grc'><strong>33331</strong></span> <span class='ocrx_word' id='word_1_489' title='bbox 822 2736 827 2770; x_wconf 86' lang='grc'>;</span> <span class='ocrx_word' id='word_1_490' title='bbox 842 2716 912 2771; x_wconf 91' lang='lat' dir='ltr'><strong>unde</strong></span> <span class='ocrx_word' id='word_1_491' title='bbox 960 2716 1002 2770; x_wconf 90' lang='grc'><strong>331</strong></span> <span class='ocrx_word' id='word_1_492' title='bbox 1024 2715 1250 2786; x_wconf 77' lang='lat' dir='ltr'><strong>circumstantias·</strong></span> <span class='ocrx_word' id='word_1_493' title='bbox 1262 2717 1430 2839; x_wconf 68' lang='lat' dir='ltr'><strong>pertinentes</strong></span> <span class='ocrx_word' id='word_1_494' title='bbox 1447 2716 1480 2770; x_wconf 92' lang='lat' dir='ltr'><strong>ad</strong></span> <span class='ocrx_word' id='word_1_495' title='bbox 1496 2714 1569 2796; x_wconf 77' lang='lat' dir='ltr'><strong>iilam</strong></span> <span class='ocrx_word' id='word_1_496' title='bbox 1589 2714 1753 2794; x_wconf 73' lang='lat' dir='ltr'><strong>pseudosyn-</strong></span> 
     </span>
     <span class='ocr_line' id='line_1_37' title="bbox 121 2784 1753 2862; baseline -0.004 -22"><span class='ocrx_word' id='word_1_497' title='bbox 121 2802 209 2856; x_wconf 90' lang='lat' dir='ltr'><strong>neque</strong></span> <span class='ocrx_word' id='word_1_498' title='bbox 227 2790 363 2857; x_wconf 83' lang='lat' dir='ltr'><strong>exemplar</strong></span> <span class='ocrx_word' id='word_1_499' title='bbox 375 2794 558 2859; x_wconf 76' lang='lat' dir='ltr'><strong>designanter</strong></span> <span class='ocrx_word' id='word_1_500' title='bbox 571 2804 624 2858; x_wconf 90' lang='lat' dir='ltr'><strong>quo</strong></span> <span class='ocrx_word' id='word_1_501' title='bbox 648 2789 692 2842; x_wconf 89' lang='lat' dir='ltr'><strong>illa</strong></span> <span class='ocrx_word' id='word_1_502' title='bbox 715 2788 910 2851; x_wconf 88' lang='lat' dir='ltr'><strong>traustiderint,</strong></span> <span class='ocrx_word' id='word_1_503' title='bbox 960 2784 1753 2862; x_wconf 75' lang='lat' dir='ltr'><strong>ortumConstantiiiopoiianam,errorenialiqueiuexiguo</strong></span> 
     </span>
     <span class='ocr_line' id='line_1_38' title="bbox 121 2855 1754 2931; baseline -0.005 -20"><span class='ocrx_word' id='word_1_504' title='bbox 121 2872 208 2927; x_wconf 90' lang='lat' dir='ltr'><strong>neque</strong></span> <span class='ocrx_word' id='word_1_505' title='bbox 232 2858 320 2914; x_wconf 91' lang='lat' dir='ltr'><strong>locum</strong></span> <span class='ocrx_word' id='word_1_506' title='bbox 346 2860 372 2913; x_wconf 91' lang='grc'><strong>13</strong></span> <span class='ocrx_word' id='word_1_507' title='bbox 400 2876 453 2929; x_wconf 88' lang='lat' dir='ltr'><strong>quo</strong></span> <span class='ocrx_word' id='word_1_508' title='bbox 469 2861 599 2914; x_wconf 88' lang='grc'><strong>1333133333</strong></span> <span class='ocrx_word' id='word_1_509' title='bbox 613 2858 777 2920; x_wconf 84' lang='lat' dir='ltr'><strong>delituerint,</strong></span> <span class='ocrx_word' id='word_1_510' title='bbox 807 2857 912 2927; x_wconf 88' lang='lat' dir='ltr'><strong>ipsique</strong></span> <span class='ocrx_word' id='word_1_511' title='bbox 961 2856 1360 2912; x_wconf 80' lang='lat' dir='ltr'><strong>rationebistorimmisenerint.</strong></span> <span class='ocrx_word' id='word_1_512' title='bbox 1371 2855 1455 2920; x_wconf 79' lang='lat' dir='ltr'><strong>Quem</strong></span> <span class='ocrx_word' id='word_1_513' title='bbox 1466 2860 1754 2931; x_wconf 79' lang='lat' dir='ltr'><strong>erroremposteriorer</strong></span> 
     </span>
     <span class='ocr_line' id='line_1_39' title="bbox 121 2925 1754 2998; baseline -0.004 -17"><span class='ocrx_word' id='word_1_514' title='bbox 121 2927 281 2982; x_wconf 83' lang='lat' dir='ltr'><strong>invenerint.</strong></span> <span class='ocrx_word' id='word_1_515' title='bbox 304 2928 394 2998; x_wconf 82' lang='lat' dir='ltr'><strong>Neque</strong></span> <span class='ocrx_word' id='word_1_516' title='bbox 409 2931 491 2984; x_wconf 87' lang='lat' dir='ltr'><strong>etiarn</strong></span> <span class='ocrx_word' id='word_1_517' title='bbox 505 2928 538 2982; x_wconf 90' lang='lat' dir='ltr'><strong>ad</strong></span> <span class='ocrx_word' id='word_1_518' title='bbox 552 2931 663 2983; x_wconf 85' lang='grc'><strong>3331333</strong></span> <span class='ocrx_word' id='word_1_519' title='bbox 683 2927 839 2982; x_wconf 88' lang='lat' dir='ltr'><strong>describunt</strong></span> <span class='ocrx_word' id='word_1_520' title='bbox 851 2936 911 2981; x_wconf 87' lang='grc'><strong>3313</strong></span> <span class='ocrx_word' id='word_1_521' title='bbox 960 2925 1092 2990; x_wconf 86' lang='lat' dir='ltr'><strong>historici,</strong></span> <span class='ocrx_word' id='word_1_522' title='bbox 1110 2927 1278 2990; x_wconf 84' lang='grc'><strong>3131311333,</strong></span> <span class='ocrx_word' id='word_1_523' title='bbox 1294 2925 1480 2987; x_wconf 88' lang='lat' dir='ltr'><strong>emendarunt,</strong></span> <span class='ocrx_word' id='word_1_524' title='bbox 1491 2925 1591 2993; x_wconf 89' lang='lat' dir='ltr'><strong>partim</strong></span> <span class='ocrx_word' id='word_1_525' title='bbox 1608 2930 1714 2976; x_wconf 90' lang='lat' dir='ltr'><strong>ratione</strong></span> <span class='ocrx_word' id='word_1_526' title='bbox 1727 2927 1754 2975; x_wconf 94' lang='grc'><strong>31</strong></span> 
     </span>
     <span class='ocr_line' id='line_1_40' title="bbox 119 2991 1754 3074; baseline -0.004 -24"><span class='ocrx_word' id='word_1_527' title='bbox 119 2997 239 3062; x_wconf 78' lang='lat' dir='ltr'><strong>aemilii,</strong></span> <span class='ocrx_word' id='word_1_528' title='bbox 262 3001 331 3052; x_wconf 88' lang='grc'><strong>31331</strong></span> <span class='ocrx_word' id='word_1_529' title='bbox 347 3002 373 3053; x_wconf 92' lang='lat' dir='ltr'><strong>iii</strong></span> <span class='ocrx_word' id='word_1_530' title='bbox 388 3000 447 3054; x_wconf 86' lang='lat' dir='ltr'><strong>aliis</strong></span> <span class='ocrx_word' id='word_1_531' title='bbox 457 2998 579 3052; x_wconf 89' lang='lat' dir='ltr'><strong>conciliis</strong></span> <span class='ocrx_word' id='word_1_532' title='bbox 591 3000 630 3065; x_wconf 85' lang='lat' dir='ltr'><strong>iit,</strong></span> <span class='ocrx_word' id='word_1_533' title='bbox 646 2997 754 3052; x_wconf 84' lang='lat' dir='ltr'><strong>etaient</strong></span> <span class='ocrx_word' id='word_1_534' title='bbox 768 2998 909 3051; x_wconf 89' lang='lat' dir='ltr'><strong>uoshabe-</strong></span> <span class='ocrx_word' id='word_1_535' title='bbox 960 3004 1035 3050; x_wconf 90' lang='lat' dir='ltr'><strong>eerta</strong></span> <span class='ocrx_word' id='word_1_536' title='bbox 1048 2994 1201 3064; x_wconf 81' lang='lat' dir='ltr'><strong>eonieetura</strong></span> <span class='ocrx_word' id='word_1_537' title='bbox 1214 2997 1286 3051; x_wconf 91' lang='lat' dir='ltr'><strong>dueti</strong></span> <span class='ocrx_word' id='word_1_538' title='bbox 1297 3037 1304 3056; x_wconf 83' lang='lat'><strong>,</strong></span> <span class='ocrx_word' id='word_1_539' title='bbox 1316 2994 1415 3063; x_wconf 90' lang='lat' dir='ltr'><strong>partim</strong></span> <span class='ocrx_word' id='word_1_540' title='bbox 1426 2995 1488 3064; x_wconf 87' lang='lat' dir='ltr'><strong>quia</strong></span> <span class='ocrx_word' id='word_1_541' title='bbox 1510 2993 1542 3074; x_wconf 84' lang='lat' dir='ltr'><strong>de</strong></span> <span class='ocrx_word' id='word_1_542' title='bbox 1566 2991 1754 3074; x_wconf 75' lang='grc'><strong>1113333333-</strong></span> 
     </span>
     <span class='ocr_line' id='line_1_41' title="bbox 120 3042 1754 3137; baseline -0.004 -18"><span class='ocrx_word' id='word_1_543' title='bbox 120 3082 182 3120; x_wconf 72' lang='lat' dir='ltr'><strong>iiius</strong></span> <span class='ocrx_word' id='word_1_544' title='bbox 193 3082 252 3120; x_wconf 91' lang='lat' dir='ltr'><strong>eain</strong></span> <span class='ocrx_word' id='word_1_545' title='bbox 268 3078 371 3135; x_wconf 87' lang='lat' dir='ltr'><strong>partein</strong></span> <span class='ocrx_word' id='word_1_546' title='bbox 384 3068 462 3137; x_wconf 86' lang='lat' dir='ltr'><strong>liujus</strong></span> <span class='ocrx_word' id='word_1_547' title='bbox 474 3068 589 3135; x_wconf 87' lang='lat' dir='ltr'><strong>concilii,</strong></span> <span class='ocrx_word' id='word_1_548' title='bbox 604 3084 664 3137; x_wconf 82' lang='lat' dir='ltr'><strong>quar</strong></span> <span class='ocrx_word' id='word_1_549' title='bbox 682 3075 725 3122; x_wconf 90' lang='lat' dir='ltr'><strong>est</strong></span> <span class='ocrx_word' id='word_1_550' title='bbox 736 3066 769 3121; x_wconf 91' lang='lat' dir='ltr'><strong>de</strong></span> <span class='ocrx_word' id='word_1_551' title='bbox 783 3066 910 3120; x_wconf 84' lang='lat' dir='ltr'><strong>filiatione</strong></span> <span class='ocrx_word' id='word_1_552' title='bbox 923 3042 946 3104; x_wconf 77' lang='lat' dir='ltr'>C</span> <span class='ocrx_word' id='word_1_553' title='bbox 961 3067 1014 3121; x_wconf 91' lang='lat' dir='ltr'><strong>odo</strong></span> <span class='ocrx_word' id='word_1_554' title='bbox 1024 3065 1163 3121; x_wconf 89' lang='lat' dir='ltr'><strong>clariorem</strong></span> <span class='ocrx_word' id='word_1_555' title='bbox 1178 3067 1301 3121; x_wconf 91' lang='lat' dir='ltr'><strong>notitiam</strong></span> <span class='ocrx_word' id='word_1_556' title='bbox 1320 3063 1407 3133; x_wconf 88' lang='lat' dir='ltr'><strong>adepti</strong></span> <span class='ocrx_word' id='word_1_557' title='bbox 1420 3072 1492 3118; x_wconf 90' lang='lat' dir='ltr'><strong>suut.</strong></span> <span class='ocrx_word' id='word_1_558' title='bbox 1511 3061 1558 3118; x_wconf 84' lang='lat' dir='ltr'><strong>Sic</strong></span> <span class='ocrx_word' id='word_1_559' title='bbox 1585 3068 1670 3131; x_wconf 91' lang='lat' dir='ltr'><strong>igitur</strong></span> <span class='ocrx_word' id='word_1_560' title='bbox 1686 3075 1713 3113; x_wconf 93' lang='lat' dir='ltr'><strong>m</strong></span> <span class='ocrx_word' id='word_1_561' title='bbox 1727 3072 1754 3113; x_wconf 88' lang='lat' dir='ltr'><strong>ro</strong></span> 
     </span>
     <span class='ocr_line' id='line_1_42' title="bbox 121 3133 1753 3205; baseline -0.005 -16"><span class='ocrx_word' id='word_1_562' title='bbox 121 3135 245 3205; x_wconf 78' lang='lat' dir='ltr'><strong>adoptiva</strong></span> <span class='ocrx_word' id='word_1_563' title='bbox 254 3136 364 3192; x_wconf 86' lang='lat' dir='ltr'><strong>Christi.</strong></span> <span class='ocrx_word' id='word_1_564' title='bbox 965 3144 1018 3190; x_wconf 92' lang='grc'><strong>133</strong></span> <span class='ocrx_word' id='word_1_565' title='bbox 1030 3136 1133 3192; x_wconf 87' lang='lat' dir='ltr'><strong>ineerta</strong></span> <span class='ocrx_word' id='word_1_566' title='bbox 1148 3137 1244 3191; x_wconf 90' lang='lat' dir='ltr'><strong>merito</strong></span> <span class='ocrx_word' id='word_1_567' title='bbox 1258 3136 1398 3191; x_wconf 88' lang='lat' dir='ltr'><strong>concilium</strong></span> <span class='ocrx_word' id='word_1_568' title='bbox 1411 3133 1567 3188; x_wconf 78' lang='lat' dir='ltr'><strong>senonense</strong></span> <span class='ocrx_word' id='word_1_569' title='bbox 1579 3145 1639 3185; x_wconf 87' lang='lat' dir='ltr'><strong>eam</strong></span> <span class='ocrx_word' id='word_1_570' title='bbox 1652 3136 1753 3200; x_wconf 89' lang='lat' dir='ltr'><strong>parterii</strong></span> 
     </span>
     <span class='ocr_line' id='line_1_43' title="bbox 160 3197 1754 3276; baseline -0.003 -20"><span class='ocrx_word' id='word_1_571' title='bbox 160 3225 169 3256; x_wconf 87' lang='grc'><strong>3</strong></span> <span class='ocrx_word' id='word_1_572' title='bbox 188 3207 306 3275; x_wconf 88' lang='lat' dir='ltr'><strong>benique</strong></span> <span class='ocrx_word' id='word_1_573' title='bbox 317 3208 399 3262; x_wconf 84' lang='lat' dir='ltr'><strong>Jonas</strong></span> <span class='ocrx_word' id='word_1_574' title='bbox 412 3208 622 3271; x_wconf 78' lang='lat' dir='ltr'><strong>Aurelianensis,</strong></span> <span class='ocrx_word' id='word_1_575' title='bbox 638 3207 683 3276; x_wconf 90' lang='lat' dir='ltr'><strong>qui</strong></span> <span class='ocrx_word' id='word_1_576' title='bbox 695 3205 774 3275; x_wconf 73' lang='lat' dir='ltr'><strong>[mulo</strong></span> <span class='ocrx_word' id='word_1_577' title='bbox 790 3203 913 3274; x_wconf 79' lang='grc'><strong>333113-</strong></span> <span class='ocrx_word' id='word_1_578' title='bbox 963 3205 1170 3274; x_wconf 87' lang='lat' dir='ltr'><strong>probabiliorem</strong></span> <span class='ocrx_word' id='word_1_579' title='bbox 1187 3207 1283 3276; x_wconf 90' lang='lat' dir='ltr'><strong>elegit,</strong></span> <span class='ocrx_word' id='word_1_580' title='bbox 1298 3221 1357 3274; x_wconf 82' lang='lat' dir='ltr'><strong>qun</strong></span> <span class='ocrx_word' id='word_1_581' title='bbox 1381 3203 1419 3257; x_wconf 91' lang='lat' dir='ltr'><strong>ait</strong></span> <span class='ocrx_word' id='word_1_582' title='bbox 1435 3202 1581 3258; x_wconf 89' lang='lat' dir='ltr'><strong>concilium</strong></span> <span class='ocrx_word' id='word_1_583' title='bbox 1594 3197 1754 3256; x_wconf 83' lang='lat' dir='ltr'><strong>Francolor·</strong></span> 
     </span>
     <span class='ocr_line' id='line_1_44' title="bbox 120 3275 1417 3348; baseline -0.003 -18"><span class='ocrx_word' id='word_1_584' title='bbox 120 3277 210 3332; x_wconf 88' lang='lat' dir='ltr'><strong>reluiu</strong></span> <span class='ocrx_word' id='word_1_585' title='bbox 222 3275 344 3348; x_wconf 83' lang='lat' dir='ltr'><strong>lingiiuui</strong></span> <span class='ocrx_word' id='word_1_586' title='bbox 355 3277 453 3343; x_wconf 88' lang='lat' dir='ltr'><strong>lloruit,</strong></span> <span class='ocrx_word' id='word_1_587' title='bbox 466 3288 493 3332; x_wconf 90' lang='grc'><strong>31</strong></span> <span class='ocrx_word' id='word_1_588' title='bbox 503 3286 596 3332; x_wconf 87' lang='grc'><strong>3311133</strong></span> <span class='ocrx_word' id='word_1_589' title='bbox 611 3278 751 3332; x_wconf 77' lang='lat' dir='ltr'><strong>Claudiurn</strong></span> <span class='ocrx_word' id='word_1_590' title='bbox 764 3275 912 3328; x_wconf 81' lang='grc'><strong>133331333-</strong></span> <span class='ocrx_word' id='word_1_591' title='bbox 964 3277 1057 3332; x_wconf 89' lang='lat' dir='ltr'><strong>diense</strong></span> <span class='ocrx_word' id='word_1_592' title='bbox 1070 3275 1179 3332; x_wconf 79' lang='lat' dir='ltr'><strong>Nieaeno</strong></span> <span class='ocrx_word' id='word_1_593' title='bbox 1189 3292 1209 3332; x_wconf 91' lang='lat' dir='ltr'><strong>ii</strong></span> <span class='ocrx_word' id='word_1_594' title='bbox 1223 3275 1417 3332; x_wconf 78' lang='lat' dir='ltr'><strong>consensisse.»</strong></span> 
     </span>
    </p>
   </div>
   <div class='ocr_carea' id='block_1_3' title="bbox 610 3485 1746 3516">
    <p class='ocr_par' dir='ltr' id='par_1_3' title="bbox 610 3485 1746 3516">
     <span class='ocr_line' id='line_1_45' title="bbox 610 3485 1746 3516; baseline -0.009 0"><span class='ocrx_word' id='word_1_595' title='bbox 610 3485 1746 3516; x_wconf 54' lang='grc' dir='ltr'><em>Μ</em></span> 
     </span>
    </p>
   </div>
   <div class='ocr_carea' id='block_1_4' title="bbox 687 3608 1197 3673">
    <p class='ocr_par' dir='ltr' id='par_1_4' title="bbox 687 3608 1197 3673">
     <span class='ocr_line' id='line_1_46' title="bbox 687 3608 1197 3673; baseline -0.01 0"><span class='ocrx_word' id='word_1_596' title='bbox 687 3613 744 3673; x_wconf 77' lang='lat' dir='ltr'><strong>EX</strong></span> <span class='ocrx_word' id='word_1_597' title='bbox 765 3609 938 3672; x_wconf 54' lang='lat' dir='ltr'><strong>brt&#39;rdeis</strong></span> <span class='ocrx_word' id='word_1_598' title='bbox 962 3608 1197 3668; x_wconf 77' lang='lat' dir='ltr'><strong>ueuxdubui</strong></span> 
     </span>
    </p>
   </div>
   <div class='ocr_carea' id='block_1_5' title="bbox 510 3761 1356 4012">
    <p class='ocr_par' dir='ltr' id='par_1_5' title="bbox 510 3761 1356 4012">
     <span class='ocr_line' id='line_1_47' title="bbox 510 3761 1356 3853; baseline -0.019 0"><span class='ocrx_word' id='word_1_599' title='bbox 510 3771 921 3853; x_wconf 65' lang='lat' dir='ltr'><strong>bissti&#39;itidl‘lddli</strong></span> <span class='ocrx_word' id='word_1_600' title='bbox 952 3767 1015 3845; x_wconf 82' lang='lat' dir='ltr'><strong>DE</strong></span> <span class='ocrx_word' id='word_1_601' title='bbox 1050 3761 1356 3844; x_wconf 74' lang='lat' dir='ltr'><strong>lbtduldlitbs</strong></span> 
     </span>
     <span class='ocr_line' id='line_1_48' title="bbox 780 3938 1103 4012; baseline -0.019 0"><span class='ocrx_word' id='word_1_602' title='bbox 780 3938 1103 4012; x_wconf 78' lang='lat' dir='ltr'><strong>EXCERPTA.</strong></span> 
     </span>
    </p>
   </div>
   <div class='ocr_carea' id='block_1_6' title="bbox 115 4196 1749 4341">
    <p class='ocr_par' dir='ltr' id='par_1_6' title="bbox 115 4196 1749 4341">
     <span class='ocr_line' id='line_1_49' title="bbox 115 4196 1749 4341; baseline 0.021 -120"><span class='ocrx_word' id='word_1_603' title='bbox 115 4207 138 4284; x_wconf 51' lang='grc' dir='ltr'>ἱ</span> <span class='ocrx_word' id='word_1_604' title='bbox 146 4209 173 4266; x_wconf 44' lang='grc'><strong>,1.</strong></span> <span class='ocrx_word' id='word_1_605' title='bbox 187 4237 221 4251; x_wconf 88' lang='grc'><strong>...</strong></span> <span class='ocrx_word' id='word_1_606' title='bbox 237 4204 396 4276; x_wconf 82' lang='lat' dir='ltr'><strong>Propoiiitiir</strong></span> <span class='ocrx_word' id='word_1_607' title='bbox 409 4202 518 4271; x_wconf 80' lang='lat' dir='ltr'><strong>objectio</strong></span> <span class='ocrx_word' id='word_1_608' title='bbox 534 4199 673 4254; x_wconf 80' lang='grc'><strong>1131133133</strong></span> <span class='ocrx_word' id='word_1_609' title='bbox 689 4197 761 4251; x_wconf 77' lang='lat' dir='ltr'><strong>libris</strong></span> <span class='ocrx_word' id='word_1_610' title='bbox 775 4196 907 4253; x_wconf 83' lang='lat' dir='ltr'><strong>Coroliuii</strong></span> <span class='ocrx_word' id='word_1_611' title='bbox 963 4233 1023 4274; x_wconf 63' lang='lat' dir='ltr'>esse</span> <span class='ocrx_word' id='word_1_612' title='bbox 1037 4215 1396 4285; x_wconf 59' lang='lat' dir='ltr'><strong>imaginiqusexhqngqum,</strong></span> <span class='ocrx_word' id='word_1_613' title='bbox 1413 4231 1422 4264; x_wconf 64' lang='lat'>4</span> <span class='ocrx_word' id='word_1_614' title='bbox 1438 4213 1542 4280; x_wconf 62' lang='lat' dir='ltr'><strong>sorum,</strong></span> <span class='ocrx_word' id='word_1_615' title='bbox 1560 4216 1659 4341; x_wconf 48' lang='lat' dir='ltr'><strong>inaug,</strong></span> <span class='ocrx_word' id='word_1_616' title='bbox 1674 4219 1749 4275; x_wconf 58' lang='lat' dir='ltr'><strong>pem„</strong></span> 
     </span>
    </p>
   </div>
   <div class='ocr_carea' id='block_1_7' title="bbox 94 4272 1753 5700">
    <p class='ocr_par' dir='ltr' id='par_1_7' title="bbox 471 4272 1749 4356">
     <span class='ocr_line' id='line_1_50' title="bbox 471 4272 1749 4356; baseline -0.01 -6"><span class='ocrx_word' id='word_1_617' title='bbox 471 4272 562 4340; x_wconf 59' lang='lat' dir='ltr'><strong>veiim·</strong></span> <span class='ocrx_word' id='word_1_618' title='bbox 964 4288 1062 4351; x_wconf 88' lang='grc'><strong>331333,</strong></span> <span class='ocrx_word' id='word_1_619' title='bbox 1077 4288 1163 4356; x_wconf 92' lang='lat' dir='ltr'><strong>ipsum</strong></span> <span class='ocrx_word' id='word_1_620' title='bbox 1176 4287 1299 4349; x_wconf 90' lang='lat' dir='ltr'><strong>adorare,</strong></span> <span class='ocrx_word' id='word_1_621' title='bbox 1315 4285 1401 4353; x_wconf 87' lang='lat' dir='ltr'><strong>ipsum</strong></span> <span class='ocrx_word' id='word_1_622' title='bbox 1420 4284 1574 4352; x_wconf 83' lang='lat' dir='ltr'><strong>glorilleare</strong></span> <span class='ocrx_word' id='word_1_623' title='bbox 1610 4288 1699 4349; x_wconf 77' lang='lat' dir='ltr'><strong>ebore,</strong></span> <span class='ocrx_word' id='word_1_624' title='bbox 1713 4296 1749 4342; x_wconf 73' lang='grc'><strong>13</strong></span> 
     </span>
    </p>

    <p class='ocr_par' dir='ltr' id='par_1_8' title="bbox 94 4337 1750 4856">
     <span class='ocr_line' id='line_1_51' title="bbox 157 4337 1750 4438; baseline -0.009 -14"><span class='ocrx_word' id='word_1_625' title='bbox 157 4368 272 4425; x_wconf 81' lang='lat' dir='ltr'><strong>balbam</strong></span> <span class='ocrx_word' id='word_1_626' title='bbox 284 4363 428 4420; x_wconf 76' lang='lat' dir='ltr'><strong>Caluinista</strong></span> <span class='ocrx_word' id='word_1_627' title='bbox 442 4361 540 4428; x_wconf 86' lang='lat' dir='ltr'><strong>aliique</strong></span> <span class='ocrx_word' id='word_1_628' title='bbox 553 4359 673 4428; x_wconf 79' lang='lat' dir='ltr'><strong>ejusdcm</strong></span> <span class='ocrx_word' id='word_1_629' title='bbox 688 4365 777 4421; x_wconf 76' lang='lat' dir='ltr'><strong>secte,</strong></span> <span class='ocrx_word' id='word_1_630' title='bbox 798 4366 826 4413; x_wconf 91' lang='lat' dir='ltr'><strong>et</strong></span> <span class='ocrx_word' id='word_1_631' title='bbox 842 4357 909 4415; x_wconf 82' lang='lat' dir='ltr'><strong>For·</strong></span> <span class='ocrx_word' id='word_1_632' title='bbox 923 4337 949 4398; x_wconf 78' lang='grc' dir='ltr'><strong>Ῑ)</strong></span> <span class='ocrx_word' id='word_1_633' title='bbox 964 4361 1017 4413; x_wconf 89' lang='grc'><strong>1133</strong></span> <span class='ocrx_word' id='word_1_634' title='bbox 1029 4354 1293 4437; x_wconf 57' lang='grc'><strong>3113133331331313333</strong></span> <span class='ocrx_word' id='word_1_635' title='bbox 1315 4356 1382 4437; x_wconf 76' lang='lat' dir='ltr'><strong>tuba</strong></span> <span class='ocrx_word' id='word_1_636' title='bbox 1401 4354 1528 4436; x_wconf 80' lang='lat' dir='ltr'><strong>terribilis</strong></span> <span class='ocrx_word' id='word_1_637' title='bbox 1549 4354 1667 4438; x_wconf 78' lang='lat' dir='ltr'><strong>intonat.</strong></span> <span class='ocrx_word' id='word_1_638' title='bbox 1682 4356 1750 4414; x_wconf 85' lang='lat' dir='ltr'><strong>Unde</strong></span> 
     </span>
     <span class='ocr_line' id='line_1_52' title="bbox 124 4423 1750 4509; baseline -0.007 -16"><span class='ocrx_word' id='word_1_639' title='bbox 124 4440 216 4496; x_wconf 90' lang='lat' dir='ltr'><strong>besius</strong></span> <span class='ocrx_word' id='word_1_640' title='bbox 236 4435 334 4504; x_wconf 89' lang='lat' dir='ltr'><strong>aliique</strong></span> <span class='ocrx_word' id='word_1_641' title='bbox 355 4431 502 4485; x_wconf 89' lang='lat' dir='ltr'><strong>Lutlicrani</strong></span> <span class='ocrx_word' id='word_1_642' title='bbox 525 4431 678 4498; x_wconf 87' lang='lat' dir='ltr'><strong>scriptores,</strong></span> <span class='ocrx_word' id='word_1_643' title='bbox 701 4436 794 4482; x_wconf 88' lang='lat' dir='ltr'><strong>contra</strong></span> <span class='ocrx_word' id='word_1_644' title='bbox 815 4430 910 4502; x_wconf 88' lang='lat' dir='ltr'><strong>dogma</strong></span> <span class='ocrx_word' id='word_1_645' title='bbox 963 4428 1110 4484; x_wconf 85' lang='grc'><strong>33333133</strong></span> <span class='ocrx_word' id='word_1_646' title='bbox 1131 4424 1186 4507; x_wconf 75' lang='lat' dir='ltr'><strong>illis</strong></span> <span class='ocrx_word' id='word_1_647' title='bbox 1205 4432 1257 4506; x_wconf 74' lang='lat' dir='ltr'><strong>est,</strong></span> <span class='ocrx_word' id='word_1_648' title='bbox 1271 4431 1298 4479; x_wconf 89' lang='lat' dir='ltr'><strong>et</strong></span> <span class='ocrx_word' id='word_1_649' title='bbox 1313 4423 1399 4479; x_wconf 82' lang='lat' dir='ltr'><strong>modis</strong></span> <span class='ocrx_word' id='word_1_650' title='bbox 1418 4425 1544 4479; x_wconf 89' lang='lat' dir='ltr'><strong>omnibus</strong></span> <span class='ocrx_word' id='word_1_651' title='bbox 1565 4435 1750 4509; x_wconf 71' lang='lat' dir='ltr'><strong>pertimeseen</strong></span> 
     </span>
     <span class='ocr_line' id='line_1_53' title="bbox 122 4494 1750 4569; baseline -0.009 -4"><span class='ocrx_word' id='word_1_652' title='bbox 122 4506 284 4566; x_wconf 80' lang='lat' dir='ltr'><strong>catholicum</strong></span> <span class='ocrx_word' id='word_1_653' title='bbox 307 4504 339 4557; x_wconf 89' lang='lat' dir='ltr'><strong>de</strong></span> <span class='ocrx_word' id='word_1_654' title='bbox 362 4500 509 4569; x_wconf 75' lang='lat' dir='ltr'><strong>imaginum</strong></span> <span class='ocrx_word' id='word_1_655' title='bbox 529 4515 666 4555; x_wconf 87' lang='lat' dir='ltr'><strong>sacrarum</strong></span> <span class='ocrx_word' id='word_1_656' title='bbox 687 4500 867 4565; x_wconf 79' lang='lat' dir='ltr'><strong>redemtione,</strong></span> <span class='ocrx_word' id='word_1_657' title='bbox 883 4501 912 4554; x_wconf 90' lang='lat' dir='ltr'><strong>li·</strong></span> <span class='ocrx_word' id='word_1_658' title='bbox 963 4500 1034 4559; x_wconf 82' lang='lat' dir='ltr'><strong>dum,</strong></span> <span class='ocrx_word' id='word_1_659' title='bbox 1050 4513 1083 4550; x_wconf 89' lang='lat' dir='ltr'><strong>nc</strong></span> <span class='ocrx_word' id='word_1_660' title='bbox 1096 4499 1158 4550; x_wconf 89' lang='lat' dir='ltr'><strong>dum</strong></span> <span class='ocrx_word' id='word_1_661' title='bbox 1172 4510 1317 4564; x_wconf 88' lang='lat' dir='ltr'><strong>imaginum</strong></span> <span class='ocrx_word' id='word_1_662' title='bbox 1329 4494 1429 4549; x_wconf 88' lang='grc'><strong>331133</strong></span> <span class='ocrx_word' id='word_1_663' title='bbox 1436 4501 1463 4546; x_wconf 91' lang='grc'><strong>31</strong></span> <span class='ocrx_word' id='word_1_664' title='bbox 1475 4495 1664 4550; x_wconf 65' lang='lat' dir='ltr'><strong>alterationem</strong></span> <span class='ocrx_word' id='word_1_665' title='bbox 1683 4496 1750 4552; x_wconf 72' lang='lat' dir='ltr'><strong>cie</strong></span> 
     </span>
     <span class='ocr_line' id='line_1_54' title="bbox 123 4564 1750 4646; baseline -0.009 -12"><span class='ocrx_word' id='word_1_666' title='bbox 123 4580 232 4633; x_wconf 88' lang='lat' dir='ltr'><strong>brorum</strong></span> <span class='ocrx_word' id='word_1_667' title='bbox 244 4570 429 4629; x_wconf 83' lang='lat' dir='ltr'><strong>Carolinoriuu</strong></span> <span class='ocrx_word' id='word_1_668' title='bbox 443 4571 591 4624; x_wconf 88' lang='lat' dir='ltr'><strong>doctrinam</strong></span> <span class='ocrx_word' id='word_1_669' title='bbox 604 4568 742 4636; x_wconf 85' lang='lat' dir='ltr'><strong>objiciunt,</strong></span> <span class='ocrx_word' id='word_1_670' title='bbox 757 4573 913 4639; x_wconf 81' lang='lat' dir='ltr'><strong>reprobare</strong></span> <span class='ocrx_word' id='word_1_671' title='bbox 962 4570 1056 4623; x_wconf 86' lang='grc'><strong>311333,</strong></span> <span class='ocrx_word' id='word_1_672' title='bbox 1071 4567 1192 4635; x_wconf 86' lang='lat' dir='ltr'><strong>religioni</strong></span> <span class='ocrx_word' id='word_1_673' title='bbox 1216 4567 1336 4645; x_wconf 77' lang='lat' dir='ltr'><strong>ingerere</strong></span> <span class='ocrx_word' id='word_1_674' title='bbox 1353 4565 1483 4627; x_wconf 87' lang='lat' dir='ltr'><strong>nituntur,</strong></span> <span class='ocrx_word' id='word_1_675' title='bbox 1499 4564 1668 4646; x_wconf 85' lang='lat' dir='ltr'><strong>singularem</strong></span> <span class='ocrx_word' id='word_1_676' title='bbox 1679 4567 1750 4621; x_wconf 82' lang='lat' dir='ltr'><strong>uiiiitt</strong></span> 
     </span>
     <span class='ocr_line' id='line_1_55' title="bbox 124 4633 1750 4717; baseline -0.007 -15"><span class='ocrx_word' id='word_1_677' title='bbox 124 4649 245 4702; x_wconf 90' lang='lat' dir='ltr'><strong>nituntur</strong></span> <span class='ocrx_word' id='word_1_678' title='bbox 257 4658 317 4698; x_wconf 88' lang='lat' dir='ltr'><strong>eain</strong></span> <span class='ocrx_word' id='word_1_679' title='bbox 328 4641 449 4711; x_wconf 71' lang='lat' dir='ltr'><strong>septimic</strong></span> <span class='ocrx_word' id='word_1_680' title='bbox 460 4640 553 4710; x_wconf 75' lang='lat' dir='ltr'><strong>synoti</strong></span> <span class='ocrx_word' id='word_1_681' title='bbox 567 4640 681 4695; x_wconf 83' lang='lat' dir='ltr'><strong>decretis</strong></span> <span class='ocrx_word' id='word_1_682' title='bbox 692 4642 770 4710; x_wconf 88' lang='lat' dir='ltr'><strong>plane</strong></span> <span class='ocrx_word' id='word_1_683' title='bbox 780 4656 839 4696; x_wconf 85' lang='lat' dir='ltr'><strong>csse</strong></span> <span class='ocrx_word' id='word_1_684' title='bbox 851 4657 913 4696; x_wconf 91' lang='lat' dir='ltr'><strong>cnn-</strong></span> <span class='ocrx_word' id='word_1_685' title='bbox 963 4639 1009 4693; x_wconf 82' lang='lat' dir='ltr'><strong>liei</strong></span> <span class='ocrx_word' id='word_1_686' title='bbox 1022 4638 1122 4692; x_wconf 90' lang='lat' dir='ltr'><strong>cultum</strong></span> <span class='ocrx_word' id='word_1_687' title='bbox 1137 4645 1164 4690; x_wconf 87' lang='lat' dir='ltr'><strong>et</strong></span> <span class='ocrx_word' id='word_1_688' title='bbox 1187 4636 1369 4690; x_wconf 82' lang='lat' dir='ltr'><strong>adorationem</strong></span> <span class='ocrx_word' id='word_1_689' title='bbox 1382 4633 1511 4688; x_wconf 81' lang='lat' dir='ltr'><strong>frustrare</strong></span> <span class='ocrx_word' id='word_1_690' title='bbox 1524 4635 1680 4715; x_wconf 70' lang='lat' dir='ltr'><strong>rideantur.</strong></span> <span class='ocrx_word' id='word_1_691' title='bbox 1693 4634 1750 4717; x_wconf 79' lang='grc'><strong>033</strong></span> 
     </span>
     <span class='ocr_line' id='line_1_56' title="bbox 124 4705 1750 4782; baseline -0.009 -9"><span class='ocrx_word' id='word_1_692' title='bbox 124 4719 244 4779; x_wconf 74' lang='lat' dir='ltr'><strong>immam,</strong></span> <span class='ocrx_word' id='word_1_693' title='bbox 266 4712 377 4782; x_wconf 83' lang='lat' dir='ltr'><strong>ejusque</strong></span> <span class='ocrx_word' id='word_1_694' title='bbox 396 4710 577 4766; x_wconf 89' lang='lat' dir='ltr'><strong>dednitioueiir</strong></span> <span class='ocrx_word' id='word_1_695' title='bbox 591 4718 617 4764; x_wconf 92' lang='grc'><strong>31</strong></span> <span class='ocrx_word' id='word_1_696' title='bbox 630 4708 804 4765; x_wconf 85' lang='grc'><strong>1331333313</strong></span> <span class='ocrx_word' id='word_1_697' title='bbox 821 4713 911 4767; x_wconf 92' lang='lat' dir='ltr'><strong>onuiia</strong></span> <span class='ocrx_word' id='word_1_698' title='bbox 963 4710 1015 4764; x_wconf 89' lang='lat' dir='ltr'><strong>duo</strong></span> <span class='ocrx_word' id='word_1_699' title='bbox 1025 4709 1061 4762; x_wconf 88' lang='lat' dir='ltr'><strong>ita</strong></span> <span class='ocrx_word' id='word_1_700' title='bbox 1076 4709 1144 4761; x_wconf 88' lang='lat' dir='ltr'><strong>iuter</strong></span> <span class='ocrx_word' id='word_1_701' title='bbox 1157 4705 1630 4769; x_wconf 87' lang='grc'><strong>3333133331331333133,313131333</strong></span> <span class='ocrx_word' id='word_1_702' title='bbox 1641 4711 1750 4768; x_wconf 83' lang='lat' dir='ltr'><strong>steteiit,</strong></span> 
     </span>
     <span class='ocr_line' id='line_1_57' title="bbox 94 4773 1748 4856; baseline -0.013 -9"><span class='ocrx_word' id='word_1_703' title='bbox 94 4823 97 4827; x_wconf 42' lang='lat'><strong>⁴</strong></span> <span class='ocrx_word' id='word_1_704' title='bbox 122 4785 282 4846; x_wconf 84' lang='grc'><strong>3333311333.</strong></span> <span class='ocrx_word' id='word_1_705' title='bbox 296 4783 361 4850; x_wconf 80' lang='lat' dir='ltr'><strong>Qum</strong></span> <span class='ocrx_word' id='word_1_706' title='bbox 374 4781 549 4847; x_wconf 82' lang='lat' dir='ltr'><strong>luculentiam</strong></span> <span class='ocrx_word' id='word_1_707' title='bbox 563 4789 635 4843; x_wconf 88' lang='lat' dir='ltr'><strong>suni,</strong></span> <span class='ocrx_word' id='word_1_708' title='bbox 650 4780 695 4835; x_wconf 88' lang='lat' dir='ltr'><strong>hie</strong></span> <span class='ocrx_word' id='word_1_709' title='bbox 711 4795 825 4849; x_wconf 85' lang='lat' dir='ltr'><strong>expono.</strong></span> <span class='ocrx_word' id='word_1_710' title='bbox 962 4779 1034 4833; x_wconf 82' lang='lat' dir='ltr'><strong>aliud</strong></span> <span class='ocrx_word' id='word_1_711' title='bbox 1049 4784 1120 4831; x_wconf 90' lang='lat' dir='ltr'><strong>stare</strong></span> <span class='ocrx_word' id='word_1_712' title='bbox 1130 4791 1183 4829; x_wconf 89' lang='lat' dir='ltr'><strong>uun</strong></span> <span class='ocrx_word' id='word_1_713' title='bbox 1194 4776 1323 4843; x_wconf 78' lang='lat' dir='ltr'><strong>possit...</strong></span> <span class='ocrx_word' id='word_1_714' title='bbox 1343 4773 1424 4856; x_wconf 81' lang='lat' dir='ltr'><strong>Solus</strong></span> <span class='ocrx_word' id='word_1_715' title='bbox 1436 4774 1519 4842; x_wconf 91' lang='lat' dir='ltr'><strong>igitur</strong></span> <span class='ocrx_word' id='word_1_716' title='bbox 1532 4774 1606 4828; x_wconf 86' lang='lat' dir='ltr'><strong>Deus</strong></span> <span class='ocrx_word' id='word_1_717' title='bbox 1616 4774 1748 4839; x_wconf 79' lang='lat' dir='ltr'><strong>colendus,</strong></span> 
     </span>
    </p>

    <p class='ocr_par' dir='ltr' id='par_1_9' title="bbox 158 4844 1695 4923">
     <span class='ocr_line' id='line_1_58' title="bbox 158 4844 1695 4923; baseline -0.012 -11"><span class='ocrx_word' id='word_1_718' title='bbox 158 4858 184 4912; x_wconf 92' lang='grc'><strong>1.</strong></span> <span class='ocrx_word' id='word_1_719' title='bbox 202 4855 251 4912; x_wconf 89' lang='lat' dir='ltr'><strong>Ubi</strong></span> <span class='ocrx_word' id='word_1_720' title='bbox 269 4855 415 4923; x_wconf 69' lang='lat' dir='ltr'><strong>Scriptum&gt;</strong></span> <span class='ocrx_word' id='word_1_721' title='bbox 427 4852 485 4908; x_wconf 90' lang='lat' dir='ltr'><strong>loca</strong></span> <span class='ocrx_word' id='word_1_722' title='bbox 497 4849 779 4906; x_wconf 78' lang='lat' dir='ltr'><strong>ciuiuiuaiitdoroliii</strong></span> <span class='ocrx_word' id='word_1_723' title='bbox 790 4852 833 4904; x_wconf 85' lang='grc'><strong>113</strong></span> <span class='ocrx_word' id='word_1_724' title='bbox 853 4869 909 4917; x_wconf 84' lang='lat' dir='ltr'><strong>iiiii,</strong></span> <span class='ocrx_word' id='word_1_725' title='bbox 963 4849 1036 4903; x_wconf 85' lang='lat' dir='ltr'><strong>solus</strong></span> <span class='ocrx_word' id='word_1_726' title='bbox 1049 4845 1207 4906; x_wconf 82' lang='lat' dir='ltr'><strong>adorandus,</strong></span> <span class='ocrx_word' id='word_1_727' title='bbox 1229 4844 1302 4899; x_wconf 87' lang='lat' dir='ltr'><strong>solus</strong></span> <span class='ocrx_word' id='word_1_728' title='bbox 1314 4844 1502 4914; x_wconf 88' lang='lat' dir='ltr'><strong>glorrllcandus</strong></span> <span class='ocrx_word' id='word_1_729' title='bbox 1514 4851 1571 4909; x_wconf 89' lang='lat' dir='ltr'><strong>est;</strong></span> <span class='ocrx_word' id='word_1_730' title='bbox 1590 4845 1625 4902; x_wconf 76' lang='lat' dir='ltr'><strong>de</strong></span> <span class='ocrx_word' id='word_1_731' title='bbox 1640 4860 1695 4916; x_wconf 84' lang='lat' dir='ltr'><strong>quo</strong></span> 
     </span>
    </p>

    <p class='ocr_par' dir='ltr' id='par_1_10' title="bbox 109 4869 1753 5700">
     <span class='ocr_line' id='line_1_59' title="bbox 109 4869 1750 5001; baseline -0.013 -16"><span class='ocrx_word' id='word_1_732' title='bbox 109 4942 182 5001; x_wconf 79' lang='lat' dir='ltr'><strong>&#39;qum</strong></span> <span class='ocrx_word' id='word_1_733' title='bbox 204 4926 310 4982; x_wconf 82' lang='grc'><strong>11133333</strong></span> <span class='ocrx_word' id='word_1_734' title='bbox 333 4925 451 4979; x_wconf 80' lang='lat' dir='ltr'><strong>sinnius</strong></span> <span class='ocrx_word' id='word_1_735' title='bbox 474 4924 508 4979; x_wconf 90' lang='lat' dir='ltr'><strong>ad</strong></span> <span class='ocrx_word' id='word_1_736' title='bbox 534 4924 603 4977; x_wconf 88' lang='lat' dir='ltr'><strong>lianc</strong></span> <span class='ocrx_word' id='word_1_737' title='bbox 625 4936 733 4976; x_wconf 82' lang='lat' dir='ltr'><strong>causam</strong></span> <span class='ocrx_word' id='word_1_738' title='bbox 753 4869 910 4990; x_wconf 62' lang='lat' dir='ltr'><strong>pecuniarii,</strong></span> <span class='ocrx_word' id='word_1_739' title='bbox 963 4919 1125 4987; x_wconf 84' lang='lat' dir='ltr'><strong>Prophetam</strong></span> <span class='ocrx_word' id='word_1_740' title='bbox 1145 4916 1261 4970; x_wconf 88' lang='lat' dir='ltr'><strong>dicitnr:</strong></span> <span class='ocrx_word' id='word_1_741' title='bbox 1277 4913 1429 4995; x_wconf 71' lang='grc'><strong>1333113133</strong></span> <span class='ocrx_word' id='word_1_742' title='bbox 1441 4922 1478 4966; x_wconf 85' lang='lat' dir='ltr'><strong>ert</strong></span> <span class='ocrx_word' id='word_1_743' title='bbox 1491 4930 1587 4995; x_wconf 74' lang='lat' dir='ltr'><strong>nometi</strong></span> <span class='ocrx_word' id='word_1_744' title='bbox 1605 4916 1696 4998; x_wconf 70' lang='grc' dir='ltr'><strong>31333Ι</strong></span> <span class='ocrx_word' id='word_1_745' title='bbox 1715 4916 1750 4967; x_wconf 80' lang='lat' dir='ltr'><strong>iiii</strong></span> 
     </span>
     <span class='ocr_line' id='line_1_60' title="bbox 124 4983 1751 5066; baseline -0.012 -11"><span class='ocrx_word' id='word_1_746' title='bbox 124 4999 268 5057; x_wconf 86' lang='lat' dir='ltr'><strong>identidem</strong></span> <span class='ocrx_word' id='word_1_747' title='bbox 289 4984 410 5056; x_wconf 76' lang='grc'><strong>13311133,</strong></span> <span class='ocrx_word' id='word_1_748' title='bbox 436 5010 516 5065; x_wconf 89' lang='lat' dir='ltr'><strong>quain</strong></span> <span class='ocrx_word' id='word_1_749' title='bbox 540 4991 750 5054; x_wconf 89' lang='lat' dir='ltr'><strong>illacenstituit,</strong></span> <span class='ocrx_word' id='word_1_750' title='bbox 767 4993 912 5059; x_wconf 71' lang='lat' dir='ltr'><strong>tunquam</strong></span> <span class='ocrx_word' id='word_1_751' title='bbox 964 4988 1050 5062; x_wconf 81' lang='lat' dir='ltr'><strong>(Paul.</strong></span> <span class='ocrx_word' id='word_1_752' title='bbox 1078 5001 1189 5048; x_wconf 82' lang='grc'><strong>3333113,</strong></span> <span class='ocrx_word' id='word_1_753' title='bbox 1216 4983 1585 5066; x_wconf 63' lang='grc'><strong>1111333331333333133,</strong></span> <span class='ocrx_word' id='word_1_754' title='bbox 1601 4992 1751 5054; x_wconf 82' lang='lat' dir='ltr'><strong>quitriurn</strong></span> 
     </span>
     <span class='ocr_line' id='line_1_61' title="bbox 126 5055 1751 5136; baseline -0.012 -12"><span class='ocrx_word' id='word_1_755' title='bbox 126 5090 136 5124; x_wconf 86' lang='lat' dir='ltr'><strong>i</strong></span> <span class='ocrx_word' id='word_1_756' title='bbox 164 5069 357 5126; x_wconf 89' lang='lat' dir='ltr'><strong>adorationem,</strong></span> <span class='ocrx_word' id='word_1_757' title='bbox 381 5081 467 5136; x_wconf 87' lang='lat' dir='ltr'><strong>neque</strong></span> <span class='ocrx_word' id='word_1_758' title='bbox 489 5080 537 5134; x_wconf 91' lang='lat' dir='ltr'><strong>per</strong></span> <span class='ocrx_word' id='word_1_759' title='bbox 576 5064 734 5125; x_wconf 88' lang='grc'><strong>31313331333,</strong></span> <span class='ocrx_word' id='word_1_760' title='bbox 757 5078 844 5131; x_wconf 82' lang='lat' dir='ltr'><strong>neque</strong></span> <span class='ocrx_word' id='word_1_761' title='bbox 866 5077 914 5130; x_wconf 85' lang='lat' dir='ltr'><strong>per</strong></span> <span class='ocrx_word' id='word_1_762' title='bbox 963 5055 1751 5136; x_wconf 69' lang='grc'><strong>31313113133133333333333331,33333313331311133313</strong></span> 
     </span>
     <span class='ocr_line' id='line_1_62' title="bbox 122 5079 1751 5212; baseline -0.014 -15"><span class='ocrx_word' id='word_1_763' title='bbox 122 5141 278 5212; x_wconf 88' lang='lat' dir='ltr'><strong>propbetas,</strong></span> <span class='ocrx_word' id='word_1_764' title='bbox 299 5153 386 5206; x_wconf 90' lang='lat' dir='ltr'><strong>neque</strong></span> <span class='ocrx_word' id='word_1_765' title='bbox 404 5152 451 5205; x_wconf 89' lang='lat' dir='ltr'><strong>per</strong></span> <span class='ocrx_word' id='word_1_766' title='bbox 463 5079 609 5204; x_wconf 83' lang='lat' dir='ltr'><strong>apnstoios,</strong></span> <span class='ocrx_word' id='word_1_767' title='bbox 624 5148 710 5201; x_wconf 89' lang='lat' dir='ltr'><strong>neque</strong></span> <span class='ocrx_word' id='word_1_768' title='bbox 723 5147 772 5201; x_wconf 88' lang='lat' dir='ltr'><strong>por</strong></span> <span class='ocrx_word' id='word_1_769' title='bbox 787 5132 914 5202; x_wconf 81' lang='lat' dir='ltr'><strong>apostoli·</strong></span> <span class='ocrx_word' id='word_1_770' title='bbox 963 5137 1013 5185; x_wconf 81' lang='lat' dir='ltr'><strong>est.</strong></span> <span class='ocrx_word' id='word_1_771' title='bbox 1028 5128 1161 5197; x_wconf 84' lang='lat' dir='ltr'><strong>imagines</strong></span> <span class='ocrx_word' id='word_1_772' title='bbox 1178 5141 1242 5178; x_wconf 85' lang='lat' dir='ltr'><strong>iero</strong></span> <span class='ocrx_word' id='word_1_773' title='bbox 1265 5139 1342 5205; x_wconf 76' lang='lat' dir='ltr'><strong>omni</strong></span> <span class='ocrx_word' id='word_1_774' title='bbox 1360 5139 1401 5178; x_wconf 86' lang='lat' dir='ltr'><strong>siu</strong></span> <span class='ocrx_word' id='word_1_775' title='bbox 1423 5122 1528 5178; x_wconf 90' lang='lat' dir='ltr'><strong>cultura</strong></span> <span class='ocrx_word' id='word_1_776' title='bbox 1552 5131 1580 5178; x_wconf 90' lang='lat' dir='ltr'><strong>et</strong></span> <span class='ocrx_word' id='word_1_777' title='bbox 1599 5126 1751 5206; x_wconf 74' lang='lat' dir='ltr'><strong>adoratione</strong></span> 
     </span>
     <span class='ocr_line' id='line_1_63' title="bbox 123 5194 1751 5278; baseline -0.015 -10"><span class='ocrx_word' id='word_1_778' title='bbox 123 5228 170 5268; x_wconf 85' lang='lat' dir='ltr'><strong>cns</strong></span> <span class='ocrx_word' id='word_1_779' title='bbox 182 5211 264 5273; x_wconf 85' lang='lat' dir='ltr'><strong>viros,</strong></span> <span class='ocrx_word' id='word_1_780' title='bbox 280 5209 384 5278; x_wconf 86' lang='lat' dir='ltr'><strong>uspiam</strong></span> <span class='ocrx_word' id='word_1_781' title='bbox 398 5207 547 5262; x_wconf 89' lang='lat' dir='ltr'><strong>institutam</strong></span> <span class='ocrx_word' id='word_1_782' title='bbox 565 5220 626 5260; x_wconf 84' lang='grc'><strong>3333</strong></span> <span class='ocrx_word' id='word_1_783' title='bbox 639 5224 647 5254; x_wconf 87' lang='grc'><strong>3</strong></span> <span class='ocrx_word' id='word_1_784' title='bbox 664 5202 732 5274; x_wconf 76' lang='lat' dir='ltr'><strong>(tii.</strong></span> <span class='ocrx_word' id='word_1_785' title='bbox 748 5219 777 5260; x_wconf 82' lang='lat' dir='ltr'><strong>u.</strong></span> <span class='ocrx_word' id='word_1_786' title='bbox 793 5220 849 5272; x_wconf 79' lang='lat' dir='ltr'><strong>rep.</strong></span> <span class='ocrx_word' id='word_1_787' title='bbox 867 5201 911 5273; x_wconf 82' lang='grc'><strong>11);</strong></span> <span class='ocrx_word' id='word_1_788' title='bbox 963 5199 1080 5259; x_wconf 85' lang='lat' dir='ltr'><strong>seclusa,</strong></span> <span class='ocrx_word' id='word_1_789' title='bbox 1096 5207 1185 5252; x_wconf 88' lang='lat' dir='ltr'><strong>utrum</strong></span> <span class='ocrx_word' id='word_1_790' title='bbox 1200 5197 1225 5248; x_wconf 93' lang='lat' dir='ltr'><strong>in</strong></span> <span class='ocrx_word' id='word_1_791' title='bbox 1242 5194 1359 5248; x_wconf 85' lang='lat' dir='ltr'><strong>basilicis</strong></span> <span class='ocrx_word' id='word_1_792' title='bbox 1370 5200 1479 5276; x_wconf 89' lang='lat' dir='ltr'><strong>propter</strong></span> <span class='ocrx_word' id='word_1_793' title='bbox 1492 5208 1653 5274; x_wconf 81' lang='lat' dir='ltr'><strong>memoriam</strong></span> <span class='ocrx_word' id='word_1_794' title='bbox 1667 5207 1751 5274; x_wconf 73' lang='lat' dir='ltr'><strong>rerum</strong></span> 
     </span>
     <span class='ocr_line' id='line_1_64' title="bbox 123 5270 1749 5350; baseline -0.014 -12"><span class='ocrx_word' id='word_1_795' title='bbox 123 5291 151 5338; x_wconf 89' lang='lat' dir='ltr'><strong>et</strong></span> <span class='ocrx_word' id='word_1_796' title='bbox 171 5289 228 5337; x_wconf 89' lang='lat' dir='ltr'><strong>toto</strong></span> <span class='ocrx_word' id='word_1_797' title='bbox 250 5279 369 5350; x_wconf 73' lang='lat' dir='ltr'><strong>ejiiszlem</strong></span> <span class='ocrx_word' id='word_1_798' title='bbox 383 5277 443 5331; x_wconf 91' lang='lat' dir='ltr'><strong>iibri</strong></span> <span class='ocrx_word' id='word_1_799' title='bbox 456 5291 515 5346; x_wconf 89' lang='lat' dir='ltr'><strong>cap.</strong></span> <span class='ocrx_word' id='word_1_800' title='bbox 535 5275 684 5344; x_wconf 71' lang='grc'><strong>1533331131,</strong></span> <span class='ocrx_word' id='word_1_801' title='bbox 701 5290 710 5323; x_wconf 85' lang='grc'><strong>3</strong></span> <span class='ocrx_word' id='word_1_802' title='bbox 727 5272 864 5341; x_wconf 90' lang='lat' dir='ltr'><strong>Nusquam</strong></span> <span class='ocrx_word' id='word_1_803' title='bbox 880 5274 914 5327; x_wconf 89' lang='lat' dir='ltr'><strong>ab</strong></span> <span class='ocrx_word' id='word_1_804' title='bbox 964 5277 1099 5339; x_wconf 88' lang='lat' dir='ltr'><strong>gestarum</strong></span> <span class='ocrx_word' id='word_1_805' title='bbox 1119 5274 1145 5321; x_wconf 91' lang='lat' dir='ltr'><strong>et</strong></span> <span class='ocrx_word' id='word_1_806' title='bbox 1162 5271 1349 5320; x_wconf 91' lang='lat' dir='ltr'><strong>ornamentum</strong></span> <span class='ocrx_word' id='word_1_807' title='bbox 1363 5270 1432 5326; x_wconf 91' lang='lat' dir='ltr'><strong>sint,</strong></span> <span class='ocrx_word' id='word_1_808' title='bbox 1448 5278 1483 5317; x_wconf 91' lang='lat' dir='ltr'><strong>aii</strong></span> <span class='ocrx_word' id='word_1_809' title='bbox 1506 5273 1590 5316; x_wconf 88' lang='lat' dir='ltr'><strong>eiiam</strong></span> <span class='ocrx_word' id='word_1_810' title='bbox 1607 5278 1663 5318; x_wconf 89' lang='lat' dir='ltr'><strong>non</strong></span> <span class='ocrx_word' id='word_1_811' title='bbox 1689 5271 1749 5344; x_wconf 70' lang='lat' dir='ltr'><strong>sirii,</strong></span> 
     </span>
     <span class='ocr_line' id='line_1_65' title="bbox 124 5332 1752 5436; baseline -0.012 -30"><span class='ocrx_word' id='word_1_812' title='bbox 124 5352 261 5436; x_wconf 86' lang='lat' dir='ltr'><strong>apostolis,</strong></span> <span class='ocrx_word' id='word_1_813' title='bbox 277 5347 406 5417; x_wconf 80' lang='lat' dir='ltr'><strong>exemplis</strong></span> <span class='ocrx_word' id='word_1_814' title='bbox 420 5355 466 5401; x_wconf 89' lang='lat' dir='ltr'><strong>ant</strong></span> <span class='ocrx_word' id='word_1_815' title='bbox 478 5347 580 5409; x_wconf 84' lang='lat' dir='ltr'><strong>verbis,¹</strong></span> <span class='ocrx_word' id='word_1_816' title='bbox 590 5346 742 5399; x_wconf 90' lang='lat' dir='ltr'><strong>institutum</strong></span> <span class='ocrx_word' id='word_1_817' title='bbox 755 5342 837 5398; x_wconf 88' lang='grc'><strong>131333</strong></span> <span class='ocrx_word' id='word_1_818' title='bbox 850 5343 915 5397; x_wconf 87' lang='lat' dir='ltr'><strong>ima·</strong></span> <span class='ocrx_word' id='word_1_819' title='bbox 964 5339 1066 5394; x_wconf 91' lang='lat' dir='ltr'><strong>nullum</strong></span> <span class='ocrx_word' id='word_1_820' title='bbox 1100 5336 1161 5418; x_wconf 78' lang='lat' dir='ltr'><strong>fidei</strong></span> <span class='ocrx_word' id='word_1_821' title='bbox 1198 5333 1337 5390; x_wconf 79' lang='lat' dir='ltr'><strong>catholice</strong></span> <span class='ocrx_word' id='word_1_822' title='bbox 1359 5332 1454 5388; x_wconf 88' lang='grc'><strong>3113333</strong></span> <span class='ocrx_word' id='word_1_823' title='bbox 1477 5339 1607 5401; x_wconf 88' lang='lat' dir='ltr'><strong>poteriiirt</strong></span> <span class='ocrx_word' id='word_1_824' title='bbox 1629 5333 1752 5413; x_wconf 63' lang='lat' dir='ltr'><strong>prmqudr</strong></span> 
     </span>
     <span class='ocr_line' id='line_1_66' title="bbox 109 5402 1752 5528; baseline -0.015 -51"><span class='ocrx_word' id='word_1_825' title='bbox 109 5412 911 5492; x_wconf 62' lang='lat' dir='ltr'><strong>&#39;ginesadorarei[tegendumetiamlibriprimicapnted.</strong></span> <span class='ocrx_word' id='word_1_826' title='bbox 964 5409 1036 5464; x_wconf 90' lang='grc'><strong>3113</strong></span> <span class='ocrx_word' id='word_1_827' title='bbox 1060 5426 1073 5491; x_wconf 86' lang='lat'><strong>².</strong></span> <span class='ocrx_word' id='word_1_828' title='bbox 1093 5420 1191 5528; x_wconf 71' lang='lat' dir='ltr'><strong>quippe</strong></span> <span class='ocrx_word' id='word_1_829' title='bbox 1208 5403 1322 5486; x_wconf 77' lang='lat' dir='ltr'><strong>eumad</strong></span> <span class='ocrx_word' id='word_1_830' title='bbox 1346 5402 1496 5484; x_wconf 73' lang='lat' dir='ltr'><strong>peragenda</strong></span> <span class='ocrx_word' id='word_1_831' title='bbox 1526 5409 1630 5457; x_wconf 74' lang='lat' dir='ltr'><strong>nostre</strong></span> <span class='ocrx_word' id='word_1_832' title='bbox 1662 5403 1752 5457; x_wconf 85' lang='lat' dir='ltr'><strong>salutii</strong></span> 
     </span>
     <span class='ocr_line' id='line_1_67' title="bbox 110 5471 1751 5598; baseline -0.015 -51"><span class='ocrx_word' id='word_1_833' title='bbox 110 5498 112 5503; x_wconf 71' lang='grc'><em>“</em></span> <span class='ocrx_word' id='word_1_834' title='bbox 159 5481 914 5559; x_wconf 72' lang='grc'><strong>31133311113333333333.11,3333113331·</strong></span> <span class='ocrx_word' id='word_1_835' title='bbox 964 5486 1103 5551; x_wconf 83' lang='lat' dir='ltr'><strong>mysteria,</strong></span> <span class='ocrx_word' id='word_1_836' title='bbox 1114 5475 1159 5530; x_wconf 91' lang='lat' dir='ltr'><strong>nul</strong></span> <span class='ocrx_word' id='word_1_837' title='bbox 1171 5483 1329 5598; x_wconf 48' lang='lat' dir='ltr'><strong>umgenitus</strong></span> <span class='ocrx_word' id='word_1_838' title='bbox 1338 5471 1563 5553; x_wconf 80' lang='lat' dir='ltr'><strong>officiumbabere</strong></span> <span class='ocrx_word' id='word_1_839' title='bbox 1575 5479 1751 5554; x_wconf 73' lang='grc'><strong>3333333333.»</strong></span> 
     </span>
     <span class='ocr_line' id='line_1_68' title="bbox 126 5541 1753 5628; baseline -0.014 -13"><span class='ocrx_word' id='word_1_840' title='bbox 126 5555 652 5628; x_wconf 72' lang='grc'><strong>31333331133313331333111333133</strong></span> <span class='ocrx_word' id='word_1_841' title='bbox 684 5552 914 5609; x_wconf 87' lang='lat' dir='ltr'><strong>robatlibriilliiis</strong></span> <span class='ocrx_word' id='word_1_842' title='bbox 999 5548 1033 5602; x_wconf 79' lang='lat' dir='ltr'><strong>Et</strong></span> <span class='ocrx_word' id='word_1_843' title='bbox 1046 5548 1092 5602; x_wconf 90' lang='lat' dir='ltr'><strong>lib.</strong></span> <span class='ocrx_word' id='word_1_844' title='bbox 1108 5563 1126 5608; x_wconf 90' lang='lat' dir='ltr'><strong>i,</strong></span> <span class='ocrx_word' id='word_1_845' title='bbox 1140 5560 1199 5614; x_wconf 86' lang='lat' dir='ltr'><strong>cap.</strong></span> <span class='ocrx_word' id='word_1_846' title='bbox 1238 5542 1378 5625; x_wconf 76' lang='lat' dir='ltr'><strong>‚llieuriae</strong></span> <span class='ocrx_word' id='word_1_847' title='bbox 1395 5542 1491 5624; x_wconf 75' lang='lat' dir='ltr'><strong>synodi</strong></span> <span class='ocrx_word' id='word_1_848' title='bbox 1515 5541 1612 5624; x_wconf 76' lang='lat' dir='ltr'><strong>Patres</strong></span> <span class='ocrx_word' id='word_1_849' title='bbox 1632 5556 1672 5597; x_wconf 86' lang='lat' dir='ltr'><strong>sie</strong></span> <span class='ocrx_word' id='word_1_850' title='bbox 1695 5554 1753 5609; x_wconf 90' lang='lat' dir='ltr'><strong>per-</strong></span> 
     </span>
     <span class='ocr_line' id='line_1_69' title="bbox 127 5568 1751 5700; baseline -0.01 -19"><span class='ocrx_word' id='word_1_851' title='bbox 127 5638 230 5694; x_wconf 89' lang='lat' dir='ltr'><strong>aiictor,</strong></span> <span class='ocrx_word' id='word_1_852' title='bbox 251 5631 366 5700; x_wconf 90' lang='lat' dir='ltr'><strong>indeque</strong></span> <span class='ocrx_word' id='word_1_853' title='bbox 386 5627 488 5700; x_wconf 86' lang='lat' dir='ltr'><strong>colligit</strong></span> <span class='ocrx_word' id='word_1_854' title='bbox 507 5625 609 5684; x_wconf 90' lang='lat' dir='ltr'><strong>nullum</strong></span> <span class='ocrx_word' id='word_1_855' title='bbox 633 5568 735 5682; x_wconf 78' lang='lat' dir='ltr'><strong>ruitum</strong></span> <span class='ocrx_word' id='word_1_856' title='bbox 758 5623 912 5695; x_wconf 82' lang='lat' dir='ltr'><strong>religiosum</strong></span> <span class='ocrx_word' id='word_1_857' title='bbox 964 5618 1093 5691; x_wconf 79' lang='lat' dir='ltr'><strong>stringit:</strong></span> <span class='ocrx_word' id='word_1_858' title='bbox 1111 5615 1189 5671; x_wconf 76' lang='lat' dir='ltr'><strong>ib&#39;on</strong></span> <span class='ocrx_word' id='word_1_859' title='bbox 1203 5624 1316 5684; x_wconf 86' lang='lat' dir='ltr'><strong>gratiani</strong></span> <span class='ocrx_word' id='word_1_860' title='bbox 1330 5614 1376 5668; x_wconf 87' lang='lat' dir='ltr'><strong>bei</strong></span> <span class='ocrx_word' id='word_1_861' title='bbox 1394 5629 1421 5668; x_wconf 92' lang='lat' dir='ltr'><strong>in</strong></span> <span class='ocrx_word' id='word_1_862' title='bbox 1438 5627 1470 5668; x_wconf 91' lang='grc'><strong>33</strong></span> <span class='ocrx_word' id='word_1_863' title='bbox 1488 5621 1604 5669; x_wconf 77' lang='lat' dir='ltr'><strong>ueritate</strong></span> <span class='ocrx_word' id='word_1_864' title='bbox 1620 5616 1751 5684; x_wconf 74' lang='lat' dir='ltr'><strong>quaeruut</strong></span> 
     </span>
    </p>
   </div>
   <div class='ocr_carea' id='block_1_8' title="bbox 0 0 1899 6116">
    <p class='ocr_par' dir='ltr' id='par_1_11' title="bbox 0 0 1899 6116">
     <span class='ocr_line' id='line_1_70' title="bbox 0 0 1899 6116; baseline 0 0"><span class='ocrx_word' id='word_1_865' title='bbox 0 0 1899 6116; x_wconf 95' lang='lat' dir='ltr'><strong> </strong></span> 
     </span>
    </p>
   </div>
  </div>
 </body>
</html>
