3780 6120
121 289 169 347 uit
209 287 572 345 cub.utt⁵t..-ttoa'tut.
593 285 762 350 ETC.,Sl.'i¹
783 284 859 338 (101).
881 278 1399 349 eaudt.ta·us.-st²t³.-btss.uu
1411 280 1619 338 utubtlua'u.
1640 286 1660 339 l.
1700 287 1752 338 aaa

122 414 296 462 ronrmutatro
311 405 379 460 iacta
397 407 493 469 lucrat,
507 405 651 473 paucisque
668 413 727 473 post
740 418 817 458 amus
838 403 944 470 Apu-A
959 403 1102 457 errationis
1116 400 1250 473 pontilicis
1265 402 1424 457 aPantinio
1436 406 1596 472 excogitati.
1610 407 1751 464 admodum

122 479 155 532 lia
168 487 224 531 tota
235 493 298 534 cum
308 476 433 532 Calabria
449 490 577 529 contessa
593 480 651 529 erat
664 490 678 526 a
698 474 823 543 pontiliee
845 470 906 525 duci
959 473 1133 527 eontmlremti
1153 481 1230 534 sunt;
1243 488 1344 541 sesque
1358 474 1406 535 illi,
1418 488 1485 541 quos
1498 478 1633 531 contraxit
1651 479 1751 533 doctis-

121 548 366 603 Nurtbmauuorum
404 546 520 599 lieberto
546 543 699 599 Wiseardo.
728 543 817 608 Quare
842 540 908 595 nihil
960 541 1352 614 sinrusliabilloniusllr'ontm.
1369 541 1453 596 Preu.
1470 544 1751 613 inr·d.llom.c‚li,

123 619 231 679 mirum,
243 616 267 670 si
283 615 471 678 Nortbmauni,
484 613 529 696 qui
546 629 616 685 :egre
633 613 749 668 tulerant
762 610 909 682 prouinciae
980 612 1142 681 .ltiil)aliter
1166 611 1398 668 crtraetaudi.llic
1407 614 1505 683 quippe
1515 615 1629 671 nimium
1641 619 1752 674 adhaesit

123 687 289 756 illluscaput
311 685 431 755 pontifici
459 700 501 738 eur
525 691 588 738 tunc
616 682 820 747 irriensicraut,
846 683 909 737 sub·
959 628 1209 753 iuuarinmproiana
1221 696 1386 751 quamsacra
1397 684 1549 739 eruditione
1560 690 1751 754 praestantiori,

166 767 222 810 tum
233 770 305 821 esse,
317 756 412 826 positis
434 755 516 810 ctiam
531 753 712 809 simultatibus
722 753 809 807 eidem
824 752 911 806 irrlria-
961 761 1042 821 atque
1057 753 1089 807 ils
1101 752 1265 821 temporibus
1277 749 1393 816 florenti,
1408 768 1469 806 cum
1481 757 1633 811 neccssaria
1647 759 1752 823 critice,

143 834 204 885 ant:
218 825 280 879 etsi
295 826 390 881 iisdem
406 823 494 880 onmia
510 831 607 879 uetera
627 824 765 879 tiduciario
774 821 835 891 jure
849 837 911 892 pos·
961 822 1129 879 intautttttrus
1143 823 1205 877 licet
1220 822 1382 890 tegumentis
1395 824 1531 885 obvoluta,
1546 825 1753 882 exlrorrclratur.

124 895 281 957 sidentibus,
299 893 457 965 Capuanum
480 894 562 949 ctiam
583 893 763 964 principatum
790 892 911 961 ejusdem
961 893 995 949 Et
1009 908 1073 949 sero
1085 890 1288 961 incomparabili
1304 891 1375 945 baud
1390 893 1471 947 dubie
1494 894 1615 949 doctrina
1637 897 1754 965 scriptor

124 965 211 1035 gentis
236 964 356 1035 principe
380 965 439 1033 pari
461 963 524 1032 jure
550 964 707 1025 obtinente,
735 963 791 1018 sola
816 963 912 1018 ciritas
962 963 1082 1030 ejusdem
1097 962 1147 1016 acri
1162 960 1235 1016 card.
1250 961 1380 1015 baronius
1400 962 1432 1016 dc
1456 963 1635 1033 pseudopapa
1657 967 1755 1020 brunin

123 1050 185 1090 curn
197 1035 334 1089 territorio
346 1034 499 1104 apostoliea
512 1034 583 1089 sedis
589 1034 658 1103 juris
669 1034 752 1088 luisse
764 1034 912 1103 uepretuu-
965 1033 1019 1088 t‘ttl
1039 1030 1374 1086 constitutioneParrrirrio
1399 1035 1657 1100 :receptissimarum
1687 1038 1753 1100 ill,

124 1105 206 1159 ditur.
964 1120 990 1156 u.
1005 1101 1048 1172 15)
1062 1103 1143 1157 scrita
1157 1101 1267 1162 sarriens,
1285 1119 1294 1150 ι
1313 1100 1376 1165 Nes,
1394 1102 1489 1170 ineptit,
1505 1112 1533 1156 et
1560 1105 1630 1160 hane
1643 1115 1755 1160 eonten-

50 1172 63 1188 “
160 1173 251 1229 xt'ttl.
267 1172 336 1242 Quin
356 1173 437 1229 etiam
452 1189 504 1228 ttna
522 1173 548 1228 in
569 1173 620 1228 ista
636 1173 746 1228 etr-trare
764 1173 914 1242 purprirta-
964 1174 1052 1227 dimus
1068 1172 1147 1242 102
1162 1187 1221 1225 csse
1232 1171 1416 1239 imposturam.
1431 1180 1458 1226 ct
1471 1175 1686 1230 commentitium
1696 1191 1757 1231 csse

125 1244 161 1298 tis
185 1243 368 1299 lionrauorum
389 1244 624 1313 pontilicumsatis
645 1244 747 1297 modica
762 1242 860 1311 regalia
881 1240 915 1295 ad
965 1244 1102 1296 ulceratum
1116 1242 1198 1311 priori
1224 1240 1311 1295 sirnilc
1337 1240 1448 1306 (delitias
1464 1242 1515 1313 legi
1540 1245 1620 1312 regiae
1636 1245 1757 1301 Adriano

125 1314 234 1368 cosdem
247 1315 448 1383 perveniebant,
470 1322 498 1368 ut
512 1322 618 1367 constat
632 1329 665 1365 cx
689 1320 863 1366 monumento
881 1310 915 1365 ad
966 1312 1139 1381 supposituri:
1156 1311 1255 1364 etenim
1273 1318 1374 1384 toturn,
1395 1311 1466 1380 tquod
1489 1316 1636 1377 asseritur,
1660 1316 1757 1370 laisum

127 1387 184 1439 lnce
205 1392 326 1452 tempora
346 1392 493 1453 spectante,
512 1383 584 1452 quod
607 1384 633 1436 in
659 1383 751 1439 codice
772 1381 915 1435 libiniano
966 1396 1026 1436 esse
1052 1389 1227 1435 rnorrstratur.
1247 1401 1255 1430 r
1272 1380 1321 1433 lini
1345 1379 1441 1435 Petrus
1456 1382 1488 1436 de
1506 1382 1594 1437 blatea
1610 1395 1637 1439 ct
1660 1385 1758 1455 Pagina

127 1461 213 1506 exstat
226 1468 259 1507 ex
283 1462 390 1525 regesto
412 1452 550 1508 Pascbalis
571 1452 591 1506 ll
618 1451 775 1521 suppletque
791 1450 916 1506 Falconis
967 1453 1044 1506 noris
1064 1450 1152 1504 allatis
1166 1449 1316 1504 rationibus
1330 1450 1518 1519 astipulantur,
1534 1451 1675 1521 Sigclrerte
1690 1461 1758 1509 dttrr.

128 1524 288 1578 lristuriam:
307 1541 315 1573 r
335 1522 501 1594 Proprietas,
528 1539 586 1594 quer
602 1523 723 1576 rcrrrunsit
743 1521 860 1575 carietlc
878 1537 916 1574 re·
967 1530 1042 1576 taxat
1064 1521 1200 1575 vindicato
1217 1520 1251 1574 ab
1273 1519 1401 1575 aeuleatis
1422 1519 1542 1588 ejusdem
1569 1536 1662 1579 contra
1683 1526 1759 1581 illuur

128 1593 229 1663 polidus
245 1591 339 1647 Bauer.
365 1592 420 1648 llec
448 1600 520 1656 sunt,
559 1609 600 1647 um
617 1593 642 1645 in
666 1592 830 1646 dominicatu
850 1605 918 1660 pape
968 1591 1121 1656 sententiis,
1152 1590 1228 1660 quasi
1253 1590 1385 1661 synodum
1407 1590 1479 1645 illam
1499 1593 1556 1660 ipse
1578 1593 1758 1655 continuerit,

131 1672 326 1718 remanserunt.
352 1662 474 1730 Quatuur
500 1609 650 1717 uroiendina
672 1663 704 1715 de
729 1663 833 1715 linono.
860 1661 918 1715 huo
968 1662 1032 1731 quia
1049 1662 1074 1715 iu
1089 1661 1207 1716 editione
1230 1658 1394 1730 Sigelrcrtia
1417 1661 1507 1714 iliram
1519 1674 1611 1719 curaer
1628 1664 1662 1718 arl
1681 1666 1759 1720 cmld.

132 1733 283 1788 molendina
307 1733 340 1788 de
364 1743 457 1788 sancta
481 1733 608 1788 Barbara.
638 1732 671 1787 Et
700 1731 852 1785 rrrolendina
885 1731 918 1785 de
970 1747 1035 1787 mss.
1051 1730 1130 1785 iidem
1142 1729 1213 1784 nulla
1232 1729 1327 1800 synodi
1342 1731 1442 1784 mentio
1455 1739 1506 1783 nst.
1534 1732 1567 1785 dt
1582 1734 1759 1799 babilonius,

132 1804 230 1874 liurgo.
242 1803 342 1858 Turres
350 1811 377 1857 et
385 1803 560 1925 plateaticum
572 1811 649 1871 porte
662 1817 774 1856 surnrue.
787 1800 868 1856 Ortus
885 1800 918 1854 de
970 1801 1099 1857 Gratiano
1114 1809 1141 1855 et
1152 1797 1231 1853 lroue
1246 1798 1359 1853 nimium
1372 1799 1488 1856 credulis
1506 1800 1627 1858 Parasinii
1656 1808 1760 1873 opinio-

132 1874 217 1928 'lnrre
236 1872 362 1928 Corsula.
401 1873 470 1926 ‘lana
486 1873 612 1943 depontc
637 1869 749 1939 urzq'ori,
772 1880 799 1925 et
825 1885 919 1925 ornnes
971 1887 1032 1927 neur
1047 1870 1192 1933 tuentibus
1205 1884 1302 1923 noram
1315 1870 1383 1923 lrarte
1396 1868 1492 1923 latisana
1511 1871 1659 1940 ‹lis-elpines
1671 1879 1759 1942 periu-

130 1946 242 2013 plancas
255 1958 316 1998 cum
354 1944 480 1997 lateatico
494 1943 607 2012 piscium
625 1951 651 1995 et
674 1941 809 1996 lirliorum.
823 1941 919 2011 'lirrgta
971 1942 1062 1996 rluma
1084 1938 1181 1994 iiarolo
1197 1938 1292 2009 blaigno
1310 1939 1344 1992 ad
1358 1939 1377 1994 F
1379 1955 1516 1995 urtuosum
1527 1942 1682 2009 pontificem
1707 1956 1760 1998 star·

132 2013 295 2068 lrrtlaaurum.
345 2012 499 2067 lateatieum
523 2011 557 2066 de
581 2011 735 2080 ponticello,
764 2020 792 2064 et
813 2011 919 2081 pontrli.
972 2010 1186 2075 ruiqanastasio
1197 2009 1278 2063 ctiam
1295 2017 1363 2063 teste
1380 2009 1509 2073 adhibito,
1523 2026 1676 2082 quanquam
1693 2017 1759 2069 nitril

134 2085 230 2138 llornos
254 2097 306 2151 que
322 2091 384 2138 suut
400 2082 471 2136 cirea
498 2081 639 2150 palatium.
658 2081 798 2136 tilarreturu
824 2091 919 2141 totum,
973 2082 999 2135 in
1009 2081 1077 2134 libro
1088 2079 1232 2148 puntilieali
1245 2079 1336 2134 bacile
1348 2095 1378 2133 re
1391 2080 1550 2144 inueniatur,
1563 2084 1760 2150 quodosteudit

134 2162 159 2207 ct
177 2152 324 2206 Saliceturu
337 2160 422 2207 totum
439 2152 471 2206 dc
483 2162 566 2222 ponte
579 2152 694 2220 lepreso,
709 2160 736 2204 et
750 2151 842 2206 tineas
855 2148 923 2205 scul-
974 2150 1155 2205 llahilloniunr
1171 2164 1186 2202 a
1200 2149 1330 2203 Pasrrirrio
1346 2150 1485 2218 deceptum
1501 2166 1571 2204 csse.

135 2223 193 2287 lais,
203 2230 231 2276 et
243 2223 348 2276 rincum
362 2222 394 2277 de
406 2222 510 2286 llardia,
521 2229 548 2275 ct
556 2222 648 2276 uineas
660 2220 693 2275 de
704 2220 787 2282 cirdu,
796 2221 923 2275 etrineas

135 2293 272 2362 principis.
286 2291 353 2346 lscla
374 2291 407 2346 de
418 2291 554 2347 Callarulo
573 2306 634 2345 eum
647 2299 734 2359 posta.
750 2291 859 2344 Pratum
875 2291 924 2344 lle

135 2363 282 2427 rrriuicum,
306 2363 473 2426 riridariunr,
494 2361 634 2424 balneum,
651 2367 678 2415 et
690 2362 809 2415 lurnmrr.
825 2360 923 2415 Plarrca

136 2434 258 2503 piscium,
270 2440 298 2486 et
308 2441 434 2486 curatura
452 2433 485 2487 de
505 2432 591 2486 brudo
612 2438 689 2501 porte
703 2429 797 2484 rudnc.
812 2429 923 2485 Vincam

137 2504 176 2562 de,
189 2501 318 2558 Cantaro.
346 2501 458 2557 Terram
481 2501 517 2557 de
537 2501 615 2555 rinca
635 2501 778 2555 lleteraua.
791 2500 925 2556 Ecclesiae

137 2588 239 2628 omncs.
263 2571 374 2627 lineam
396 2572 429 2626 de
452 2569 587 2626 Gellarulo
611 2569 793 2632 medietatem.
812 2571 925 2626 ὓοιιιιιηι

137 2642 283 2698 ιῖΙιήιιὶιιιί
299 2644 332 2696 rle
353 2642 439 2713 burgo
455 2651 533 2765 Recte
556 2656 647 2703 auree,
666 2640 810 2705 llnrrctarn,
826 2649 854 2694 et
872 2641 927 2695 ele

139 2723 217 2774 etanr,
225 2711 300 2766 idest
311 2712 438 2766 bannum.
480 2712 583 2766 edictas
594 2711 747 2765 reddituum
759 2711 792 2764 de
808 2710 925 2780 placitis,

140 2784 170 2838 de
185 2781 350 2844 tenuemus,
364 2791 392 2836 et
405 2781 550 2836 suadentiis
564 2780 782 2851 peregrinorum,
798 2789 825 2834 et
839 2791 928 2835 extra-

139 2866 260 2908 neorum.
285 2851 429 2906 Scadentia
451 2852 698 2907 beneventanorum
725 2850 803 2920 181
829 2859 895 2906 tota.
916 2870 926 2903 r

1009 2219 1067 2274 XX.
1082 2219 1132 2286 Qui
1145 2219 1216 2274 enirn
1237 2218 1303 2273 bilsa
1319 2216 1467 2286 lrujusnrodi
1483 2221 1605 2275 doctriua
1620 2221 1647 2275 in
1660 2222 1761 2280 lihruut

975 2290 1158 2345 Pontidealcm
1174 2288 1269 2344 rcierri
1321 2298 1390 2344 terat
1408 2291 1434 2343 in
1452 2287 1604 2355 Adrianol,
1618 2301 1664 2346 aut
1678 2295 1761 2348 etiarn

975 2362 1001 2415 iu
1020 2360 1111 2414 Leone
1121 2359 1164 2425 ΙΙΙ,
1178 2359 1201 2413 si
1214 2361 1240 2414 in
1255 2358 1277 2413 b
1298 2361 1374 2413 riano
1384 2359 1415 2423 ΙΙ,
1433 2360 1477 2430 qui
1491 2362 1570 2415 annis
1581 2360 1762 2433 ierequadra-

983 2432 1080 2484 unua
1104 2429 1195 2485 huone
1216 2430 1307 2494 distat,
1323 2432 1443 2500 permitti
1471 2429 1588 2485 noluisse
1603 2433 1709 2498 dicitur,
1734 2447 1763 2489 ut

975 2448 1055 2571 iegati
1068 2499 1170 2555 Ludos.
1188 2500 1209 2554 11
1225 2499 1304 2554 llonr.
1320 2502 1456 2569 pontilicis
1479 2501 1604 2558 electioni
1622 2506 1764 2559 adessent?

976 2571 1057 2625 Ratio
1080 2585 1185 2642 quoquc
1204 2569 1305 2639 apertis
1325 2570 1399 2625 bisce
1421 2571 1510 2626 rcrhis
1529 2573 1671 2627 redditur:
1698 2593 1706 2624 ι
1726 2576 1763 2629 Ne

977 2639 1364 2762 ridelicctlegatosprineipum
1378 2640 1403 2693 in
1412 2641 1571 2696 electionem
1580 2642 1762 2699 homanorum

977 2711 1122 2792 praesulum
1147 2725 1195 2764 ess
1230 2717 1291 2764 marr
1312 2711 1319 2764 i
1344 2726 1402 2764 runs
1417 2726 1466 2780 per
1480 2710 1630 2777 huiusmodi
1644 2714 1764 2771 tomitem

977 2779 1149 2837 inolesceret.
1165 2801 1174 2832 r
1191 2725 1268 2846 erod
1291 2780 1313 2833 si
1327 2794 1361 2835 nt·
1376 2780 1503 2835 landerici
1516 2782 1624 2851 quidem
1638 2784 1694 2854 (qui
1711 2787 1765 2853 pri·

979 2851 1104 2919 vilegium
1126 2868 1141 2904 a
1165 2849 1260 2921 Sergio
1282 2849 1303 2903 ll
1318 2851 1471 2905 obtinuerat
1490 2850 1619 2906 Lutbarin
1633 2855 1701 2921 patri
1716 2870 1765 2908 suo

139 2922 378 2990 Quantumcunque
400 2928 488 2975 autem
508 2921 608 2991 regalia
628 2919 737 2985 luerint,
753 2921 931 2991 possessionis
979 2930 1043 2975 ante
1056 2936 1141 2975 annos
1156 2929 1273 2989 quatuor
1286 2928 1313 2975 et
1334 2920 1436 2990 uiginti,
1453 2936 1508 2990 quo
1522 2921 1578 2990 ipse
1601 2923 1684 2977 etiam
1707 2933 1765 2978 utc-

140 3003 191 3047 taur
204 3001 296 3057 certae,
311 2999 365 3045 tarn
375 2990 507 3046 diuturrtte
520 3001 721 3045 monumentum
736 2990 820 3054 istud,
843 2991 930 3047 salida

981 2992 1070 3056 batur,
1093 3007 1128 3045 ue
1146 2992 1246 3059 ahsque
1268 2990 1444 3058 imperialium
1464 2992 1606 3046 missorum
1623 2996 1768 3062 praeseutia

140 3061 324 3132 comprobatio
345 3069 396 3116 est.
417 3060 596 3127 Quamobrem
622 3061 648 3115 id
671 3068 758 3115 ratum
775 3075 807 3114 ae
820 3060 927 3115 drauum
982 3061 1150 3116 consecratio
1162 3058 1355 3184 dercillegatis
1367 3060 1589 3129 luitpermissnm
1600 3076 1629 3116 ut
1643 3064 1768 3118 electioni

140 3146 198 3189 esse
224 3130 320 3193 debet,
343 3131 556 3187 Beneventanum
583 3130 737 3192 civitatem,
760 3130 871 3198 perinde
896 3120 964 3186 aeG
980 3130 1226 3194 intcmssenelibro

139 3202 312 3266 exarchatus,
329 3216 377 3255 sen
420 3202 546 3256 rosineiac
564 3198 684 3265 AEmilia,
710 3209 738 3254 et
760 3199 925 3269 l'crrtapnlis,

140 3283 165 3325 et
179 3287 233 3325 uuo
246 3273 328 3325 verbu
341 3217 469 3340 quidquid
493 3270 638 3326 donatione
659 3271 809 3341 principum
822 3272 927 3337 nititur,

141 3352 253 3410 (recepta
268 3342 350 3395 lloma
362 3341 453 3409 etcjus
463 3341 570 3402 ducatu,
579 3356 693 3411 quorum
704 3340 784 3394 aliam
798 3339 928 3396 rationem

144 3411 304 3473 habendam,
323 3407 373 3464 tort
387 3411 522 3466 uberrime
540 3409 765 3475 dernunstratum,
783 3424 842 3464 esse
861 3409 930 3477 juris

143 3480 243 3550 proprii
258 3478 440 3535 llomanorum
449 3480 618 3550 pontificum,
636 3490 763 3551 tanquam
776 3481 861 3535 sancti
881 3479 930 3535 Pe-

143 3552 175 3605 tri
191 3564 380 3606 successorum
407 3551 466 3607 siue
492 3549 546 3604 ulla
572 3550 753 3605 Buritanorum
779 3551 929 3621 principum

143 3623 271 3684 mistum
298 3622 354 3689 qui,
375 3621 397 3674 si
417 3621 560 3691 aliquando
573 3618 674 3691 aliquid
696 3621 747 3676 sibi
763 3621 931 3676 vindicarunt

142 3699 460 3761 quocurrquepractcxtu,
486 3685 612 3745 Ecclesiae
636 3692 767 3746 lronorum
783 3691 930 3756 inuasuros,

142 3772 171 3816 ut
188 3760 300 3832 angunt
332 3761 443 3830 aliquot,
469 3760 584 3816 balrendi
612 3770 684 3814 suut.
709 3760 931 3831 Quandoquidem

144 3833 189 3886 uni
214 3830 314 3895 Petro,
338 3830 520 3900 llornanisque
549 3831 721 3899 pontitieibus
755 3832 932 3900 imperatores

142 3900 273 3964 Orientis,
289 3909 316 3952 et
328 3901 443 3970 patricii,
464 3915 542 3970 reges
561 3899 737 3965 Francorum,
754 3909 834 3970 atque
849 3899 932 3970 impe-

142 3982 249 4027 ratores
268 3969 420 4026 Occidentis
438 3985 488 4039 pro
508 3971 627 4024 remedio
647 3972 798 4026 animarum
823 3985 933 4025 suarum

143 4048 347 4104 concesserunt,
361 4048 390 4094 ut
402 4041 429 4096 in
442 4054 537 4096 corum
553 4040 651 4093 ditione
664 4056 695 4094 ac
705 4042 853 4111 principatu
872 4055 931 4108 per·

142 4119 288 4166 manerent
309 4127 389 4181 usqae
409 4111 444 4164 ud
467 4110 546 4179 finam
561 4110 650 4163 seculi
660 4127 669 4174 ,·
685 4120 932 4179 suprema-tanturn

142 4179 328 4235 rlrrruinatiorre
341 4180 392 4235 silri
406 4191 541 4236 reservata
556 4180 582 4233 in
594 4181 691 4235 ducatu
712 4181 867 4249 spoletano,
881 4195 932 4251 qua

143 4253 210 4305 litto
226 4257 255 4303 et
276 4249 406 4305 llerrricus
431 4265 460 4305 se
485 4250 591 4318 penitus
615 4258 761 4314 exuerunt,
781 4259 810 4304 ut
829 4265 935 4305 eorum-

142 4322 206 4377 uero
225 4319 370 4390 diplomata
388 4319 497 4388 planum
520 4319 631 4374 iaciunt.
659 4320 742 4375 llcrrio
768 4337 838 4375 nunc
856 4321 889 4375 ad
903 4336 934 4375 ca

141 4406 208 4461 qum
241 4391 388 4459 disciplima
410 4389 589 4446 ordinationis
611 4390 755 4459 pontilicim
785 4390 934 4461 adjicienda

142 4468 223 4517 suut.

181 4528 253 4583 11111.
271 4529 354 4584 Video
363 4531 488 4600 equidem
511 4529 588 4583 multi
601 4529 690 4598 operis
704 4545 761 4583 rem
779 4544 838 4586 csse
855 4530 936 4587 disci·

143 4600 249 4671 plinam
265 4615 373 4654 omnent
394 4601 533 4656 electionis
560 4601 823 4668 consecrationisque
839 4600 937 4655 liema-

144 4684 245 4724 nururn
257 4671 415 4738 pontilicum
435 4670 569 4738 persequi.
588 4670 736 4738 Eaproptcr
749 4671 802 4724 alio
818 4671 937 4740 inopere

145 4741 200 4807 (lla
223 4743 376 4809 prestantia
395 4737 454 4795 tar.
470 4738 565 4810 lircil.)
585 4739 740 4807 singillatim
767 4741 939 4810 expositurus

145 4825 210 4879 qtae
223 4823 287 4863 sera
298 4820 360 4864 sunt
375 4811 408 4865 de
426 4810 659 4874 inthronizatione,
678 4809 873 4874 benedictione,
894 4826 938 4865 eo·

147 4879 302 4944 renatiouc,
326 4880 440 4949 aliisque
461 4878 596 4934 nonnullis
618 4879 645 4932 in
669 4878 737 4934 libro
759 4880 937 4935 cercuroniali

146 4949 367 5014 occurrentibus,
382 4952 426 5005 bie
445 4956 548 5003 tanturn
570 4949 667 5013 dicam,
681 4964 741 5017 qne
764 4949 869 5017 plenius
882 4950 941 5005 illu·

148 5028 239 5075 strent
269 5017 406 5075 Ottoniarri
437 5029 465 5075 et
493 5018 646 5073 ilenriciani
675 5020 726 5073 ueri
762 5019 940 5088 disciplinam.

149 5088 285 5145 Nonnulla
309 5089 442 5161 siquidem
461 5089 576 5145 disserui
601 5090 678 5159 (tom.
695 5087 714 5151 l,
733 5103 761 5158 p.
779 5089 831 5143 260
848 5099 876 5144 et
889 5088 942 5148 289

149 5159 258 5229 s·÷qq.);
282 5159 358 5230 plura
371 5159 468 5215 deinde
481 5158 557 5213 attuli
572 5159 648 5229 (tom.
663 5157 694 5222 ll,
714 5174 741 5228 p.
765 5159 816 5212 1111
835 5167 940 5231 seqq.J;

150 5244 185 5283 cx
203 5231 385 5299 qubus-patet
398 5229 542 5285 discrimen
560 5228 688 5284 Ludoviei
708 5237 868 5299 temporum,
880 5244 942 5296 euru

152 5301 233 5356 ltoar.
247 5307 324 5369 pont.
334 5313 470 5369 ecorpore
481 5299 648 5354 sacerdotum
663 5298 791 5353 Romanae
803 5298 941 5367 Ecclesiae,

151 5372 212 5427 sire
224 5384 257 5423 ex
272 5370 437 5439 presbyteris
455 5379 482 5424 et
495 5368 652 5424 diaconibus
669 5367 827 5441 desumptas
851 5383 942 5426 conse

152 5441 292 5502 crabatnr,
307 5454 368 5493 cuur
391 5448 471 5495 atate
484 5437 598 5502 ottonis,
637 5438 726 5493 uando
734 5437 791 5506 iarn
806 5445 943 5508 eruperant

153 5519 232 5566 extra
243 5508 311 5564 illud
329 5524 437 5578 eorpus,
448 5518 476 5564 et
494 5453 639 5578 episcopii
651 5510 732 5562 etiaur
750 5508 879 5631 diffinitam
902 5508 943 5563 in·

154 5583 248 5652 signes
261 5588 356 5634 eontra
366 5595 469 5633 morem
481 5578 610 5647 majorum
630 5586 658 5634 et
669 5587 768 5634 statuta
801 5588 890 5634 atmm
909 5578 943 5637 etl

156 5664 293 5704 summum
309 5650 436 5705 Ecclesiae
446 5649 578 5705 universae
601 5650 704 5718 apicem
722 5650 883 5718 promereri.
908 5647 944 5707 lis

157 5734 223 5774 reru
241 5719 419 5802 adiicicurlum
438 5719 538 5788 primo,
560 5721 631 5785 quod
643 5719 791 5775 ceodrum
817 5719 855 5773 iiii
872 5720 943 5775 modi

1256 3131 1384 3185 outilieali
1401 3139 1478 3195 teste,
1488 3140 1610 3200 potestne
1625 3133 1685 3188 libri
1698 3134 1769 3199 ejus·

980 3201 1041 3256 dem
1068 3202 1229 3256 atrctotitate
1250 3198 1386 3264 affirmari,
1416 3203 1450 3256 ab
1470 3202 1588 3255 Adriano
1613 3202 1768 3257 laenitatem

980 3287 1040 3326 esse
1051 3285 1207 3327 concessam
1235 3288 1244 3318 ι
1272 3269 1368 3326 Carolo
1383 3271 1496 3341 eligendi
1515 3272 1668 3340 pontiticcm
1683 3284 1710 3328 ct
1726 3290 1766 3328 or·-

980 3341 1091 3395 dicandi
1105 3340 1280 3410 apostolicam
1291 3341 1399 3395 sedem?
1419 3361 1427 3392 r
1444 3340 1558 3397 Per-inde
1567 3342 1649 3397 cstde
1660 3343 1768 3407 0ttouc,

981 3410 1013 3463 ad
1029 3410 1198 3479 priuilegium
1208 3424 1256 3465 seu
1274 3410 1391 3479 diploma
1410 3411 1509 3479 ipsius,
1524 3412 1599 3479 eujus
1616 3415 1768 3484 eserrquum

980 3490 1021 3534 cst
1037 3480 1241 3542 lleurieianurn,
1266 3480 1289 3535 si
1313 3481 1457 3550 respicias;
1477 3498 1555 3536 serus
1570 3484 1592 3536 si
1616 3485 1771 3538 consulens

980 3565 1041 3617 quae
1057 3549 1101 3604 iile
1113 3565 1145 3603 ac
1156 3550 1209 3604 duo
1227 3565 1398 3606 successores
1409 3553 1583 3621 eogrrumines
1596 3566 1768 3624 usuqrarunt.

981 3621 1048 3674 Nam
1065 3618 1229 3674 Tusculanus
1252 3621 1364 3675 corrritcs
1388 3622 1495 3686 imitati,
1509 3622 1608 3691 eligere
1630 3625 1687 3678 ausi
1708 3634 1771 3679 surtt

982 3692 1117 3745 liorrrauos
1128 3688 1278 3756 pontifices,
1293 3706 1345 3744 non
1359 3693 1521 3746 ntoduextra
1532 3707 1630 3760 corpus
1643 3693 1771 3748 hurrrauar

982 3759 1130 3823 Ecclesiae,
1150 3759 1197 3812 sed
1222 3759 1303 3812 ctiam
1330 3768 1407 3814 extra
1434 3763 1575 3830 episcopos
1598 3762 1768 3826 cardinales,

982 3831 1053 3901 quod
1082 3828 1223 3882 marrileste
1245 3840 1346 3897 puqnat
1372 3846 1434 3884 cum
1457 3831 1613 3898 diplomate.
1637 3830 1770 3889 llerrricus

982 3899 1090 3969 quidem
1103 3898 1247 3967 Augustus,
1261 3915 1321 3966 quac
1338 3908 1397 3952 erat
1422 3915 1480 3967 equs
1495 3902 1589 3971 pietas,
1613 3915 1645 3955 ne
1659 3903 1772 3957 rcrbunr

982 3969 1090 4038 quidem
1105 3969 1145 4022 sui
1159 3968 1314 4036 diplomatis
1328 3969 1464 4033 uiolasset,
1483 3986 1505 4026 st
1516 3969 1651 4039 pontilicis
1674 3973 1772 4028 electio

983 4041 1072 4108 aliqua
1084 4054 1116 4094 eo
1130 4038 1274 4106 superstite
1298 4037 1368 4094 lacta
1384 4051 1464 4094 essct.
1480 4040 1583 4096 ideireo
1597 4043 1667 4097 serio
1683 4044 1771 4097 anim-

983 4111 1085 4166 adserti
1106 4108 1205 4166 dehent
1225 4123 1284 4177 quac
1307 4109 1351 4164 illc
1373 4111 1515 4166 confirmat
1537 4111 1571 4164 alr
1597 4111 1630 4164 iis
1652 4114 1741 4168 serbis
1757 4129 1769 4168 .:

984 4180 1065 4234 Scalae
1077 4179 1104 4232 in
1127 4177 1245 4231 omnihus
1261 4187 1386 4250 potestate
1412 4191 1511 4245 trustra,
1526 4190 1580 4236 etc.
1594 4181 1629 4236 tlt
1652 4183 1775 4238 uidelicet

983 4251 1071 4304 clerus
1083 4257 1111 4302 et
1123 4248 1246 4302 universa
1258 4249 1384 4303 nobilitas
1395 4260 1565 4306 sacramento
1574 4267 1602 4306 se
1614 4253 1775 4322 astringeret

981 4319 1057 4390 justa
1069 4317 1181 4389 Eugcuii
1201 4316 1221 4371 ll
1237 4319 1466 4384 constitutionem,
1482 4321 1584 4376 nullum
1596 4322 1710 4377 electum
1725 4324 1774 4389 iri,

985 4390 1036 4445 nisi
1058 4409 1067 4438 ι
1092 4388 1221 4444 canonice
1239 4395 1267 4443 et
1281 4387 1370 4456 juste;
1403 4399 1459 4446 rut
1471 4392 1609 4446 decretum
1636 4394 1777 4449 electionis

951 4474 1062 4538 umore
1075 4458 1190 4527 pristinu
1208 4460 1242 4513 ad
1266 4458 1454 4527 imperatorem
1473 4462 1635 4526 mitteretur,
1649 4465 1730 4532 quod,
1746 4463 1778 4517 li·

989 4539 1032 4584 eet
1046 4530 1072 4584 iu
1087 4527 1233 4599 diplomate
1243 4544 1297 4582 nou
1310 4530 1486 4598 exprimatur,
1507 4547 1540 4587 ea
1553 4547 1584 4587 eo
1600 4541 1689 4588 tamen
1703 4535 1779 4589 colli·

990 4600 1072 4670 gitur,
1087 4599 1150 4667 quia
1161 4597 1235 4651 missi
1252 4598 1403 4667 imperiales
1416 4610 1478 4656 ante
1491 4603 1720 4658 consecrationem
1732 4621 1780 4658 rar-

991 4669 1129 4738 speetandi
1142 4677 1235 4733 erant,
1248 4670 1462 4737 propterealibor
1469 4672 1644 4737 Pontidcalis,
1659 4685 1778 4743 utsupra

991 4747 1032 4794 cst
1043 4739 1142 4794 dictum
1159 4737 1235 4808 (diss.
1252 4738 1279 4803 2,
1299 4753 1326 4791 u.
1343 4739 1387 4804 51,
1400 4756 1427 4810 p.
1452 4741 1513 4814 115)
1534 4742 1612 4812 183
1637 4744 1707 4798 hauc
1723 4759 1779 4798 reru

992 4809 1127 4863 luculente
1143 4815 1273 4872 testatnr;
1294 4822 1326 4861 ae
1349 4810 1464 4877 denique
1487 4822 1517 4866 ut
1539 4811 1659 4880 pontiles
1685 4828 1780 4868 couse-

992 4879 1109 4933 erandns
1121 4877 1299 4945 praesentibus
1315 4878 1499 4948 imperialibus
1509 4881 1599 4936 missis
1618 4895 1708 4937 ceram
1722 4897 1780 4936 our·

993 4949 1072 5003 nibus
1086 4946 1280 5016 professionem
1291 4962 1337 5002 serr
1352 4950 1556 5017 promissionem
1579 4951 1650 5006 illius
1664 4952 1780 5007 similem
1830 5002 1832 5008 .

993 5018 1104 5079 laceret,
1116 5032 1196 5086 quarn
1206 5017 1261 5072 Leo
1272 5017 1306 5073 lll
1321 5026 1415 5086 sponte
1427 5019 1557 5084 exhibuit,
1568 5022 1634 5074 etde
1643 5036 1696 5092 qua
1712 5021 1779 5077 satis

993 5103 1125 5156 sepeque
1136 5096 1178 5140 est
1189 5087 1290 5141 dietum
1304 5088 1329 5141 iu
1342 5089 1531 5157 superioribus.

1031 5156 1099 5211 xxi.
1120 5156 1253 5223 Quoniam
1279 5172 1342 5211 sero
1373 5157 1471 5212 eruditi
1490 5157 1592 5227 aliquot
1614 5160 1781 5216 recentiores

995 5236 1068 5282 tamo
1085 5227 1184 5281 haben't
1200 5227 1228 5282 iu
1238 5227 1327 5295 pretio
1338 5227 1510 5298 priuilegium
1527 5229 1554 5281 iu
1575 5228 1628 5282 bne
1643 5228 1726 5284 lilrclli
1748 5230 1783 5299 de

993 5297 1125 5366 episeopis
1144 5294 1307 5352 lleteusibus
1329 5295 1457 5353 bethario
1482 5297 1551 5368 Aug.
1575 5306 1603 5352 et
1621 5299 1742 5367 Eunomo
1760 5298 1781 5354 ll

994 5366 1115 5435 pontilici
1128 5365 1268 5429 tributum,
1283 5366 1499 5437 operaepretium
1512 5365 1635 5424 lactarus
1648 5384 1709 5424 esse
1717 5368 1783 5426 mibi

996 5437 1095 5498 ridear,
1111 5435 1134 5490 si
1146 5435 1299 5499 ostendero,
1310 5437 1574 5492 consarcinationem
1585 5438 1675 5504 istam
1688 5450 1719 5495 ut
1727 5454 1784 5495 me-

996 5506 1048 5561 rito
1067 5505 1132 5560 illud
1147 5502 1314 5584 appellabam
1330 5505 1406 5576 (diss.
1423 5505 1450 5569 2,
1468 5522 1495 5560 rt.
1510 5507 1566 5578 35),
1588 5509 1655 5564 nibil
1669 5510 1732 5565 nori
1755 5510 1784 5564 its

995 5575 1160 5645 pautihelam
1170 5573 1338 5642 disciplinam
1350 5575 1459 5630 inlcrre.
1475 5575 1723 5650 Prmmittiturinnp
1741 5596 1785 5635 ot·

996 5659 1059 5700 tune
1088 5652 1304 5706 sacramentum,
1336 5659 1382 5700 seu
1402 5650 1589 5719 paramentum
1615 5651 1724 5705 liriclitat
1770 5664 1784 5701 a

996 5716 1125 5772 llumanis
1134 5712 1255 5784 prestari
1268 5714 1377 5771 solitum
1390 5717 1547 5786 imperatori
1561 5721 1594 5774 ah
1607 5721 1663 5788 ipsa
1676 5735 1786 5776 acriora·
