3780 6120
149 340 200 399 55!
593 333 624 388 tt.
638 329 763 389 cadolt
784 328 889 386 adeat
907 327 985 385 Ol’l‘.
1007 322 1096 380 t‘atts
1115 321 1135 376 i.
1155 317 1277 377 sttctto
1294 315 1336 371 lli.
1735 311 1807 366 552·

151 451 364 527 planetarea..
387 446 546 519 ascriptum]
569 447 732 503 breviarium
745 444 944 512 chalcedonea·
960 453 1057 509 ,tcum
1087 437 1154 508 ipsis
1179 433 1253 490 reiut
1272 436 1486 486 consentaneum
1508 438 1570 480 curn
1596 423 1793 481 ‹tarnim-sete.

152 546 191 603 sis
205 542 341 599 couciliia
362 539 480 609 quodam
502 536 660 592 Verecunda
674 536 801 605 episeopo
823 534 942 594 editum,
1031 529 1085 585 Nos
1099 527 1217 597 quidem,
1233 524 1303 579 sicut
1327 520 1374 575 inti
1396 531 1501 581 sumus,
1515 516 1686 588 apocryphos
1710 516 1794 574 iilrroa

152 650 234 705 quom
253 634 280 688 in
295 629 457 703 apocryphis
479 616 647 698 reperientes
670 626 809 681 falsidicus
824 625 946 680 invenie·
997 636 1051 678 nou
1070 618 1220 689 sequimur,
1244 613 1291 671 sed
1305 626 1353 668 eos
1366 623 1528 666 veneramur
1552 615 1581 662 et
1603 606 1796 676 amplectimur

155 735 235 781 tnr·.
251 724 351 779 Sancta
368 736 433 776 vero
454 719 587 774 catholiea
607 728 635 774 et
654 718 802 789 apostoliea
820 715 950 786 spiritalis
997 725 1065 780 quos
1075 716 1169 765 sancta
1181 704 1314 763 catholica
1331 711 1359 759 et
1369 699 1518 770 apostolica
1533 699 1652 767 suscepit
1662 698 1795 765 Ecclesia,

155 816 234 889 411
259 822 345 869 mater
357 820 448 866 vestra
467 810 588 865 ilomana
607 808 726 865 Ecclesia
753 824 806 862 non
830 805 950 863 breuiter
999 802 1096 873 inqua
1117 793 1537 855 lundatiunacumliiianostra
1552 790 1706 860 etspiritali
1721 790 1796 847 cotn-

157 908 207 962 sed
220 915 307 961 toturn
321 910 443 960 sanctum
461 909 489 956 et
502 900 654 955 uenerabile
668 907 793 969 quartum
804 896 951 953 Chaloeclo-
999 901 1087 947 matre
1101 890 1198 946 domna
1215 887 1318 958 regina,
1345 895 1427 954 atque
1441 889 1532 936 vestra
1553 880 1797 950 triumphatissima

157 1011 241 1052 aerrse
257 993 423 1065 amplectens
443 967 555 1061 prorsus
572 983 726 1055 veneratur,
742 980 773 1042 ⁸et
796 1003 848 1042 non
871 987 952 1040 audet
1000 982 1104 1047 subole,
1118 979 1326 1051 permultorum
1342 990 1474 1031 annorum
1488 972 1625 1029 curricula
1636 988 1720 1044 regno
1734 989 1799 1043 per-

157 1084 309 1154 relioquere
328 1089 492 1139 sanctumet
513 1080 666 1136 venerabile
684 1078 743 1148 ejus
763 1079 951 1140 constitutum,
1001 1074 1053 1128 irui
1080 1071 1249 1143 dignemini,
1278 1077 1389 1124 etcum
1414 1063 1516 1120 sanctis
1538 1063 1665 1119 omuibus
1688 1065 1800 1136 praemia

157 1184 186 1231 et
203 1173 315 1244 exsequi
343 1172 499 1242 aquodam
523 1170 624 1226 iactum
645 1169 824 1235 breuiarium,
851 1167 953 1223 nullam
1002 1171 1104 1218 aterna
1123 1162 1149 1215 in
1170 1161 1224 1214 rita
1240 1167 1368 1228 perpetua
1393 1154 1493 1210 habete
1519 1153 1675 1208 t‘nleamini.
1699 1151 1801 1210 ineolu-

158 1263 364 1320 consonantiam
378 1268 480 1318 sancte
493 1261 673 1317 institutionis
687 1261 799 1316 hahens.
816 1258 871 1314 Nos
893 1257 953 1328 qni·

1004 1268 1074 1308 tuem
1091 1252 1278 1309 excellentiam
1307 1257 1424 1303 vestram
1449 1244 1537 1316 gratia
1564 1258 1682 1312 superna
1706 1252 1800 1302 custo-

159 1358 220 1414 dem
235 1372 284 1427 pro
297 1365 372 1411 taam
386 1368 478 1410 amore
488 1369 568 1424 quem
580 1368 645 1424 erga
655 1362 773 1408 vestram
783 1368 799 1407 a
811 1353 866 1408 lieo
877 1352 955 1406 insti·
1003 1345 1070 1401 diat.

159 1456 246 1502 tutam
262 1446 380 1518 regalem
393 1445 541 1515 potentiam
556 1445 702 1510 babemus,
716 1444 865 1500 direximus
879 1445 955 1499 vobis

160 1553 195 1595 or
205 1539 300 1595 eodem
310 1546 404 1594 sancto
418 1546 446 1592 et
460 1535 607 1592 venerabili
620 1535 735 1592 coneilio
744 1542 809 1590 ante
821 1536 956 1591 actionem

161 1632 219 1704 ejus
241 1630 380 1700 exemplar
393 1628 513 1699 epistola
532 1628 620 1683 saneti
643 1626 742 1683 Leonis
764 1626 900 1697 pontilicis
922 1627 957 1682 ad

1340 1425 1459 1482 ldxlv.

1215 1537 1297 1612 dlii
1315 1536 1398 1593 trun
1417 1533 1586 1591 arrsrota

1134 1651 1168 1689 lb
1185 1649 1294 1689 bottatm
1308 1646 1432 1687 cahohtt!
1448 1645 1536 1685 REGE!
1550 1644 1676 1693 utnttcu,

162 1724 266 1780 clerum
280 1730 308 1778 et
322 1721 427 1776 nobiles
441 1718 766 1789 constantinopolitanus,
783 1727 957 1789 atqucpotttt·
1008 1725 1042 1780 in
1065 1742 1117 1796 qua
1135 1726 1301 1779 continentur
1322 1723 1472 1847 pretiorum
1495 1721 1610 1775 artiones
1632 1736 1681 1791 pro
1700 1720 1806 1776 malto-

163 1814 218 1867 lom
232 1811 352 1880 musdem
367 1811 485 1867 civitatis
498 1810 626 1873 directae,
647 1818 707 1879 post
730 1817 819 1865 actum
833 1792 993 1878 iniquumB
1042 1798 1111 1850 ΝΟΜ
1132 1804 1231 1849 ⁸⁰²1&oe
1251 1794 1300 1848 Μ

62 1974 65 1979 ¹
162 1911 190 1958 et
204 1916 360 1972 perversum
382 1901 409 1954 in
425 1899 533 1955 Elesiua
548 1898 664 1970 [Lomb.‚
686 1896 790 1964 Grata,
810 1894 955 1968 Ephesium]

163 1992 231 2045 urbe
252 1990 401 2045 secundum
415 1988 559 2044 ooncilium
573 1988 703 2042 adversus
727 1995 850 2042 sanctum
875 1994 902 2040 et
915 2001 958 2041 te

162 2079 311 2136 iterabilem
324 2079 481 2134 Flavianum
494 2076 618 2132 eumdem
627 2075 957 2145 constantinopolitanum

163 2171 339 2242 episcopum,
367 2168 551 2224 cntrdcmnans
581 2164 771 2236 impiissimum
800 2162 958 2218 llioscorum

164 2274 246 2335 atque
264 2261 406 2333 profanum
427 2257 611 2330 dutyebemb,
630 2256 777 2312 adhortans
788 2263 869 2325 atque
881 2270 957 2311 oont-

166 2368 278 2408 tuoneus
304 2350 464 2422 pradictum
489 2347 618 2420 populum
632 2355 663 2402 ut
680 2347 708 2402 in
722 2361 755 2402 ea
780 2345 833 2402 fide
849 2359 959 2416 perma-

167 2452 230 2499 neat
244 2444 271 2497 in
286 2458 338 2512 qna
355 2439 620 2496 christianissimum
633 2438 784 2510 principem
803 2452 895 2492 eontra
912 2454 960 2492 no-

166 2533 206 2588 rit
218 2546 396 2604 permanere:
413 2528 475 2586 talis
488 2529 560 2585 enim
571 2528 659 2584 almus
672 2536 700 2583 et
717 2527 879 2583 venerabilis
896 2527 958 2593 tir,

165 2633 248 2694 atque
266 2625 293 2679 in
318 2631 374 2677 toto
388 2623 454 2677 orbe
469 2629 579 2678 sanctus
600 2621 655 2677 Leo
673 2636 757 2692 papa.
782 2628 876 2676 noster
889 2635 959 2690 prot·

166 2730 259 2772 ecstor
270 2713 474 2786 opirmtisslmus
487 2711 669 2783 praedicabilis
691 2709 752 2776 luit,
768 2718 799 2765 nt
817 2711 841 2766 ai
858 2711 960 2780 aliquid

166 2806 194 2862 in
209 2805 261 2861 tide
274 2806 403 2860 adversus
417 2803 599 2860 Theodosium
613 2804 803 2875 imperatorem
822 2804 960 2860 scandali·

166 2902 258 2948 ratum
273 2892 377 2958 luisset,
389 2906 525 2961 nunquam
531 2899 592 2961 post
601 2898 692 2946 aetum
703 2890 824 2963 iniquum
838 2903 866 2948 et
879 2892 961 2948 latro-

167 2982 301 3041 oiuiosum
323 2981 442 3038 motando
461 2981 489 3034 in
504 2979 584 3036 illeso
603 2980 715 3047 iactum,
735 2981 793 3051 ipse
808 2982 961 3052 praecipuus

169 3072 354 3130 beatusPater
374 3079 485 3128 sauctus
498 3070 554 3126 Leo
573 3071 717 3127 lucereticos
735 3072 882 3138 damnans,
905 3073 961 3128 lau·

1339 1791 1464 1855 ‘ceteram
1489 1800 1514 1846 et
1530 1789 1712 1858 deterritorio
1727 1788 1806 1847 Sati-

1042 1881 1130 1929 rarum,
1147 1862 1260 1936 qualiter
1272 1861 1454 1917 diucitineritta
1468 1859 1578 1943 leattt'b.
1592 1899 1608 1942 ,Ι
1623 1857 1804 1942 iiopinorias]

1040 1935 1210 2004 fidelissimas
1223 1933 1341 2004 ejusdem
1356 1929 1474 2003 precelsa
1493 1946 1576 2001 repta,
1597 1947 1684 2001 aptam
1699 1940 1806 1983 terrato-

1043 2006 1111 2058 rium
1132 2020 1192 2087 cam
1206 2004 1354 2075 integritate
1367 2001 1487 2083 partibor
1508 2000 1593 2054 saneti
1609 1998 1683 2054 Petri
1700 2010 1807 2122 rantza-

1042 2072 1807 2214 attala-..tcaraauaace

1051 2259 1113 2331 (dtr.
1128 2257 1206 2313 bom.
1221 2258 1285 2325 783,
1298 2256 1364 2313 Cod.
1381 2255 1443 2312 Cor.
1460 2272 1574 2324 txxrtu,
1594 2256 1687 2312 chron.
1700 2254 1760 2327 75.)

1008 2371 1246 2426 Διιιιιιιιιτιιιι.-
1260 2368 1438 2440 blaginarium
1455 2368 1562 2425 venisse
1580 2383 1643 2424 cum
1656 2367 1748 2439 »regiis
1763 2366 1809 2420 lit-

1045 2442 1111 2496 teris
1138 2440 1240 2496 amoris
1265 2439 1352 2511 plenis
1374 2454 1438 2510 erga
1464 2453 1494 2494 se
1514 2446 1542 2494 et
1560 2446 1682 2494 sanctam
1702 2437 1805 2493 sedern.

1045 2511 1175 2566 ilumdem
1199 2510 1307 2566 tradere
1328 2510 1444 2566 voluisse
1468 2509 1638 2564 territorium
1655 2506 1809 2563 sabinense

1045 2582 1102 2637 inte.
1155 2597 1190 2645 m,
1209 2588 1239 2635 ut
1257 2580 1350 2649 iussus
1367 2579 1464 2644 iuerat,
1482 2588 1510 2634 at
1527 2587 1639 2649 propter
1651 2578 1809 2647 malignita-

1046 2659 1100 2705 tem
1121 2653 1250 2707 lominum
1264 2666 1318 2706 non
1332 2650 1461 2721 potuisse.
1477 2649 1614 2720 inspectas
1626 2657 1717 2703 tamen
1728 2649 1765 2702 ab
1774 2661 1810 2702 eo

1045 2736 1106 2776 esse
1118 2721 1277 2778 donationes
1296 2720 1450 2790 imperiales
1466 2727 1492 2775 et
1503 2718 1744 2791 Langobardorum
1762 2731 1808 2771 re-

1045 2792 1211 2847 stitutiones.
1233 2791 1269 2847 Se
1285 2805 1373 2861 neque
1389 2791 1587 2861 imperatorias,
1610 2802 1698 2858 neque
1717 2788 1810 2871 regias

1047 2861 1185 2932 largitates
1196 2877 1302 2927 curare,
1315 2862 1361 2916 uni
1372 2860 1625 2917 CaroloSabinense
1639 2859 1809 2914 territorium

1047 2932 1181 3003 integrum
1195 2940 1335 3003 aooeptmn
1350 2931 1453 2987 relerre
1466 2948 1488 2996 ;,
1517 2939 1642 3000 rnpterea
1655 2939 1811 3000 opportune

1048 3001 1198 3074 legatorum
1213 3002 1310 3058 missos
1334 3017 1400 3058 suos
1419 3016 1480 3056 cum
1496 2946 1677 3065 socumentis,
1702 3008 1733 3055 ut
1747 2997 1811 3055 inde

1047 3072 1149 3129 veritas
1161 3072 1296 3129 elucescat
1308 3079 1336 3127 et
1348 3073 1529 3142 subsequatur
1542 3069 1665 3126 effeetus.

169 3163 262 3220 ‹lasset
285 3162 366 3219 iidem
389 3161 548 3229 Tireodosii;
571 3161 653 3234 m
676 3162 723 3218 scd
743 3162 829 3235 magis
858 3143 998 3234 pariterc
1046 3163 1150 3221 Damno
1167 3175 1179 3204 ι
1198 3162 1424 3220 excellentissimo
1441 3161 1505 3228 illio,
1531 3171 1679 3232 nostroque
1692 3158 1809 3233 spiritali

167 3298 222 3370 pali
248 3298 379 3361 titulant
407 3296 603 3361 verecundum,
627 3295 740 3350 audiens
764 3295 846 3351 libelli
868 3304 962 3351 aucto-
1011 3294 1078 3359 tta.
1104 3294 1264 3351 catholicam
1286 3293 1438 3350 doctrinam
1461 3303 1489 3350 et
1509 3294 1711 3351 (lamnationem
1725 3295 1811 3369 Euty·

168 3384 238 3435 rem,
251 3367 427 3424 divinandum
440 3367 501 3423 aliis
518 3367 651 3439 relinquo,
659 3366 783 3437 quisnam
796 3364 878 3422 luerit
892 3365 962 3421 Pau·
1013 3365 1098 3420 abetis
1113 3374 1140 3421 et
1155 3364 1287 3429 dioscori,
1303 3364 1473 3434 allommque
1496 3365 1523 3419 in
1538 3364 1690 3421 latrocinali
1705 3379 1775 3437 spuo
1786 3370 1810 3422 'n

168 3439 240 3494 linus
253 3439 314 3494 iste.
332 3436 415 3494 Cera.
1012 3445 1236 3508 congregatorum
1253 3449 1408 3504 exponens;
1433 3434 1525 3506 plures
1540 3435 1606 3491 item
1623 3443 1732 3491 emunt
1754 3438 1813 3507 egi-

204 3522 217 3549 ·
231 3508 308 3590 Apud
334 3507 470 3564 Labbeum
482 3505 585 3579 (Cone,
602 3515 667 3563 torn.
683 3507 728 3572 tt,
742 3521 770 3576 p.
788 3506 833 3569 att
857 3513 899 3562 est
914 3504 963 3562 ob·
1012 3506 1222 3562 stoinearndem
1245 3520 1356 3560 causam
1370 3514 1540 3575 spectantes,
1561 3519 1667 3563 necnon
1690 3503 1810 3562 Anatolii

169 3578 433 3634 servatroeditornm
447 3578 638 3641 homanorum,
658 3577 702 3647 qni
717 3593 774 3648 prae
793 3576 854 3633 aliis
869 3585 962 3631 notant
1012 3574 1170 3632 electionem
1186 3575 1213 3631 ln
1237 3575 1359 3630 Flaviani
1383 3575 1549 3632 sanctissimi
1575 3575 1694 3647 episcopi
1719 3575 1812 3632 locum

169 3648 297 3704 llarciaui
318 3646 468 3703 orationem
500 3648 542 3703 bis
566 3661 708 3703 occurrere
734 3646 827 3702 iisdem
847 3646 960 3703 verbis:
1012 3655 1075 3702 ante
1087 3647 1203 3720 primam
1213 3646 1348 3702 actionem
1362 3644 1479 3703 correilii.
1507 3643 1582 3713 Quas
1599 3644 1724 3717 proiecto
1738 3647 1812 3703 haud

172 3737 182 3771 ι
200 3716 286 3788 liujus
302 3725 393 3772 antem
415 3716 567 3773 iterationis
592 3718 772 3782 occasionem,
795 3716 881 3783 aiunt,
908 3713 964 3770 ior·
1012 3716 1153 3796 ignorabat
1163 3715 1316 3783 adrianum
1336 3717 1382 3771 sed
1397 3715 1540 3779 Theodosii
1555 3715 1634 3772 tidem
1655 3714 1813 3774 vindicatu-

169 3797 242 3844 tasse
270 3789 385 3858 praebuit
403 3787 603 3845 uetustissimus
635 3788 702 3843 liber
721 3787 834 3842 Latinus
854 3786 962 3843 concilii
1013 3800 1060 3842 rus
1076 3787 1205 3841 aduersus
1218 3785 1338 3840 libellum
1353 3785 1465 3846 Paulino
1479 3786 1618 3849 tributum,
1636 3785 1708 3841 hanc
1728 3802 1813 3842 unam

168 3858 403 3922 Chalcedonensis,
420 3859 467 3929 qui
496 3859 523 3914 in
550 3858 713 3914 bibliotheca
728 3858 856 3913 Vaticana
874 3871 963 3912 asser·
1012 3871 1072 3928 quae
1084 3855 1262 3912 disertissime
1276 3856 1448 3930 imperatoris
1462 3854 1543 3911 iidem
1555 3857 1740 3925 courmemlat,
1760 3854 1815 3914 Ca·

169 3936 259 3994 ratur,
280 3928 307 3984 in
322 3943 376 3998 quo
399 3928 582 3998 praetermissa
593 3935 635 3984 est
653 3928 740 3999 prima
756 3928 838 3994 actio,
856 3935 884 3982 et
904 3924 963 3995 clus
1012 3926 1070 3982 rolo
1083 3925 1241 3980 mittendam
1252 3927 1366 3981 censuit.
1381 3924 1420 3984 ln.
1451 3959 1455 3968 ·

169 3998 229 4056 loco
240 3999 373 4068 reperitur
389 3998 480 4055 brevis
511 3998 615 4054 undam
632 3999 749 4067 epitome
766 3997 888 4065 eiusdem
901 4011 963 4052 con-
1048 4008 1060 4036 ⁶
1075 3995 1255 4052 Theodosium
1276 3995 1394 4055 leuitatis
1413 3995 1557 4065 nimiaque
1579 3993 1750 4052 credulitatis
1763 3996 1815 4051 iro-

171 4068 238 4132 cilli,
253 4069 296 4124 cui
313 4067 423 4137 pratdxn
440 4078 481 4125 est
492 4015 555 4124 (iuteo
566 4068 692 4122 Marciani
710 4067 888 4139 alsgnodum
901 4082 963 4121 ora-
1012 4067 1112 4121 minem
1128 4064 1249 4120 historici
1269 4081 1363 4121 omnes
1384 4067 1522 4120 damnant.
1545 4065 1678 4121 Praeterea
1692 4067 1815 4139 Chrysa·

170 4140 219 4205 tio,
234 4147 261 4194 et
308 4145 333 4192 st
351 4137 485 4207 epitomen
512 4137 887 4206 sequitursecundnactioet
903 4136 962 4191 alta
1011 4137 1066 4205 plrii
1081 4136 1198 4192 eunuchi
1212 4136 1463 4205 artibusdeccptum
1475 4135 1596 4191 iiioscori
1610 4144 1702 4206 partes
1718 4137 1814 4193 adver·

170 4224 219 4278 per
236 4224 268 4264 or
286 4209 359 4262 inem
370 4221 456 4276 usqne
471 4208 504 4261 ad
518 4207 608 4260 daem.
631 4226 640 4259 ι
663 4206 830 4261 Bretiarium
843 4204 961 4261 Adriano
1012 4221 1058 4263 sus
1070 4206 1228 4261 Flavianum
1242 4207 1393 4275 suscepisse
1405 4221 1500 4261 omncs
1510 4214 1653 4269 testantur,
1674 4214 1705 4261 ut
1719 4207 1815 4266 videre

171 4279 283 4333 missum
295 4292 311 4331 a
323 4276 422 4331 Carolo
447 4277 512 4345 qnid
534 4275 622 4332 simile
647 4275 725 4344 hujus
750 4277 882 4346 epitomes
902 4292 962 4331 esse
1011 4285 1054 4332 est
1071 4291 1114 4347 ap.
1136 4277 1281 4332 ltaronium
1296 4275 1350 4331 late
1365 4277 1464 4332 haedo
1483 4291 1513 4331 re
1534 4284 1657 4347 agentern
1680 4292 1728 4331 an.
1744 4277 1811 4343 tta,

171 4347 273 4402 debuit.
293 4346 524 4415 Eutychianorum
538 4354 627 4400 antem
651 4345 734 4401 inisse
756 4361 824 4416 opus
847 4344 963 4401 insertur
1031 4349 1057 4401 ui
1076 4347 1158 4402 etiarn
1172 4346 1362 4401 animadvertit
1373 4345 1470 4401 divinat
1485 4345 1580 4402 ultioni
1593 4346 1742 4402 obnoxium
1753 4349 1812 4403 cito

171 4433 205 4470 ex
218 4416 312 4484 primae
332 4415 447 4470 actionis
462 4416 576 4479 delectu,
592 4431 652 4486 quae
672 4416 793 4472 ilioscori
808 4424 835 4473 et
846 4416 962 4471 allorum
1012 4362 1114 4482 inicam
1131 4431 1163 4471 ac
1177 4416 1295 4470 breviter
1311 4416 1442 4472 ultionem
1463 4416 1550 4489 ipsam
1569 4416 1729 4472 describens
1751 4418 1812 4490 (an.

172 4500 225 4540 una
239 4500 301 4539 curn
323 4484 456 4554 Ephesina
481 4485 583 4556 synodo
607 4487 807 4543 damnationem
829 4488 959 4543 ootttinet.
1012 4486 1072 4548 tao,
1087 4485 1186 4557 rnl'll:
1202 4504 1210 4536 ι
1227 4486 1277 4550 itui
1289 4486 1408 4568 quidem,
1429 4486 1524 4557 inquit,
1542 4495 1749 4559 attemperatam
1759 4488 1815 4543 nri·

170 4554 352 4622 Quamobrem
366 4553 436 4610 inter
446 4556 614 4626 apocryphos
625 4554 686 4624 jure
697 4559 881 4612 amandatura
895 4574 961 4626 pon·
977 4557 1158 4636 psoricordia
1173 4556 1218 4610 ilci
1234 4556 1378 4611 vindictam
1394 4566 1523 4626 expertus
1538 4565 1599 4621 est;
1621 4557 1694 4627 quod
1715 4557 1814 4615 datnnt

148 4653 154 4665 ·
169 4623 254 4688 illice,
269 4621 329 4692 ejus
341 4625 412 4680 eninr
424 4641 481 4682 mro
492 4635 578 4682 totum
591 4625 809 4683 chalcedonense
819 4628 961 4682 concilium
1013 4627 1050 4681 illi
1072 4627 1106 4681 sit
1125 4635 1187 4680 ante
1201 4627 1320 4693 obitum,
1344 4626 1490 4681 admissam
1516 4625 1622 4682 facinus
1645 4626 1810 4697 intelligere,

171 4713 187 4748 a
203 4703 296 4750 sancta
308 4694 371 4750 sede
387 4696 579 4764 accipiebatur,
595 4704 624 4750 ut
637 4696 694 4766 ipse
711 4698 799 4752 docet.
817 4697 856 4751 ln.
1015 4696 1132 4751 retitudia
1146 4711 1276 4764 quaerere,
1293 4697 1319 4751 in
1333 4705 1471 4751 auctorent
1486 4696 1591 4759 ulcisci,
1609 4696 1732 4752 Romano
1745 4710 1824 4766 pon--

209 4764 285 4834 biip.
298 4764 383 4821 Labb.
400 4763 504 4836 (Cora,
520 4772 586 4822 tom.
602 4766 644 4829 ill,
659 4783 685 4837 p.
710 4767 755 4833 lt,
769 4784 796 4821 n.
810 4767 855 4834 ᾖ)
875 4774 965 4821 exstat
1015 4768 1080 4821 tiliei
1102 4766 1220 4828 ‹rindira
1241 4767 1383 4836 eidetnque
1398 4767 1608 4832 coturnunicare,
1625 4775 1656 4821 ut
1670 4767 1739 4821 datae
1753 4782 1814 4824 ntu-

171 4835 229 4890 lnec
242 4833 339 4891 Leonis
352 4835 475 4906 epistola.
496 4836 562 4890 Data
574 4837 667 4892 eadent
681 4838 742 4903 init,
764 4846 905 4908 postquam
919 4837 965 4891 lli·
1015 4848 1061 4891 tuo
1083 4837 1179 4890 litterae
1201 4837 1332 4891 docent.»
1356 4835 1561 4891 Nihilominusa
1576 4836 1628 4892 ittlc
1648 4846 1722 4892 recta
1744 4850 1814 4895 cum

172 4904 245 4959 larus
260 4904 329 4960 diac.
351 4906 496 4962 cardinalis
511 4907 556 4975 qui
571 4905 653 4961 Leoni
675 4909 803 4961 strocessit
817 4907 843 4960 in
858 4914 965 4976 aqtrtsto·
1017 4907 1163 4962 desciuisse
1182 4922 1300 4975 antiquam
1312 4922 1363 4961 non
1379 4914 1495 4971 constat,
1511 4907 1566 4961 imo
1585 4921 1601 4962 e
1623 4906 1761 4962 contrario
1783 4908 1816 4963 ln

173 4974 221 5030 lica
233 4975 307 5040 sede,
327 4974 448 5031 biosoori
462 4977 636 5034 Alexandrini
654 4976 792 5030 audaciam
815 4977 841 5030 in
855 4976 964 5031 conscilii
1016 4977 1111 5032 cariem
1125 4977 1305 5045 permansisse
1321 4986 1437 5032 testatur
1454 4985 1565 5032 sanctus
1578 4976 1633 5033 Leo
1657 4976 1756 5033 littetis
1777 4978 1815 5035 ab

171 5043 299 5114 presides
310 5045 394 5101 iioma
405 5046 502 5103 missos
514 5047 643 5102 deludens
657 5059 705 5116 per
717 5046 792 5101 deuia
805 5062 907 5117 perque
917 5047 965 5100 im·
1016 5045 1135 5101 adriano
1151 5047 1276 5100 laudatis.
1290 5047 1328 5101 ln.
1805 5048 1808 5053 '

172 5129 264 5171 mensa
279 5114 398 5184 pericula
414 5116 527 5172 liomam
540 5117 629 5179 rediit,
646 5124 674 5170 et
688 5115 853 5171 latmcinalis
867 5116 961 5188 synodi
1050 5115 1063 5155 d
1076 5116 1187 5188 Argum.
1202 5115 1284 5170 Pana.
1299 5116 1375 5187 (Cori.
1389 5114 1450 5170 Vnt.
1461 5115 1503 5186 ll)
1516 5134 1524 5171 t
1536 5115 1703 5175 «Undecima
1715 5114 1817 5175 landes

172 5186 308 5240 bracatum
319 5194 444 5242 eventum
458 5188 606 5242 enarravit.
619 5185 740 5243 Flaviani
755 5187 880 5241 cnsilium
902 5196 962 5256 post
1015 5187 1144 5256 quasdam
1158 5185 1247 5241 Caroli
1264 5187 1394 5251 continet,
1408 5195 1436 5241 ct
1447 5186 1654 5259 [commemorat
1663 5184 1738 5259 cunt]
1747 5202 1814 5259 gra-

171 5255 290 5337 plagasa
303 5256 432 5310 barsuma
447 5257 561 5330 aliisque
570 5256 759 5312 consentaneis
774 5257 861 5312 eidem
873 5257 961 5311 illatas
1015 5257 1112 5310 tiarnm
1122 5256 1243 5311 actiones
1257 5255 1388 5379 [actione]
1408 5271 1458 5332 pro
1469 5258 1634 5312 exaltatione
1648 5265 1752 5313 sanctae
1762 5259 1813 5313 liei

172 5340 200 5380 m
212 5326 337 5391 ennodio,
351 5325 460 5381 llilarus
472 5325 590 5382 Leonem
604 5325 758 5393 edocuerat,
779 5327 826 5381 sed
846 5334 960 5381 mortem
1015 5327 1152 5382 Ecclesia.
1165 5326 1254 5382 indica
1279 5327 1462 5383 deterritorio
1486 5326 1562 5399 agro]
1570 5325 1724 5391 Sabineasi,
1736 5328 1816 5398 qnod

172 5393 248 5448 brevi
271 5405 444 5452 consecutam
466 5397 616 5467 ignorabat.
633 5396 700 5452 Vide
716 5396 867 5451 llenselten.
885 5397 960 5451 add.
1015 5396 1195 5452 blachinarius
1209 5394 1402 5471 [ilonegarius]
1415 5326 1588 5453 ildeissimus
1598 5395 1719 5465 eiusdem
1737 5399 1815 5469 regis

174 5460 217 5516 ib.
226 5461 356 5521 tenram.
367 5465 487 5535 Epistola
498 5467 672 5522 inscribitura
689 5484 699 5517 ι
713 5465 769 5522 Leo
780 5466 922 5537 episcopus
936 5475 964 5522 et
1015 5466 1103 5535 ipsunt
1117 5482 1177 5521 cnm
1192 5466 1314 5535 partibus
1336 5466 1423 5521 saneti
1445 5466 1519 5523 Petri
1532 5468 1694 5524 contradere
1707 5465 1814 5540 [ipsum

173 5540 291 5588 maetas
310 5536 404 5602 nodus,
417 5551 478 5606 qum
489 5538 515 5591 in
526 5538 592 5592 urbe
605 5535 833 5600 convenihclem,
847 5536 963 5591 bonora—
1015 5544 1108 5590 saurto
1132 5536 1213 5590 i‘etro
1236 5535 1354 5609 tradere]
1375 5536 1511 5605 voluerit,
1532 5538 1582 5593 sed
1601 5539 1675 5609 quod
1697 5548 1814 5611 propter

173 5598 256 5682 uite!
267 5548 337 5670 phut
348 5606 496 5687 opnsisteu.
510 5622 554 5676 ap.
576 5605 834 5689 Cortstantiunpolim
857 5605 963 5662 dilectis
1015 5606 1122 5675 iniquos
1134 5615 1215 5675 atque
1225 5620 1367 5687 perversos
1378 5606 1504 5664 bonrioes
1518 5608 1629 5664 minime
1637 5610 1757 5681 potuerit
1772 5608 1815 5687 [ld

174 5668 236 5723 llius
250 5685 276 5723 m
293 5672 407 5729 bomtno
418 5676 559 5731 salutem.»
586 5677 705 5745 Eamque
726 5674 777 5730 alta
798 5673 833 5732 cd
852 5677 962 5732 eosdem
1015 5677 1126 5731 minime
1138 5684 1261 5746 praestan
1269 5675 1415 5749 potueritl.
1432 5677 1494 5732 alr.

172 5740 348 5813 cottsequitur
361 5743 421 5801 tiata
443 5744 538 5801 codem
553 5744 616 5814 dic,
643 5760 738 5819 nurrtpn
759 5744 850 5803 idibus
863 5744 959 5805 octob.
1051 5745 1182 5809 οΒυιιιιιι.
1197 5745 1241 5814 ll,
1256 5745 1352 5803 lianet
1363 5745 1441 5804 Ceut.
1453 5746 1559 5805 Garrs.
