3780 6120
117 315 183 374 tata

235 425 302 480 iterii
314 421 382 474 idem
396 416 429 471 od
442 412 603 467 deriuarium
616 408 775 478 episcopum.

154 543 163 573 i
182 517 277 578 iudai,
297 511 392 580 inquit,
415 504 570 561 decivitate
586 498 744 554 rostraliue
765 496 906 550 venientes
973 540 978 549 ,

137 592 205 646 nosti
234 585 311 639 nobis
335 589 406 638 suut,
424 575 495 644 quod
520 585 683 642 synagogam
705 582 816 648 eornm,
845 581 905 632 quie

117 610 220 719 Enteiis
231 657 281 710 sita
294 660 345 711 est,
353 651 459 708 Petrus,
467 645 511 714 qui
520 658 553 697 ea·
566 655 660 694 eorum
669 645 860 706 superstitione
870 635 904 690 ad

117 729 279 788 Christianae
299 721 360 776 dilei
378 717 478 772 cultum
498 715 552 767 Deo
568 707 904 790 tolenteflperduetusuest,

119 798 247 856 adhibitis
258 793 308 846 sibi
324 787 483 858 quibusdam
496 780 710 849 indisciplinans,
729 784 851 857 sequenti
863 775 906 829 dic

119 865 288 938 baptismatis
301 862 352 924 sui,
365 860 417 913 lioe
433 863 475 909 est
488 851 624 905 [lominica
639 850 695 916 ipsa
717 846 842 899 festivate
856 843 907 898 Pa-

119 938 214 998 seliali,
227 948 288 990 eum
303 930 379 1001 gravi
393 923 520 980 scandalo
530 922 588 975 siue
603 927 692 972 vestra
702 916 840 970 voluntate
860 931 907 997 oe-

119 1012 252 1077 cupassct,
268 1010 348 1069 atque
364 996 506 1064 imaginem
520 991 575 1044 illic
586 987 731 1059 genetricis
744 987 801 1047 Dei,
816 986 907 1039 [loim-

119 1078 200 1144 nique
226 1072 312 1127 nostri
340 1078 367 1122 et
391 1062 570 1119 venerandam
594 1072 702 1112 crucem
726 1057 767 1110 rcl
793 1057 906 1136 byrrum

119 1147 219 1203 albuni,
235 1157 289 1213 quo
300 1141 372 1194 limtc
391 1150 504 1203 surgens
526 1131 635 1210 indutus
650 1126 748 1212 iuerat,
764 1139 906 1207 apqmsuis-

118 1225 169 1277 sct,
189 1223 242 1268 etc.
262 1233 270 1264 i
287 1211 319 1263 Et
332 1215 392 1278 post
408 1218 492 1274 pauca
517 1202 603 1268 iuquit
631 1216 637 1251 ι
665 1216 673 1247 ι
698 1197 907 1276 considerantes

118 1283 257 1340 haedere
271 1288 367 1334 restrae
378 1274 523 1329 uoluntatis
536 1272 668 1323 intentum
687 1281 718 1320 ae
733 1280 819 1335 magis
835 1265 908 1332 Juda-

119 1358 190 1410 eium
202 1354 245 1407 liis
259 1353 399 1405 hortamur
409 1344 559 1404 all'eetilius,
575 1346 604 1393 ut
617 1337 722 1417 sublata
735 1334 831 1390 cibuto
845 1350 906 1387 cum

118 1442 161 1489 ea,
171 1440 224 1493 qua
238 1422 346 1490 dignum
362 1424 412 1477 est,
424 1411 597 1467 reiteratione
608 1411 724 1476 imagine
734 1415 815 1473 atque
826 1418 907 1458 eruce

119 1494 239 1550 debeatis
250 1488 320 1559 qnod
335 1487 466 1540 rioleiiter
478 1481 595 1534 ablatum
612 1485 652 1530 est
667 1475 823 1529 reformare.
842 1495 850 1526 ι
900 1517 904 1528 .

155 1581 222 1635 Item
238 1580 305 1632 idem
321 1576 354 1630 od
369 1572 547 1629 Secundinum
563 1583 664 1622 seruum
679 1566 725 1619 Dei
737 1564 877 1618 iriciusiiiii.

555 299 585 352 tt.
606 294 729 352 ttatttttt
750 291 857 346 ttads't
875 286 949 344 utu.
971 288 1060 343 Pius
1078 288 1109 342 ll.
1131 288 1251 344 stello
1270 286 1301 342 ll.

917 399 1030 466 Aquasi
1055 407 1118 453 autc
1145 399 1332 461 dii‘iiiitatem,
1359 397 1406 450 sed
1432 394 1510 449 illum
1526 392 1691 454 aduramus,
1708 403 1754 448 etc.

1696 278 1753 335 lili

959 470 1034 533 Quod
1056 469 1107 524 tale
1120 479 1172 533 est,
1194 485 1226 523 ae
1250 469 1272 521 si
1288 468 1343 537 regi
1364 468 1389 520 iu
1409 466 1511 518 tliroiin
1531 463 1642 517 sedenti
1665 464 1755 518 dieas:

957 540 1011 593 bos
1025 540 1144 608 quidem,
1159 555 1176 591 o
1191 554 1247 598 rer,
1269 553 1320 591 riou
1337 536 1414 606 iquasi
1431 545 1497 588 aute
1509 533 1689 587 divinitatem
1700 545 1756 589 ante

958 618 983 663 te
1000 610 1206 678 prosternimur,
1228 609 1274 661 sed
1303 607 1377 660 illum
1403 605 1578 666 adoramus,
1606 619 1691 671 quein
1714 619 1756 673 per

957 679 1100 760 imaginem
1121 688 1203 739 triani,
1233 677 1295 746 quia
1321 676 1401 729 lionm
1432 690 1472 736 es,
1501 671 1755 727 Duuiinumlisiiri

956 749 1093 802 Christum
1106 748 1242 801 homiuem
1261 745 1437 800 recordamur
1448 761 1465 796 u
1475 753 1561 806 duni,
1577 751 1625 795 ant
1643 758 1754 812 passum,

957 819 997 870 rel
1009 821 1035 873 in
1051 821 1148 873 tlirouo
1163 818 1298 871 sedentem
1309 858 1316 874 ,
1329 814 1405 881 eujus
1421 814 1550 867 iiiiiuitor
1566 828 1597 866 cs
1614 820 1643 865 tu
1667 813 1755 868 sedent

957 889 984 942 iii
1001 890 1107 942 tbruiio.
1125 887 1250 954 Nunquid
1263 886 1308 939 tali
1324 885 1396 938 dictu
1422 900 1485 938 mox
1505 898 1687 952 consequens
1709 892 1754 947 est,

957 968 986 1010 ut
1002 958 1125 1012 eumdem
1141 973 1233 1026 regem
1254 957 1367 1010 adorare
1394 953 1551 1022 compellar
1579 951 1719 1007 sedentem
1732 953 1753 1007 iri

958 1028 1071 1082 tliriuio?
1086 1027 1124 1081 lta
1149 1044 1198 1081 ricc
1213 1027 1238 1079 iu
1254 1041 1296 1089 co,
1314 1026 1384 1092 quod
1400 1024 1505 1077 dicitur
1523 1039 1530 1073 :
1555 1041 1564 1071 i
1581 1022 1639 1076 llos
1653 1022 1754 1092 quiden

957 1113 1010 1151 nou
1024 1098 1099 1166 quasi
1113 1107 1175 1151 aute
1184 1096 1350 1150 diuinitatem
1364 1102 1426 1146 autc
1439 1094 1530 1163 ipsam
1546 1093 1752 1162 pmsiemtmii.

957 1169 1004 1221 scil
1020 1168 1092 1220 illum
1108 1168 1268 1227 aduramus,
1290 1186 1298 1215 i
1317 1172 1381 1225 ete..
1396 1164 1430 1216 ad
1448 1162 1606 1231 imaginum
1623 1162 1752 1216 adoratio·

958 1253 1019 1291 nem
1035 1238 1188 1298 iiiritaniur,
1205 1236 1266 1304 quia
1281 1235 1350 1288 sicut
1369 1234 1394 1286 iu
1412 1231 1507 1286 multis
1528 1232 1632 1286 dii-iiia
1645 1233 1755 1286 auetori-

958 1307 1022 1360 tatis
1034 1306 1215 1360 ruluiiiiuibus
1239 1305 1387 1360 sententias
1404 1303 1501 1357 ordine
1521 1302 1675 1355 rerlmrniu
1693 1317 1755 1370 pra·

958 1385 1065 1446 postero
1088 1377 1204 1445 scriptas
1220 1375 1377 1434 invenimus,
1396 1373 1433 1426 ita
1449 1388 1563 1441 quoquc
1583 1370 1687 1427 sactum
1701 1387 1755 1427 esse

958 1463 991 1499 co
1002 1463 1093 1506 semu,
1110 1456 1139 1500 ιιι
1155 1462 1235 1515 supra
1251 1446 1351 1500 dietum
1369 1451 1421 1507 est,
1438 1444 1491 1497 linc
1516 1444 1547 1496 in
1565 1441 1627 1497 luco
1651 1443 1755 1498 niinitne

959 1517 1123 1570 dubitamus.

993 1585 1060 1640 Cum
1072 1587 1143 1640 eiiim
1152 1585 1187 1639 ibi
1198 1585 1390 1655 scriptumsit:
1407 1602 1415 1633 i
1427 1582 1482 1637 Nos
1492 1582 1611 1663 quidem
1620 1598 1675 1636 ιιοιι
1685 1581 1753 1651 quasi

157 1692 167 1723 ι
179 1664 422 1740 Ιιιιιιιιίιιοι,ἰιιιιιιιι,
433 1677 501 1731 quas
512 1676 527 1714 a
540 1659 618 1712 uobis
630 1657 677 1710 tilii
694 1656 846 1724 dirigendas
858 1670 907 1723 per
959 1665 1021 1710 aute
1036 1656 1202 1710 diuinitatem
1221 1667 1283 1710 ante
1297 1656 1381 1725 ipsam
1394 1661 1629 1723 prostcrmiuur,i
1642 1653 1753 1722 quisunt

124 1741 275 1798 liulcidium
299 1738 438 1791 diaconem
462 1739 536 1784 tuum
553 1727 650 1796 rogasti
655 1764 708 1778 .....
731 1725 807 1779 valde
829 1727 906 1778 uobis
924 1725 1164 1807 Bauimadrertat,
1182 1726 1296 1795 idipsum
1310 1725 1395 1794 magis
1406 1723 1566 1783 relutando,
1582 1739 1667 1790 qnam
1678 1724 1753 1792 impe·

122 1823 165 1867 tua
184 1807 328 1879 postulatio
340 1805 449 1873 placuit,
463 1802 524 1869 quia
550 1798 624 1851 illum
639 1797 665 1849 iu
687 1794 769 1848 corde
791 1802 844 1847 tota
867 1795 908 1849 iii·
960 1796 1053 1858 raudo,
1068 1796 1110 1850 rel
1123 1795 1279 1857 adorando,
1299 1797 1420 1849 eamdem
1442 1793 1639 1847 aileraiioucni
1669 1790 1754 1862 imagi-

122 1882 242 1936 tentione
252 1877 361 1946 qnaeris
375 1871 451 1939 eiijiis
465 1869 610 1938 imaginem
630 1881 685 1934 prae
698 1864 785 1919 oeulis
809 1865 908 1918 babere
959 1881 1022 1917 uiiiu
1037 1865 1138 1920 dietum
1157 1880 1232 1927 csse,
1251 1866 1285 1918 ita
1302 1874 1332 1918 ιιι
1344 1863 1445 1918 dietum
1460 1863 1523 1915 cst?
1540 1872 1649 1931 quanto
1664 1865 1752 1933 magis,

121 1951 268 2010 desideras,
289 1953 316 1998 ιιι
329 1943 396 1996 its-to
414 1939 562 2009 corporalis
579 1935 734 2005 quotidiana
750 1933 843 1988 reddat
859 1949 907 1987 ex·
959 1935 1029 1988 sicut
1043 1951 1125 2004 supra
1140 1933 1238 1989 laetum
1255 1943 1305 1995 cst,
1319 1935 1386 1987 ordo
1399 1934 1552 1986 verborum
1568 1949 1620 1987 sno
1635 1933 1753 1988 restitua-

119 2029 220 2081 nrtum,
245 2024 274 2068 ut
297 2015 360 2068 dum
383 2012 513 2081 picturam
527 2006 611 2068 rides,
632 2004 722 2058 animo
742 2003 906 2068 inardescas,
960 2011 1004 2057 tur
1017 2007 1042 2058 iu
1059 2005 1162 2066 nidiue,
1182 2020 1288 2059 omnem
1302 2018 1491 2072 quemcunque
1510 2005 1548 2057 oli
1564 2004 1679 2057 nimiam
1696 2002 1753 2055 sim·

121 2090 237 2158 eiijuste
257 2085 401 2152 imaginem
422 2079 514 2132 videre
533 2076 697 2131 consideras.
721 2072 776 2127 tilis
800 2088 829 2127 re
854 2089 908 2127 nou
958 2073 1105 2141 plicitatciu
1125 2084 1280 2138 errantem,
1308 2075 1334 2127 iu
1361 2072 1393 2127 eo
1417 2073 1491 2141 quiid
1520 2072 1636 2127 lieatuiu
1661 2082 1752 2127 sancte

120 2161 243 2219 tacimus,
255 2155 277 2209 si
286 2149 454 2222 pervisibilia
471 2145 616 2202 invisibilia
626 2144 908 2198 demonstramuszsie
959 2144 1006 2197 liei
1027 2144 1155 2199 Ecclesiae
1178 2144 1316 2198 doctorem
1340 2143 1484 2198 adieisum
1501 2143 1626 2212 seipsum
1643 2143 1752 2197 sensisse

119 2234 211 2289 bomo,
232 2226 277 2294 qui
286 2224 366 2276 alium
377 2220 502 2273 ardenter
512 2217 602 2270 ridere
613 2211 758 2276 desiderat,
770 2221 816 2264 aut
829 2228 909 2281 spou-
958 2213 1118 2274 aestimabat,
1134 2213 1270 2284 corrigere
1282 2214 1392 2282 poterit.
1412 2211 1529 2278 iusuper
1542 2212 1653 2267 etiamsi
1667 2228 1753 2281 quent·

120 2314 179 2354 sam
194 2295 309 2350 amando
322 2291 457 2345 desiderat
472 2302 552 2357 quana
564 2286 655 2339 ridere
669 2290 792 2345 conatur,
806 2282 828 2335 si
842 2297 908 2336 con·
958 2299 1038 2351 qiiaim
1047 2283 1370 2364 subtiliusintelligentem
1379 2284 1430 2336 boe
1439 2282 1628 2351 negligentius
1638 2284 1750 2338 minusue

119 2368 208 2435 tingit,
225 2361 314 2418 autad
329 2359 452 2414 lialueiim
469 2357 518 2421 ire,
535 2365 581 2410 aut
593 2354 626 2408 ad
648 2352 791 2407 ecclesiam
809 2367 906 2420 proee—
959 2353 1061 2407 iuteute
1074 2352 1161 2423 legere
1183 2353 1348 2422 contigisset,
1368 2350 1497 2406 facillime
1508 2353 1635 2422 seipsum
1662 2352 1750 2420 dijudi-

120 2439 195 2501 dere,
210 2433 323 2489 festinus
335 2432 360 2484 in
379 2430 421 2481 ria
433 2440 461 2480 se
477 2432 618 2496 praeparat,
633 2430 663 2477 ut
675 2423 708 2476 ile
726 2422 830 2475 visione
841 2422 909 2476 bila·
959 2432 1046 2487 cante,
1057 2438 1106 2478 eur
1119 2422 1263 2491 aliqnando
1277 2423 1354 2477 aliter
1380 2423 1508 2486 senserit,
1529 2424 1565 2477 ad
1576 2422 1702 2477 sobrium
1715 2423 1751 2476 itt-

124 2507 160 2559 ris
188 2503 305 2557 recedat.
335 2498 442 2553 Scimus
465 2497 528 2564 quia
547 2504 576 2548 tu
596 2493 738 2561 imaginem
762 2491 909 2546 Sali'atoris
960 2492 1096 2546 tellectum
1108 2506 1236 2546 revocare
1249 2494 1357 2561 poterit.
1375 2491 1403 2545 si
1417 2493 1479 2559 quis
1498 2500 1606 2557 autem,
1618 2491 1751 2561 quodqui-

123 2574 207 2629 nostri
221 2573 279 2626 ideo
291 2585 343 2623 non
361 2567 440 2636 petis,
459 2575 488 2618 ut
512 2565 588 2634 quasi
600 2564 683 2616 licum
704 2560 786 2622 colas,
806 2563 853 2615 sed
874 2561 908 2616 nb
958 2560 1019 2616 dein
1036 2578 1050 2614 a
1066 2577 1130 2615 saue
1144 2563 1310 2630 sapientibus
1323 2561 1449 2616 erunibus
1462 2562 1547 2624 absit,
1566 2563 1657 2632 magis
1679 2576 1750 2617 sunta

123 2642 336 2697 recordationem
348 2637 407 2691 Filii
419 2636 476 2695 liei,
488 2644 518 2687 ιιι
529 2636 555 2688 iu
568 2633 626 2699 ejus
637 2646 728 2685 amore
743 2630 907 2695 recalescas,
960 2647 1068 2686 sensum
1093 2631 1230 2700 sequendo
1251 2633 1325 2685 illum
1338 2630 1452 2685 soluerit
1476 2633 1667 2687 condemnare
1678 2646 1751 2701 quan

122 2713 200 2779 euius
217 2721 244 2765 te
271 2710 415 2778 imaginem
433 2705 525 2758 ridere
549 2703 714 2757 consideras.
732 2700 764 2753 tti
777 2716 826 2754 nos
850 2701 909 2768 qui·
959 2717 989 2755 se
1003 2701 1149 2770 corrigere,
1164 2701 1228 2754 nulli
1242 2702 1363 2763 dubium,
1377 2701 1443 2754 iuin
1457 2702 1560 2756 merito
1571 2703 1606 2755 ali
1621 2704 1750 2763 universi,

123 2785 183 2836 deni
197 2798 250 2836 nou
261 2779 339 2849 quasi
350 2786 413 2832 aute
424 2775 592 2829 diriuitatcm
615 2781 677 2826 autc
692 2771 776 2841 ipsam
790 2782 910 2839 proster-
960 2772 1076 2824 niaiime
1088 2778 1204 2825 tanicua
1223 2783 1315 2826 sancta
1328 2772 1374 2825 Ilei
1413 2786 1512 2824 emuna
1529 2772 1655 2827 Ecclesia
1666 2773 1751 2826 delied

123 2852 223 2913 nimur,
248 2851 294 2904 scd
316 2849 342 2901 ill
365 2863 389 2900 m
408 2847 561 2907 adoramus,
588 2857 667 2910 quem
695 2855 743 2910 per
763 2841 909 2910 imaginem
959 2840 1145 2895 condemnari.
1160 2840 1333 2910 Nequaquam
1346 2841 1597 2909 euimtieripotest,
1610 2842 1751 2898 utbedne

123 2929 170 2975 aut
187 2931 288 2980 natum,
310 2864 484 2985 auipassum,
500 2913 540 2967 rel
557 2915 583 2966 iu
596 2913 694 2965 throno
710 2910 847 2964 sedentem
868 2924 910 2964 re·
960 2912 1100 2965 sententiae
1114 2910 1221 2965 sibimet
1238 2912 1380 2964 contrariae
1397 2926 1450 2964 uon
1465 2913 1614 2976 exsistant,
1631 2930 1684 2967 una
1704 2925 1749 2980 qui

122 2991 275 3044 cordamnr.
290 2989 398 3042 Etdum
411 3001 460 3038 nos
473 2986 529 3053 ipsa
545 2984 659 3053 pictura,
672 2981 748 3050 quasi
763 2980 907 3050 scriptura,
960 2981 1074 3050 populus
1099 2981 1133 3034 ab
1157 2982 1314 3036 adoratione
1339 2981 1497 3049 imaginum,
1526 2999 1561 3037 ue
1584 2983 1707 3037 criminis
1729 2980 1751 3035 it

124 3062 158 3113 ad
174 3060 331 3113 memoriam
343 3055 402 3109 Filii
417 3054 462 3108 liei
476 3053 629 3106 reducimus
643 3053 762 3105 animum
774 3060 907 3114 nostrum,
961 3051 1064 3121 agendo
1091 3065 1154 3104 reus
1173 3061 1319 3120 appareat,
1350 3050 1529 3120 prohibeatur
1542 3069 1550 3117 ;
1571 3053 1660 3107 altera
1677 3066 1749 3115 rere,

123 3137 169 3182 aut
180 3130 213 3182 de
225 3127 421 3183 resurrectione
431 3123 612 3185 laetificabant
625 3120 790 3190 depassione
800 3120 908 3174 mulcet.
922 3089 946 3152 c
961 3136 1021 3244 quae
1032 3120 1107 3174 illum
1116 3121 1243 3189 adipsum
1257 3123 1353 3191 egisse,
1365 3128 1573 3189 ceterosqueut
1589 3124 1642 3177 boe
1662 3121 1751 3176 iaciant

123 3197 239 3265 ideoque
262 3195 409 3249 direximus
425 3194 472 3245 tilii
494 3191 622 3262 systerias
634 3191 709 3252 duas,
722 3198 749 3242 ct
767 3190 911 3258 imaginem
979 3192 1085 3244 acuisse
1099 3191 1283 3258 perhibeatur.
1300 3190 1352 3245 Sed
1370 3189 1441 3243 absit
1458 3191 1510 3244 boc
1527 3207 1543 3244 a
1560 3200 1638 3247 tanto
1661 3193 1752 3259 talique

125 3265 271 3320 Salratoris
285 3269 423 3319 etsanetae
439 3262 528 3314 llariae
547 3261 594 3313 Ilei
608 3260 755 3329 genitricis,
768 3258 839 3312 beati
863 3258 913 3312 l‘e-
961 3260 1078 3328 generali
1090 3259 1230 3314 catliolicaa
1249 3261 1378 3316 Ecclesiae
1392 3260 1536 3328 magistro,
1553 3270 1582 3315 ut
1595 3264 1751 3330 quiuuirer·

125 3337 159 3389 tri
174 3342 201 3390 et
213 3335 287 3388 Pauli
303 3332 492 3403 apostolurum,
506 3346 554 3399 per
572 3328 755 3397 supradictum
767 3327 849 3381 lilium
864 3343 913 3384 no-
962 3345 1006 3384 sas
1016 3331 1156 3399 perplexas
1168 3331 1309 3400 scripturae
1321 3328 1495 3400 questiones,
1510 3346 1573 3398 qua·
1585 3333 1638 3387 sibi
1653 3341 1751 3387 contra·

124 3415 211 3459 strunt
224 3405 377 3468 diaconum,
392 3408 420 3456 et
438 3417 490 3454 una
504 3414 584 3454 emec
606 3399 708 3451 clarem
726 3412 776 3467 pro
799 3398 912 3453 benedi·
963 3401 1010 3454 riae
1036 3401 1215 3461 ridebantur,
1234 3401 1313 3468 eique
1336 3400 1370 3453 ad
1391 3398 1594 3468 explanandum
1618 3403 1662 3456 rel
1689 3410 1751 3457 ttae·

125 3476 224 3535 ctione,
238 3483 267 3527 nt
279 3476 312 3528 ab
325 3473 383 3542 ipso
402 3471 520 3540 maligno
536 3469 717 3532 defensasse,
731 3467 807 3537 eujus
818 3477 913 3523 saneto
963 3473 1073 3524 tandum
1092 3476 1286 3533 oecurrenmt,
1320 3484 1457 3537 nunquam
1487 3470 1656 3526 dissidentes
1674 3471 1749 3525 relin-

125 3546 197 3615 ligno
209 3552 234 3599 te
249 3559 308 3598 esse
321 3543 453 3596 munitum
469 3539 568 3594 credis.
582 3558 591 3589 i

305 3653 365 3708 line
381 3669 460 3723 iisque
484 3650 593 3722 epistolii
604 3649 733 3719 Gregorii.

161 3745 213 3800 Sed
227 3747 289 3812 quia
306 3745 350 3799 laic
361 3743 426 3798 ordo
440 3745 583 3795 uerborum
597 3742 633 3794 ita
644 3750 824 3810 praeposterus
834 3752 914 3813 atque

126 3832 140 3870 a
155 3831 208 3870 nori
223 3815 434 3883 intelligentibus
448 3811 577 3866 confusus
597 3811 681 3865 rideri
697 3821 794 3880 potest,
820 3824 848 3867 ut
862 3815 914 3870 nisi

126 3894 204 3940 caute
217 3885 412 3949 consideretur,
434 3885 470 3936 ita
484 3898 498 3935 a
517 3880 653 3936 nonnullis
666 3883 755 3936 miuus
770 3884 914 3952 capacibus

126 3955 238 4023 intelligi
252 3956 355 4022 possit,
385 3953 462 4022 quasi
489 3954 585 4006 beatus
608 3950 756 4020 Gregorius
780 3953 816 4016 id,
842 3954 915 4022 quod

126 4026 201 4093 prius
212 4027 336 4079 omnibus
349 4024 470 4076 illicitum
485 4036 545 4077 csse
555 4021 688 4090 praedixit,
704 4037 733 4076 se
748 4022 859 4087 iecisse,
876 4024 914 4078 si·

128 4095 208 4163 bique
222 4094 337 4149 faciendi
351 4094 452 4148 licitum
464 4107 524 4145 esse
538 4098 652 4146 testetur
666 4109 672 4143 :
690 4092 853 4161 quodquam
868 4095 916 4148 ab·

128 4164 249 4228 surdum,
264 4178 398 4234 quamque
410 4169 504 4216 eontra
518 4171 618 4216 sauctae
633 4161 679 4214 bct
704 4163 830 4217 Ecclesiae
853 4163 916 4217 reli-

962 3555 1045 3607 quere
1057 3539 1211 3603 consucvit,
1224 3554 1271 3593 sua
1283 3540 1391 3594 sibimet
1404 3538 1476 3592 dicta
1492 3540 1681 3596 discordantia
1696 3541 1750 3595 ieli-

983 3611 1073 3663 uisset.
1101 3613 1106 3623 '

963 3625 979 3679 q
999 3679 1046 3734 llis
1061 3680 1096 3732 ita
1111 3686 1223 3749 propter
1244 3679 1379 3733 uitandam
1396 3677 1554 3745 huiusmodi
1577 3680 1750 3735 temeritatem

964 3749 1117 3804 summatim
1130 3749 1292 3817 praemissis;
1304 3748 1539 3812 mmeridendum,
1553 3751 1677 3805 utrumci
1704 3750 1752 3803 uis·

984 3835 1044 3872 iiam
1067 3818 1261 3871 catliiilieorum
1282 3828 1399 3887 patrum,
1423 3822 1552 3887 quamvis
1567 3821 1591 3874 ei
1605 3767 1751 3889 speciiiiiter

964 3837 1079 3943 portasse
1087 3888 1288 3941 talisserilicndi
1298 3888 1444 3942 necessitas
1454 3889 1569 3943 minime
1581 3891 1750 3952 incumberet,

965 3970 991 4015 et
1004 3960 1031 4011 iu
1044 3957 1149 4011 eaetcris
1161 3957 1321 4011 tractatibus
1335 3959 1391 4011 suis
1403 3957 1456 4010 talc
1467 3958 1572 4029 aliquid
1586 3961 1698 4015 inditum
1710 3963 1750 4015 lia·

964 4031 1036 4088 licat,
1048 4028 1075 4080 iu
1089 4027 1267 4094 quoejusdem
1277 4028 1365 4082 Patris
1375 4027 1507 4083 sensuide
1518 4029 1684 4099 imaginibus
1695 4045 1750 4083 eim·

965 4114 1026 4153 eois
1037 4112 1096 4151 esse
1108 4095 1240 4150 rideatur.

1001 4169 1070 4222 Eece
1083 4165 1154 4219 euim
1181 4169 1275 4222 beatus
1290 4168 1448 4223 Ambrosius
1470 4168 1603 4238 antiquus
1632 4170 1749 4226 Ecclesia

127 4236 233 4303 gionem
245 4233 278 4289 de
292 4242 368 4288 tanto
381 4232 565 4287 ecclesiastico
579 4230 690 4308 doctore
716 4233 817 4286 sentire
846 4233 916 4288 indi·
966 4239 1013 4292 tte'i
1042 4236 1190 4306 probabilis
1221 4236 1334 4302 doctor,
1367 4238 1403 4290 ita
1431 4240 1458 4291 in
1489 4239 1607 4307 epistola
1633 4241 1705 4294 Pauli
1722 4237 1751 4294 al

128 4320 210 4374 guum
227 4304 280 4369 ³5²2
297 4305 402 4367 nullus,
428 4304 474 4371 qui
496 4302 567 4356 dicia
580 4314 638 4365 etus
657 4301 801 4355 scriitanilo
819 4302 859 4355 rel
876 4301 915 4358 le·
967 4309 1102 4361 ltniiiaiios
1121 4314 1240 4360 tractans
1256 4308 1312 4360 ait:
1331 4326 1340 4357 i
1355 4305 1411 4373 Qua
1426 4308 1549 4373 ratione,
1568 4326 1657 4378 qnare
1668 4318 1751 4364 aucte

128 4375 353 4456 gendoeognorit,
365 4374 488 4443 ignorare
495 4370 668 4449 permittitur.
679 4370 743 4423 Nam
755 4379 785 4423 ut
797 4373 916 4427 sibimet·
970 4379 1048 4430 ritate
1063 4376 1193 4444 imagines
1217 4377 1387 4447 augelorum,
1405 4377 1578 4433 relatorum
1604 4389 1750 4435 saiietorun

129 4445 180 4513 ipsi
209 4444 361 4500 contrarius
386 4457 445 4496 esse
467 4441 572 4504 debeat,
595 4441 699 4507 iustitia
723 4439 763 4493 rel
785 4442 917 4498 rectitudo
933 4442 954 4500 0
969 4445 1182 4508 adoraudaesint,
1193 4461 1253 4499 cum
1267 4447 1317 4515 ipsi
1330 4448 1414 4501 sancti
1424 4448 1563 4516 angelirel
1576 4451 1662 4505 saneti
1674 4448 1750 4505 bonil-

129 4522 229 4567 sanete
249 4514 296 4567 Ilei
309 4513 477 4580 maximeque
492 4511 619 4564 Romana,
637 4509 763 4564 Ecclesiae
781 4513 913 4567 sustinere

129 4598 183 4636 non
195 4582 274 4645 valet,
290 4582 361 4651 quud
372 4589 398 4633 et
412 4582 434 4634 si
449 4586 592 4648 paupertas
609 4579 768 4646 insipientiae
778 4588 877 4636 nostrae
888 4582 915 4636 id

130 4651 277 4720 intelligere
289 4666 342 4705 non
356 4651 441 4713 salet,
462 4647 558 4702 melius
573 4655 708 4702 utcontra
723 4650 913 4720 insipientiam,

63 4758 68 4768 .
131 4736 212 4790 quam
225 4729 318 4775 eontra
334 4727 436 4773 tantam
451 4734 465 4771 a
482 4718 535 4771 Deo
545 4718 633 4771 datam
648 4718 805 4787 sapientiam
825 4721 915 4775 insur-

131 4806 193 4862 gere
207 4797 361 4861 praesumat.
387 4788 480 4843 Sedet
496 4787 518 4840 si
544 4788 631 4855 ipsum
659 4789 793 4843 modicum
807 4805 915 4845 sensum

131 4871 253 4916 nostrum
273 4863 358 4915 virtus
378 4857 568 4914 misericordiae
583 4857 629 4911 [lei
649 4859 842 4927 aliquantulum
857 4860 916 4914 illu-

131 4932 235 4987 minare
249 4933 389 5002 dignatur,
409 4929 542 4999 quomodo
555 4927 670 4996 idipsum
685 4930 849 4983 contrarium
864 4931 915 4985 sibi

131 5017 184 5058 uon
198 5003 234 5056 sit
248 5002 374 5057 facillime
391 5000 559 5070 intelligitur.
572 4997 639 5053 Nam
651 4999 712 5068 quia
724 5001 758 5054 ali
770 4999 915 5069 imaginum

132 5072 288 5128 adoratione
310 5074 452 5126 adorantes
469 5071 680 5138 compescuerit,
698 5070 769 5124 nulla
785 5071 916 5126 dubitatio

131 5154 182 5198 est.
193 5143 222 5217 lp
237 5159 270 5197 eo
284 5158 356 5205 rero,
373 5142 444 5210 quod
458 5141 491 5194 ad
506 5140 687 5195 Seciiudinum
703 5141 820 5223 scripsit,
840 5159 849 5190 i
868 5156 919 5196 noa

133 5215 239 5280 quidem
252 5230 305 5267 nim
333 5213 409 5282 quasi
423 5219 485 5264 aute
501 5210 667 5264 divinitatem
682 5220 744 5264 ante
758 5226 840 5279 ipsam
855 5226 918 5281 pro·

132 5283 289 5346 sternimur,
304 5285 350 5336 sed
365 5281 438 5335 illum
450 5280 604 5341 adoramus,
620 5295 699 5348 quem
713 5297 761 5349 per
773 5281 917 5351 imaginem

134 5360 236 5415 uatum,
250 5359 296 5403 aut
315 5367 433 5419 passum,
448 5350 489 5402 rel
515 5352 541 5404 in
561 5352 658 5405 tlirouo
671 5351 809 5405 sedentem
825 5367 918 5406 reeor-

134 5419 240 5483 damur,
259 5439 268 5471 i
290 5422 335 5474 ulii
349 5430 378 5474 ut
390 5421 559 5489 premissum
573 5428 624 5483 est,
638 5436 669 5474 ae
688 5422 795 5475 sibimet
809 5430 918 5476 coutra-

135 5489 173 5542 ria
186 5490 294 5555 dixerit,
315 5490 498 5560 intelligentie
514 5498 612 5544 nostrae
625 5505 653 5544 sc
668 5490 754 5561 caligo
768 5492 916 5547 corilimdit.

134 5558 186 5613 Sed
203 5575 235 5612 ne
249 5575 298 5612 mis
309 5575 361 5614 uon
377 5561 529 5615 necessaria
545 5561 694 5630 ignorantia
711 5562 736 5615 iil
751 5578 803 5616 non
823 5563 919 5616 intelli·

135 5629 219 5698 gendo
233 5629 333 5684 diutius
360 5638 499 5698 torqueat,
524 5645 619 5685 sensus
638 5628 757 5697 ejusdem
778 5632 919 5687 sententiae

135 5698 194 5754 ralis
209 5705 270 5752 est:
286 5699 339 5755 Nos
352 5699 460 5769 quidem
474 5701 631 5776 anteipsam
647 5716 699 5756 uon
711 5703 916 5771 prosternimur,

965 4532 1013 4572 nes
1024 4518 1099 4570 rivos
1110 4530 1140 4569 se
1150 4517 1257 4570 adorari
1269 4516 1434 4571 noluerunt?
1447 4536 1456 4568 i

1260 4628 1453 4685 consitium

1004 4721 1168 4775 auctoritate
1179 4735 1252 4791 ergo,
1265 4728 1294 4775 ut
1308 4721 1497 4792 proposuimus
1510 4724 1633 4779 secundo
1647 4724 1705 4778 loeo
1718 4723 1751 4777 ia·

967 4799 1049 4855 serta,
1065 4808 1117 4844 nou
1142 4792 1249 4859 quidem
1265 4801 1393 4859 quantum
1421 4804 1453 4844 cri
1473 4794 1605 4848 tliesauro
1621 4794 1751 4849 uberrima

966 4860 1147 4915 ecclesiastico
1159 4862 1254 4930 potuit,
1272 4863 1318 4914 scil
1332 4871 1460 4932 quantum
1474 4862 1632 4930 epistolaris
1643 4864 1751 4917 brevitas

967 4934 1018 4985 rite
1031 4932 1161 4999 permisit,
1179 4946 1288 4984 inuuere
1304 4947 1351 4986 ros
1373 4943 1400 4986 et
1415 4932 1568 4996 exhortari,
1583 4949 1600 4987 o
1613 4930 1750 4987 uenerandi

968 5001 1059 5055 muudi
1077 5001 1226 5069 prineipes‚
1254 5016 1314 5054 enm
1332 5002 1457 5054 universa
1473 5009 1568 5055 sancta
1592 5003 1657 5065 Dei,
1678 5015 1751 5072 quam

968 5071 1082 5125 llouiiuo
1092 5070 1262 5138 dispensante
1273 5079 1300 5123 et
1309 5072 1495 5124 committente
1509 5073 1683 5141 gubernatis,
1709 5070 1752 5124 tn»

968 5141 1060 5203 clesia,
1074 5148 1104 5194 ut
1114 5156 1145 5194 ea
1157 5155 1216 5208 quaa
1229 5140 1306 5193 rubis
1321 5157 1373 5194 non
1389 5140 1516 5209 quaelibet
1534 5143 1692 5204 mmeritis,
1711 5138 1751 5193 sed

967 5225 1030 5263 rcra
1045 5210 1183 5264 liumilitas
1209 5217 1301 5263 nostra
1317 5211 1441 5265 intimare
1464 5211 1616 5274 studuerit,
1631 5211 1751 5265 attentius

968 5281 1094 5343 audiatis,
1108 5287 1136 5332 et
1148 5280 1182 5333 oli
1193 5279 1298 5333 illorum
1313 5281 1503 5344 reuerentiam,
1517 5281 1565 5349 qui
1576 5298 1637 5336 cum
1647 5280 1751 5335 bonnm

969 5351 1027 5419 ipso
1039 5351 1211 5420 promittente
1230 5351 1257 5403 iu
1269 5350 1311 5404 dic
1324 5351 1471 5403 noi-issima
1486 5352 1569 5405 totius
1583 5351 1675 5406 muudi
1691 5363 1749 5402 rea·

969 5421 1022 5474 turi
1039 5430 1101 5474 sunt
1118 5419 1221 5487 judiees
1246 5427 1400 5473 reverenter
1417 5421 1589 5487 suscipiatis,
1615 5428 1642 5476 et
1666 5421 1698 5474 ad
1713 5431 1750 5472 sa·

969 5491 1052 5615 ιὲιιιιιιι
1078 5490 1197 5544 oninium
1224 5499 1344 5544 restrum
1376 5498 1486 5544 strenue
1518 5503 1683 5546 conseruare
1699 5495 1751 5543 stu·

988 5573 1065 5615 eatis.

1005 5631 1188 5685 Premisimus
1202 5631 1273 5684 enim
1284 5629 1364 5712 paulo
1377 5629 1517 5699 superius,
1536 5639 1568 5684 ut
1589 5638 1649 5702 post
1671 5626 1749 5684 reddi·

971 5710 1023 5754 tani
1038 5702 1178 5770 rationem,
1204 5708 1265 5774 post
1287 5708 1415 5759 insertam
1444 5700 1635 5759 auctoritatem
1648 5706 1751 5771 propte!
