3780 6120
166 304 218 365 137
599 304 628 359 Β.
648 301 774 358 cenom
792 301 899 358 ttserd
916 301 992 357 dee.
1013 302 1102 360 PARS
1120 304 1140 359 i.
1161 302 1281 360 secato
1299 303 1342 359 111.
1742 310 1792 367 188

163 433 253 478 restra
279 428 370 477 nostra
398 419 491 475 existit
525 418 666 474 securitas.
700 417 804 472 Interea
838 416 952 472 duarum
968 420 990 474 A
1004 417 1055 471 bus
1072 419 1239 485 assistentes,
1259 422 1548 491 comprobatioeoram
1568 425 1609 482 eis
1623 424 1694 482 laeta
1706 432 1794 487 estde

162 518 338 589 epistolarum
353 516 447 580 series,
471 530 540 586 quas
553 522 643 569 restra
666 513 765 569 direxit
783 511 953 577 excellentia,
1003 510 1103 568 habitis
1119 513 1330 584 interutrasque
1347 522 1438 584 partes
1454 516 1589 586 aliquibus
1608 518 1731 587 justitiis,
1754 523 1787 579 ri

161 623 334 680 cummagno
349 607 515 676 suscepimus
527 620 635 670 anrore;
649 603 848 674 unumquidem
860 603 954 672 primi·
1003 603 1146 659 delicetde
1167 604 1281 675 peculiis
1299 615 1310 644 ι
1325 606 1395 660 inter
1413 614 1504 676 partes
1517 610 1660 665 restitutis.
1676 610 1744 667 Nam
1760 614 1795 668 de

162 712 206 757 tus
227 715 275 770 per
294 700 403 754 Petnrm
422 699 539 768 primum
568 695 740 751 defensorem
767 693 878 748 intissam
904 707 953 748 no·
1003 696 1102 753 linibus
1128 697 1268 752 civitatum
1298 704 1451 753 nostrarum
1474 706 1503 754 et
1527 701 1698 770 patrimoniis
1720 705 1794 760 beati

160 799 256 854 strum,
272 798 300 844 et
323 789 402 842 aliam
417 804 465 857 per
485 795 633 856 praesentes
657 784 827 841 lldelissimos
847 792 953 841 nestros
1003 785 1084 854 Petri,
1099 787 1132 841 ab
1142 786 1243 842 eisdem
1263 786 1446 859 langobardis
1460 791 1573 846 retentis
1586 799 1668 862 alque
1680 795 1793 861 invasis,

159 882 258 937 missos
288 880 455 937 widmarum
479 878 553 951 [t.‚
578 876 762 950 Witmanrm]
791 877 896 932 seilicet
925 886 953 933 et
1003 875 1070 930 nibil
1094 891 1180 944 usqne
1204 877 1334 933 baetenus
1357 877 1421 950 [t.,
1442 879 1488 945 G,
1515 880 1578 934 edd.
1606 884 1794 957 recepimus];

158 969 320 1025 Gerbertnm
341 971 461 1032 abbates,
486 975 567 1036 at(lue
586 965 756 1035 llugbatdum
776 965 864 1019 lirum
893 964 953 1018 illu·
1002 968 1084 1023 etiam
1108 984 1140 1023 ea
1163 970 1361 1039 qneeprimitns
1381 972 1560 1037 reddiderant,
1582 976 1670 1032 denno
1689 978 1796 1035 invase·

158 1070 242 1115 strem
257 1071 281 1124 ¹,
305 1075 419 1129 quarum
439 1057 564 1128 paginam
585 1057 754 1126 indagantes,
770 1071 831 1110 moa
851 1055 953 1124 liquido
1003 1067 1076 1113 runt.
1093 1059 1169 1115 Unde
1181 1061 1302 1115 constitit
1314 1062 1439 1117 utnostri
1453 1077 1486 1117 ae
1502 1063 1669 1132 singularum
1685 1077 1793 1122 nostra-

63 1134 68 1142 ·
156 1161 254 1207 rurreta
270 1151 298 1205 in
318 1152 358 1206 eis
379 1145 952 1217 exaratadidieimns;immensasprotinns
1003 1164 1063 1204 rum
1081 1150 1221 1205 civitatum
1233 1151 1307 1205 missi
1319 1152 1352 1206 ad
1366 1150 1534 1211 Desiderium
1556 1152 1796 1225 Langobardorum

158 1243 192 1298 de
205 1250 299 1297 nostro
313 1243 463 1297 relerentes
478 1240 580 1305 landes,
594 1239 640 1309 qui
654 1254 704 1293 rans
714 1238 747 1294 de
759 1244 848 1292 nestra
857 1237 953 1291 annuit
1003 1254 1092 1310 regent
1106 1257 1168 1295 eum
1182 1243 1282 1297 vestris
1306 1243 1433 1313 progredi
1451 1244 1565 1299 debeant
1593 1247 1703 1313 missis,
1720 1257 1750 1303 ιιι
1767 1250 1796 1303 111

158 1333 292 1402 sospitato
311 1332 452 1401 aemulari.
1002 1348 1095 1386 eornm
1114 1343 1196 1402 atque
1216 1335 1340 1405 prandisti
1361 1337 1433 1406 regis
1457 1340 1602 1406 prasentia
1620 1357 1670 1412 pro
1691 1344 1796 1401 eisdem

193 1424 220 1477 ln
236 1424 302 1492 ipsis
315 1423 431 1491 deniqne
449 1420 548 1475 restris
570 1419 747 1477 relationibus
771 1418 879 1472 solitam
895 1417 950 1488 ll...
1003 1424 1102 1479 linibus
1115 1440 1147 1480 ae
1171 1425 1351 1494 patrimoniis,
1380 1431 1565 1499 eonrprobatio
1578 1431 1640 1495 liat,
1661 1434 1798 1504 nobisque

155 1516 252 1587 solita]
274 1514 352 1569 nobis
373 1530 388 1567 a
412 1513 467 1568 Deo
489 1512 631 1567 illustratae
657 1511 755 1565 mentis
775 1526 872 1565 vestrae
887 1527 952 1566 eou-
1002 1511 1093 1567 onrnia
1112 1510 1189 1579 juxta
1207 1512 1359 1580 pactionem
1385 1515 1579 1582 restituantur;
1605 1524 1632 1572 et
1658 1519 1797 1576 nescimus

155 1606 254 1660 stantia
281 1604 394 1675 protulit
417 1605 474 1674 spei
507 1604 651 1667 lidorum,
682 1602 709 1657 in
739 1602 766 1656 id
799 1603 871 1672 quod
902 1602 952 1656 irn-
1002 1601 1113 1670 quiden
1128 1603 1180 1656 lroe
1203 1603 1416 1672 proveniendum
1440 1606 1495 1670 sit;
1515 1613 1638 1662 attamen
1655 1622 1706 1678 per
1726 1624 1799 1678 prae-

156 1697 266 1766 pensius
293 1695 448 1749 innotuistis
479 1701 560 1762 atque
585 1694 677 1749 sedulo
699 1708 731 1747 es
752 1693 881 1761 operibus
904 1690 952 1745 de·
1002 1690 1073 1747 latos
1091 1701 1196 1749 vestros
1219 1693 1336 1758 missos,
1364 1696 1402 1749 rei
1429 1711 1577 1767 apponere
1595 1699 1710 1768 potestis
1738 1716 1798 1757 me·

155 1786 327 1849 nrmrstratis,
347 1801 395 1842 ros
414 1786 479 1840 totis
491 1786 595 1839 ririlrns
606 1784 660 1855 lla,
678 1783 795 1856 nisibus]
806 1798 856 1853 pro
875 1782 951 1837 exrd-
968 1774 990 1832 B
1004 1787 1096 1840 ritum.

154 1882 256 1937 tatione
278 1890 378 1937 saneta
394 1880 440 1935 bei
458 1879 586 1935 Ecclesiae
604 1889 632 1934 et
651 1878 712 1931 lintei
734 1877 892 1931 orthodoxe
906 1875 953 1930 de-
1039 1876 1207 1947 Qnapropter
1226 1893 1380 1947 quaesumus
1395 1895 1410 1932 a
1431 1879 1488 1935 lieo
1499 1890 1649 1949 protectam
1662 1882 1797 1937 excellen-

154 1973 276 2029 lensione
297 1988 356 2026 esse
382 1972 579 2034 decertaturos,
591 1977 619 2025 et
633 1971 660 2024 in
684 1983 716 2023 ea
730 1984 778 2023 vos
799 1968 859 2023 lldei
874 1967 952 2037 polli-
1003 1967 1067 2021 tiam
1081 1977 1241 2022 vestramne
1264 1970 1301 2023 ita
1319 1970 1463 2039 disponere
1483 1969 1587 2038 jubeat,
1608 1978 1638 2025 nt
1658 1970 1797 2042 plenarias

153 2064 281 2119 citatione
296 2079 488 2133 pennansnros
509 2078 592 2133 qnam
615 2063 695 2117 beato
713 2060 810 2121 Petro.
834 2060 951 2131 principi
1002 2058 1035 2112 de
1060 2059 1186 2113 omnibus
1212 2059 1332 2128 recipere
1355 2059 1635 2130 valeamusjustitias,
1660 2072 1797 2131 quatenns

154 2155 348 2225 apostolorum,
363 2161 512 2224 nostroque
525 2153 717 2222 predecessori
731 2153 840 2207 donnino
853 2160 881 2207 et
890 2167 952 2223 ger·
1002 2149 1073 2205 idern
1085 2152 1181 2206 beatus
1197 2151 1303 2217 Petrus,
1315 2153 1442 2223 princeps
1456 2152 1655 2224 apostolorum,
1679 2169 1729 2224 pro
1746 2171 1795 2210 en·

154 2263 236 2303 mano
273 2246 431 2302 beatissimo
464 2246 604 2316 Stephano
640 2260 716 2317 papae
756 2244 949 2316 spopondistis.
997 2240 1044 2311 jus
1066 2242 1412 2299 restituendisluminariis
1438 2245 1597 2312 decertatis,
1623 2245 1796 2300 firmissimus

155 2337 232 2393 Unde
250 2346 278 2392 et
303 2337 330 2390 in
358 2346 450 2393 nostra
472 2338 518 2391 lixi
536 2337 678 2392 eharitatis
698 2336 876 2400 connexione,
890 2335 951 2390 ideo
1001 2334 1078 2389 rolris
1090 2334 1127 2388 sit
1141 2334 1287 2388 auxiliator
1306 2349 1339 2389 ae
1364 2336 1483 2404 optimus
1504 2347 1701 2394 remunerator.
1726 2337 1795 2394 Nam

151 2429 227 2500 juxta
242 2430 268 2486 id
281 2432 353 2501 qnod
376 2430 493 2502 petendo
520 2429 688 2495 direximus,
709 2426 836 2500 praeitttos
856 2428 891 2483 ad
901 2443 950 2482 nos
1000 2434 1149 2496 procerte
1179 2433 1308 2494 agrioseat
1335 2427 1562 2483 excellentissima
1602 2426 1796 2486 christianitas

152 2523 394 2578 vestrosvidemini
412 2523 543 2577 direxisse
562 2522 675 2587 missos;
699 2523 745 2593 qni
761 2521 832 2592 apud
844 2522 952 2592 Lango-
1000 2527 1102 2585 nestra,
1120 2519 1184 2588 quia
1195 2519 1218 2573 si
1230 2519 1308 2574 nobis
1319 2518 1424 2588 praelati
1439 2519 1581 2574 civitatum
1592 2530 1746 2577 nostrarum
1761 2522 1796 2576 ab

152 2615 297 2671 bardorum
313 2616 486 2671 imminerent
508 2631 619 2687 regem,
643 2632 694 2686 pro
717 2616 832 2670 diversis
848 2624 951 2671 sancrae
999 2607 1102 2663 eisdem
1130 2607 1315 2679 langobardis
1336 2607 1425 2663 inrasi
1445 2606 1513 2663 lines
1528 2617 1610 2679 atque
1629 2611 1795 2680 patrimonia

154 2706 201 2761 bei
214 2707 341 2762 Ecclesiae
360 2708 492 2762 eausisae
507 2706 632 2776 justitiis,
646 2716 675 2761 et
686 2706 713 2760 in
728 2714 821 2761 nostro
840 2707 950 2761 assiste·
1001 2699 1105 2754 reddita
1120 2714 1173 2754 ⁰⁰¹¹
1188 2697 1298 2763 sutrini,
1315 2699 1398 2754 eliam
1419 2712 1450 2753 ⁰³
1476 2714 1536 2769 11¹1ae
1560 2700 1686 2769 primitus
1706 2701 1796 2756 ttddi·

153 2808 215 2853 rent
229 2798 366 2866 solatiob;
389 2815 438 2870 pro
462 2814 516 2869 qno
536 2798 747 2853 innumerabiles
767 2798 843 2855 robis
856 2797 950 2853 releri-
1000 2790 1098 2845 derunt
1119 2790 1245 2845 illiadem
1267 2789 1466 2845 insidiabimini
1480 2787 1505 2855 ἆ»
1527 2790 1608 2860 188
1629 2799 1796 2862 ‘luil'ffll’ffl

153 2888 377 2958 musgratiarum
397 2889 607 2957 actionesque
630 2903 703 2952 nore,
727 2888 797 2943 sient
816 2889 950 2957 benignus
999 2883 1099 2938 obttixe
1124 2883 1241 2953 petimus
1266 2882 1500 2939 christianitatem
1528 2891 1665 2946 testeam,
1696 2890 1727 2939 ut
1749 2899 1796 2939 te·

153 2996 212 3046 rex,
228 2990 334 3035 amator
344 2981 472 3051 spiritalis
488 2982 583 3036 matris
598 2989 706 3046 restrae,
722 2990 824 3036 sanetae
839 2982 886 3036 [tei
898 2982 948 3037 Ee·
1000 2983 1056 3030 stra
1071 2986 1083 3013 ⁰
1097 2974 1175 3031 solita
1187 2974 1364 3043 dispositione
1384 2973 1512 3031 exaltatio
1525 2983 1626 3031 sanetae
1641 2975 1686 3030 bet
1703 2976 1796 3032 Eccle-

153 3071 243 3126 elesiee
263 3085 352 3140 agere,
367 3070 599 3126 christianissime
612 3070 648 3124 lili
673 3078 702 3124 et
720 3070 850 3141 spiritalis
873 3086 946 3126 eom·
1000 3067 1058 3131 sire,
1072 3075 1099 3122 et
1121 3067 1200 3122 istius
1221 3082 1237 3121 a
1260 3066 1338 3122 rolris
1357 3067 1513 3136 redemptae,
1531 3083 1592 3122 eum
1616 3066 1666 3122 Dei
1685 3068 1796 3133 virtute,

153 3170 249 3233 pater,
280 3177 386 3231 semper
410 3162 489 3232 107
506 3161 608 3227 stndes,
631 3171 659 3217 et
679 3162 801 3232 prolecto
819 3163 872 3217 erit
898 3162 947 3218 tibi
999 3160 1146 3231 provincie
1166 3159 1239 3215 salus
1262 3159 1402 3229 prolleiat,
1428 3167 1456 3213 et
1480 3174 1512 3214 ea
1533 3160 1624 3214 orrrnia
1637 3173 1698 3227 qum
1711 3157 1795 3214 nestri

153 3256 321 3311 Dominuset
334 3256 498 3326 inpraesenti
519 3263 546 3310 et
558 3256 585 3310 in
611 3254 701 3311 lutura
719 3254 836 3328 lbani„
848 3255 950 3328 lutere]
1001 3252 1076 3307 missi
1091 3251 1201 3306 sibimet
1217 3266 1233 3304 a
1249 3256 1338 3305 restra
1358 3248 1542 3320 praecellentia
1556 3248 1677 3317 injuncta
1693 3248 1796 3305 habue-

153 3345 250 3415 diqnus
266 3346 423 3401 retributor.
1000 3352 1074 3410 nnn,
1090 3343 1169 3398 nobis
1192 3341 1323 3413 liquidius
1334 3339 1499 3406 relerentes,
1520 3341 1553 3396 ad
1570 3340 1676 3410 singula
1689 3339 1730 3394 eis
1753 3355 1796 3394 re·

189 3435 245 3491 Nos
256 3437 364 3506 itaque,
382 3437 610 3493 exoellentissime
625 3449 654 3494 et
667 3453 683 3492 a
706 3439 761 3493 lieo
776 3446 898 3508 protecte
912 3437 950 3493 leli
1000 3452 1130 3507 sponsum
1149 3434 1325 3500 reddidimus,
1336 3442 1364 3488 et
1382 3433 1415 3489 de
1428 3433 1554 3489 omnibns
1571 3448 1619 3489 eos
1637 3432 1797 3488 inlormari-

154 3534 183 3580 et
194 3526 324 3596 spiritalis
338 3536 487 3598 compater,
510 3528 581 3583 lirmi
600 3530 628 3584 in
641 3537 738 3585 nestra
757 3529 899 3585 eharitatis
910 3530 952 3585 di·
1001 3542 1136 3597 musque
1154 3532 1252 3582 restrae
1275 3524 1442 3581 excellentia·
1460 3522 1563 3580 reterre
1592 3525 1717 3590 debeant,
1747 3539 1798 3581 no-

152 3618 268 3674 leetione
282 3635 482 3689 permanemus.
498 3620 553 3676 Nee
574 3630 617 3676 est
634 3620 687 3676 nlla
702 3637 793 3677 rernm
813 3628 860 3675 ant
883 3630 951 3676 ιειιι-
1001 3625 1126 3686 strasqne
1143 3617 1288 3687 petitiones
1314 3616 1413 3672 restris
1435 3616 1563 3671 studeant
1591 3616 1718 3671 intimare
1743 3632 1796 3671 au·

152 3722 249 3779 parurn
264 3709 389 3778 qualitas,
413 3726 474 3780 qnae
495 3725 545 3766 nos
564 3726 580 3765 a
602 3718 693 3765 restra
711 3710 843 3767 ebaritate
866 3711 952 3780 possit
1003 3710 1087 3765 ribus.

153 3815 293 3871 separare,
312 3801 375 3869 quia
396 3809 425 3856 tu
438 3799 620 3866 rere'noster,
640 3808 703 3872 post
728 3800 822 3863 benur,
840 3808 950 3857 constas
1035 3801 1185 3870 llisitaque
1199 3801 1361 3872 premissis,
1377 3801 1424 3855 Dei
1446 3803 1531 3857 nostri
1542 3801 1737 3872 omnipotentis
1749 3815 1798 3859 ex·

150 3905 212 3945 esse
225 3890 350 3947 defensor
369 3901 397 3946 et
415 3893 569 3946 auxiliator.
1000 3907 1110 3949 uramus
1120 3893 1303 3958 elementiam,
1317 3901 1346 3947 ut
1360 3909 1408 3946 sna
1419 3908 1467 3948 vos
1480 3893 1571 3949 lorere
1581 3902 1682 3949 annuat
1692 3893 1795 3964 gratia,

191 3981 298 4038 l’rarlati
313 3984 430 4052 denique
454 3985 528 4039 missi
547 3985 638 4048 nestri,
656 3984 683 4038 in
697 3983 782 4038 nostri
796 3982 948 4053 praesentia,
999 3985 1159 4054 etpnesenti
1172 3983 1314 4053 temporali
1325 3999 1407 4054 regno
1420 3984 1448 4039 in
1462 3985 1541 4056 longo
1552 3986 1627 4042 senio
1636 3984 1645 4023 f
1654 4002 1715 4041 eum
1729 4000 1797 4056 pro-

153 4093 214 4131 rum
227 4077 465 4148 Langobardorum
480 4077 579 4143 missis,
594 4091 644 4130 nee
657 4092 709 4129 non
726 4081 754 4126 et
772 4073 950 4143 Pentapolen-
1000 4074 1129 4143 speritate
1142 4075 1265 4143 eorporis
1288 4081 1316 4128 et
1341 4074 1429 4129 salute
1456 4074 1553 4128 animae
1573 4073 1675 4144 pertrui
1696 4089 1796 4130 conee-

153 4167 223 4223 sium
241 4183 273 4222 ae
298 4167 465 4237 singularum
487 4176 640 4222 nostrarum
666 4166 805 4221 civitatum
833 4163 950 4219 bomini·
999 4165 1063 4229 dat;
1083 4181 1137 4220 nna
1159 4180 1221 4219 eum
1236 4163 1394 4220 dulcissima
1410 4163 1526 4237 conjuge
1552 4172 1642 4220 restra
1659 4164 1798 4221 exoetten-

152 4321 223 4377 eiam
239 4319 348 4381 tulerat,
373 4319 487 4374 llonram
513 4333 637 4373 resersus
652 4326 711 4372 erat
724 4333 785 4373 eum
800 4316 883 4398 regiis
905 4316 949 4371 lit·
999 4335 1059 4374 rum
1077 4328 1105 4375 et
1123 4320 1189 4402 legis
1213 4319 1423 4391 langobardicae
1441 4321 1554 4389 prolatis
1577 4320 1709 4392 exemplis
1721 4336 1729 4374 τ
1743 4322 1798 4381 bas

152 4391 219 4450 teris
245 4397 306 4458 post
331 4388 439 4459 Pippini
459 4389 576 4445 reditum
595 4405 628 4443 es
649 4387 812 4457 Aquitanico
839 4387 946 4441 ttinere.
999 4390 1091 4460 itaque
1107 4391 1225 4446 invicem
1249 4392 1390 4447 restitutas
1409 4399 1490 4461 pnta;
1512 4390 1580 4447 lines
1593 4400 1684 4447 antem
1698 4392 1800 4448 cirita-

152 4461 245 4529 Neque
260 4460 337 4514 tideo
352 4461 385 4514 de
404 4460 465 4515 aliis
488 4458 655 4528 profertibus
678 4458 751 4527 loqui
775 4474 853 4543 posse
878 4474 945 4528 pon·
1000 4470 1055 4516 turn
1071 4468 1099 4516 et
1115 4462 1290 4531 patrimonia,
1307 4462 1451 4532 dequibus
1470 4468 1576 4518 eorrstat
1591 4478 1624 4518 ex
1647 4463 1800 4531 superiori-

153 4530 264 4588 tilloenr.
285 4529 432 4585 lluratorio
448 4530 549 4599 scripta
565 4529 672 4584 ridetur
694 4545 738 4583 an.
756 4528 825 4593 ia‘ll;
847 4536 875 4584 at
889 4528 946 4583 bel·
998 4532 1059 4596 bus,
1072 4533 1187 4587 detineri
1207 4532 1325 4589 adlruea
1346 4532 1531 4601 Larrgobardis
1562 4531 1665 4589 ontilex
1690 4540 1797 4587 monet.

154 4602 208 4663 iuer
229 4599 422 4669 Aquitanicam
446 4616 500 4655 non
516 4599 599 4680 eoepit
620 4606 682 4654 ante
708 4615 753 4653 an.
780 4598 945 4654 16110111.
998 4601 1068 4668 Quin
1092 4603 1175 4656 etiarn
1190 4611 1252 4658 ante
1265 4603 1404 4658 biennium
1420 4603 1524 4659 reddita
1544 4548 1604 4673 ἴῳ.
1630 4603 1674 4664 20,
1691 4602 1727 4658 al.
1746 4602 1798 4673 st)

160 4704 162 4709 «
189 4671 310 4793 ’11111111
330 4671 372 4726 leis
384 4687 417 4726 ex
441 4670 533 4725 uriesis
554 4670 720 4734 witmarus,
748 4684 828 4737 quern
853 4668 947 4723 11111ιί1-
999 4688 1046 4729 eos
1063 4672 1162 4727 itonnn
1175 4673 1306 4728 invasisse
1322 4681 1446 4728 testatur.
1465 4673 1533 4728 ltine
1544 4673 1604 4728 ride
1617 4688 1698 4742 qnam
1720 4683 1800 4731 reete

154 4742 209 4797 lrnn
236 4741 245 4810 l
271 4740 345 4795 nnat.
366 4740 465 4795 Benrd.
496 4740 544 4796 lib.
564 4757 639 4801 xxiii,
667 4757 694 4794 n.
720 4736 748 4810 5)
774 4738 946 4794 Gnitrnamm
1000 4742 1147 4799 blneatorio
1166 4744 1223 4800 irase
1242 4743 1355 4814 epistola
1369 4743 1494 4799 rideatur
1513 4745 1573 4799 data
1586 4760 1630 4797 an.
1646 4742 1709 4808 159,
1730 4757 1797 4799 enm

154 4813 281 4869 ulrbatent
295 4810 485 4867 Centulensenr
505 4812 595 4867 tueari
610 4810 811 4873 animadvertit,
827 4808 947 4865 subseri·
999 4814 1030 4868 tt
1045 4815 1172 4882 praedicta
1187 4815 1221 4870 ad
1234 4830 1336 4869 aritium
1355 4813 1406 4868 teo
1426 4815 1512 4870 relata
1526 4815 1559 4868 ab
1581 4814 1678 4869 eodem
1700 4812 1797 4868 luerit.

155 4883 194 4937 bit
213 4881 392 4937 Attiniaeensi
418 4882 562 4938 eonrentni
591 4899 635 4936 an.
671 4880 740 4944 tes&
772 4881 841 4934 alter
863 4878 948 4935 abbas
999 4884 1084 4940 cern.

153 4953 272 5024 ignottm.
293 4952 455 5021 lingitettrts,
474 4953 501 5007 tti
522 4951 722 5018 telloneariis
743 4950 895 5005 ildebertus
913 4950 948 5004 ati
1035 4954 1047 4993 d
1067 4954 1132 5021 Qum
1147 4954 1252 5009 seilicet
1266 4955 1359 5009 invasa
1375 4953 1474 5009 iterum
1498 4970 1552 5008 non
1578 4951 1686 5008 fuerant
1707 4968 1798 5009 :nam

154 5023 321 5094 Stephanum
342 5023 374 5078 111
395 5024 495 5078 missus
514 5041 529 5078 a
553 5023 651 5078 Carolo
669 5031 730 5092 post
751 5021 858 5105 Pippini
889 5020 948 5076 obi-
999 5024 1132 5085 irrrasisse
1145 5035 1172 5080 et
1185 5024 1326 5079 invasuros
1340 5040 1400 5079 esse
1419 5023 1499 5079 sirnnt
1511 5031 1642 5094 pugnant.
1663 5022 1759 5085 Serus,
1774 5024 1799 5080 si

155 5103 228 5157 tum:
243 5094 275 5149 de
290 5109 343 5162 qno
355 5093 491 5149 Adrianus
503 5092 583 5158 inlra,
598 5109 641 5163 ep.
656 5093 706 5157 95,
726 5092 760 5146 al.
781 5092 820 5146 tl.
836 5093 874 5147 ln.
999 5113 1094 5153 eorum
1105 5105 1210 5167 partem
1223 5094 1311 5150 derrrro
1330 5095 1462 5160 invasam,
1477 5102 1583 5165 partem
1592 5093 1651 5150 lore
1664 5102 1695 5150 ut
1706 5093 1798 5151 denuo

191 5166 204 5206 ¹³
219 5164 379 5220 Primieerio
389 5163 577 5227 defensorum,
591 5171 688 5235 praeter
699 5163 863 5246 apostoliens
877 5163 950 5219 tirre-
1001 5168 1138 5228 invadant,
1151 5173 1317 5239 reputemus.
1327 5165 1365 5218 ln.

154 5252 208 5298 ras,
224 5236 302 5306 queis
316 5239 428 5290 missum
441 5236 538 5290 iternru
549 5235 724 5304 petebatque
739 5234 950 5289 llemanissola-
1040 5251 1052 5276 ι
1071 5237 1177 5298 lamb,
1192 5245 1219 5291 ut
1230 5233 1306 5288 solite
1317 5234 1413 5289 nostris
1430 5234 1598 5305 petitionibus
1612 5251 1643 5288 en
1665 5233 1723 5304 ipre
1746 5250 1799 5288 no·

154 5308 194 5362 tio
213 5315 287 5363 esset
317 5307 448 5361 adversus
480 5305 608 5368 Grecos,
641 5314 747 5360 secreto
775 5304 950 5360 rorrrmiserat
1001 5308 1041 5362 lia
1060 5306 1162 5361 restitui
1189 5304 1379 5374 dia-ronrndum
1405 5304 1604 5359 accommodare
1617 5302 1751 5373 jubentis,
1769 5314 1800 5358 ut

154 5391 250 5432 riennes
276 5378 441 5449 apostolieae
460 5390 567 5432 causas.
589 5375 735 5444 Utramque
753 5391 812 5430 rem
837 5389 948 5429 exsecu-
999 5375 1142 5433 rostralis
1155 5377 1192 5430 ito
1205 5375 1279 5429 solite
1292 5376 1397 5440 nostris,
1410 5382 1476 5439 ete.;
1491 5377 1539 5429 sed
1554 5373 1714 5429 baeeomnla
1732 5373 1800 5429 sub·

155 5444 222 5499 tioni
249 5448 404 5503 rrrarrdotam
420 5464 435 5501 a
459 5447 572 5517 Pippino
595 5447 658 5501 bine
672 5446 735 5501 lieet
758 5461 883 5517 arguere.
906 5445 947 5500 Es
999 5448 1080 5503 dueta
1094 5447 1163 5500 linea
1176 5446 1252 5515 quasi
1268 5445 1357 5500 deleta
1370 5454 1442 5500 mint.
1457 5443 1545 5499 Gerr.

154 5513 216 5572 aliis
235 5517 357 5596 prolecto
381 5519 504 5590 epistolis
533 5516 613 5586 buius
637 5517 773 5586 pontilicis
799 5516 946 5588 quidquam
1039 5516 1048 5556 f
1069 5515 1175 5577 bamb..
1195 5525 1220 5569 et
1240 5531 1355 5586 presens
1374 5514 1515 5586 ternporule
1536 5529 1643 5583 reponat
1667 5513 1696 5565 in
1717 5509 1800 5593 torrpo

155 5587 335 5641 verosimilius
347 5605 403 5644 non
416 5589 478 5645 meti
498 5589 562 5645 itur.
575 5589 614 5643 ln.
999 5588 1130 5643 1111111.-
1142 5585 1301 5640 l’rrrrerrtenr
1324 5583 1467 5655 temporale
1489 5599 1597 5655 erenum
1614 5581 1692 5653 tonqo
1709 5596 1798 5637 unte.

192 5665 203 5693 ι
226 5654 333 5710 l'ernlin
345 5674 399 5713 non
414 5607 496 5715 alieni
511 5675 572 5714 esso
592 5668 648 5714 tum
663 5657 795 5738 temporis
808 5671 889 5726 quam
903 5672 948 5725 pe·
1000 5656 1163 5727 Tenqoagel.
1180 5656 1300 5711 correxit
1314 5662 1343 5711 ut
1356 5663 1397 5710 est
1410 5655 1437 5709 in
1451 5653 1581 5711 editione.
1596 5653 1635 5708 ln.

155 5724 235 5786 tuder
254 5735 387 5784 monstrat
401 5728 520 5800 Calenius
530 5729 557 5784 in
572 5730 720 5796 Glaesaria,
736 5727 828 5785 inultis
842 5726 938 5784 ebarta
