3780 6120
162 324 198 381 23
600 337 630 393 b.
649 338 775 398 sabota
794 341 902 400 ttsettt
919 341 994 401 oet.
1014 343 1106 401 etas
1122 344 1143 400 i.
1164 344 1286 404 sectio
1303 347 1347 405 ltt
1754 358 1790 413 it

160 440 311 507 strandum,
339 457 396 498 rem
417 459 477 499 esse
501 446 588 502 aditae
616 448 746 520 integram
768 454 802 508 de
825 453 951 510 Catollno
963 460 989 518 Α
1001 455 1101 522 ε111ιιιιι,
1113 472 1176 513 cnm
1190 473 1236 515 ars
1252 459 1424 529 diplomatica
1437 465 1554 521 nondum
1566 465 1594 521 in
1607 468 1709 525 delictis
1720 480 1788 528 erat.

160 530 268 596 Getice,
279 531 356 601 cujus
372 533 445 589 nnlla
459 536 541 592 editio
553 537 660 594 sincera
672 548 723 596 est.
1001 546 1087 603 bleam
1101 547 1171 605 hanc
1186 549 1406 607 deliberationem
1423 557 1548 622 probavit
1561 559 1789 619 eminentissimus

196 621 275 679 xvii.
295 621 426 693 Equidem
444 625 609 696 diligentiam
622 627 758 687 Lambeeii
774 633 837 688 dnm
850 635 950 705 impro
999 634 1170 702 Passioneus,
1186 639 1232 708 qui
1244 640 1336 696 multis
1351 643 1449 698 abhinc
1462 645 1541 700 annis
1551 646 1695 704 editionem
1711 651 1788 708 istam

159 719 218 775 bari
232 719 310 777 vidso
329 736 344 775 a
367 721 513 790 Gentiloto,
537 740 590 780 non
605 741 725 795 possum
740 729 805 798 quin
829 727 949 798 ejusdem
999 725 1154 792 meditatus,
1168 736 1196 782 at
1209 730 1301 786 inultis
1318 739 1345 786 et
1357 733 1439 788 variis
1452 735 1595 791 ministerii
1609 740 1650 794 sui
1672 755 1789 812 occupa-

158 809 294 867 Lambeeii
320 813 556 871 hallucinationem
580 815 741 886 patefaciam
765 820 799 875 de
823 819 950 876 Carolino
998 814 1117 872 tionibus
1129 817 1281 888 impeditos,
1297 823 1403 879 tandem
1414 825 1517 893 optimo
1530 829 1636 897 publico
1650 833 1715 888 mibi
1727 850 1789 904 pro-

54 977 57 982 .
158 901 217 973 ipsu
236 901 354 960 Colice:
371 905 433 961 inde
452 906 652 978 enimquistpne
670 908 785 979 colliget,
800 909 949 979 cuiusmodi
999 906 1146 962 curandam
1165 909 1346 966 demandavit.
1369 912 1462 969 Tantis
1478 930 1528 985 ego
1547 919 1635 976 rictus
1657 923 1787 993 imperiis,

156 994 357 1066 chronologiam
381 1005 408 1052 et
430 999 619 1055 annotationes
644 1000 785 1057 additunrs
810 1010 869 1055 erat
893 1018 949 1058 snae
998 1004 1027 1053 et
1043 999 1120 1067 copia
1141 999 1272 1057 librorum
1288 1001 1395 1072 adiutus
1417 1006 1558 1067 abeodem
1576 1013 1789 1076 eminentissimo

156 1083 276 1150 editioni,
291 1086 313 1141 si
328 1096 465 1156 superstes
478 1087 583 1145 inisset.
598 1090 626 1145 ln
647 1105 728 1159 supra
745 1090 853 1146 lautlato
870 1091 949 1149 Com-
998 1089 1128 1145 cardinali
1145 1105 1179 1146 ex
1194 1092 1369 1173 selectissima
1379 1105 1406 1152 et
1416 1098 1547 1156 immensa
1557 1099 1616 1168 ejus
1627 1104 1788 1164 bibliotheca

155 1174 364 1231 mentariobibl.
379 1175 510 1235 Cesarea
523 1177 582 1250 (lib.
609 1194 638 1243 ιι,
656 1194 718 1250 pag.
731 1179 794 1253 ill)
815 1181 849 1236 ad
866 1182 947 1237 verba
999 1180 1038 1252 (in
1050 1196 1101 1252 qua
1115 1182 1241 1240 litteratis
1254 1187 1379 1242 omnibus
1388 1187 1503 1260 Europae
1512 1191 1565 1248 lanc
1580 1194 1749 1254 venientibus
1761 1200 1788 1256 id

155 1264 226 1321 tituli
234 1280 242 1319 τ
250 1283 295 1322 reu
305 1269 384 1322 etiem
395 1268 428 1322 de
438 1267 563 1339 Imperio,
576 1279 737 1339 apposuerat
750 1271 821 1326 hanc
834 1280 926 1326 notam
939 1287 946 1325 :
999 1270 1096 1326 mirum
1108 1271 1214 1337 accidit,
1225 1273 1292 1329 nihil
1304 1274 1479 1343 deessc,nibil
1489 1280 1673 1355 superfluere),
1682 1301 1788 1343 necutm

158 1372 282 1435 «nempe
300 1356 440 1422 Orientali,
460 1361 517 1414 sive
537 1360 687 1430 Cpolitano.
704 1360 756 1417 Sed
770 1363 842 1431 quod
854 1362 947 1418 dolen·
997 1363 1159 1420 necessariis
1172 1365 1275 1421 notitiis
1288 1369 1322 1423 ab
1340 1382 1373 1424 eo
1388 1371 1517 1437 munitius,
1541 1388 1574 1431 ae
1593 1375 1676 1432 veluti
1693 1394 1789 1434 manu.

156 1448 220 1503 dnm
234 1457 286 1516 est,
301 1449 421 1519 epistolae
438 1451 488 1505 illm
506 1451 589 1521 impp.
606 1451 818 1521 Cpolitanomm,
834 1469 947 1524 quarum
997 1453 1095 1511 ductus
1111 1470 1160 1525 per
1181 1455 1319 1513 inaccessa
1339 1460 1484 1529 provincias
1501 1461 1579 1531 huius
1598 1463 1666 1533 loos,
1686 1467 1788 1538 perfect

155 1535 201 1594 bic
222 1539 253 1593 ttt
273 1539 385 1606 mentio,
402 1555 455 1595 non
470 1549 578 1597 exstant
601 1542 626 1597 in
648 1543 700 1599 boc
717 1543 819 1600 codiee.
835 1544 949 1601 Videtur
996 1556 1073 1612 opus,
1086 1543 1140 1610 eni,
1154 1545 1339 1617 qualecunque
1350 1547 1394 1615 sit,
1416 1548 1514 1620 ingenii
1526 1553 1580 1606 mei
1591 1553 1663 1609 vires
1674 1553 1788 1613 luissent

154 1642 220 1700 ergo
237 1636 324 1685 totum
339 1629 404 1687 illud
427 1646 525 1702 corpus
539 1630 713 1703 epistolarum
727 1631 811 1689 luisse
832 1634 947 1690 divisum
997 1633 1107 1689 omnino
1119 1635 1320 1704 imparesouae
1331 1651 1377 1694 res
1385 1639 1535 1707 presertim
1546 1641 1636 1696 evenit
1644 1642 1673 1697 in
1682 1643 1787 1701 duobus

155 1718 182 1773 in
197 1720 251 1775 duo
261 1721 406 1787 solnmina,
419 1737 533 1793 quonum
552 1725 681 1794 primum,
695 1724 861 1793 quodetiam
874 1740 947 1780 nnnc
997 1736 1031 1778 ex
1044 1725 1225 1780 monumentis
1238 1741 1254 1782 a
1265 1741 1309 1783 me
1322 1726 1499 1799 proferendis,
1513 1729 1638 1787 videlieet
1650 1731 1677 1786 in
1688 1730 1787 1792 Godoe

154 1819 242 1868 exstat
256 1811 284 1868 in
299 1814 489 1885 angustissima
502 1813 665 1870 bibliotheca
683 1814 816 1881 Caesarea,
833 1822 861 1870 et
879 1815 947 1870 illud
962 1808 983 1865 b
997 1811 1049 1869 isto
1063 1813 1198 1880 carolino,
1213 1815 1260 1886 qui
1273 1817 1358 1872 aciem
1369 1818 1453 1885 ducit,
1466 1828 1495 1876 et
1516 1821 1545 1875 in
1567 1819 1665 1880 Codice
1685 1823 1788 1883 liudol-

154 1900 242 1972 ipsnm
257 1911 309 1967 est,
322 1903 355 1958 de
367 1918 422 1975 quo
439 1904 466 1959 in
485 1919 605 1975 praesens
629 1905 727 1976 agitur,
744 1906 877 1961 continuit
890 1906 947 1976 epi·
995 1901 1089 1971 phitio,
1109 1903 1142 1959 de
1153 1918 1206 1973 quo
1218 1920 1296 1976 agam
1309 1921 1358 1961 sno
1370 1906 1439 1965 loeo.

152 1991 237 2049 stolas
255 2008 422 2050 summorum
436 1995 603 2065 pontificum,
620 1997 736 2053 alterum
753 2006 853 2066 autem,
875 1999 947 2069 quod
1031 1991 1102 2047 XIX.
1122 1993 1234 2062 Quantae
1246 1995 1371 2053 utilitatis
1385 1997 1474 2054 lutura
1486 2000 1522 2056 stt
1535 2001 1617 2060 editio
1630 2003 1682 2060 ista
1696 2006 1787 2063 notis-

152 2082 348 2155 longinquitate
359 2087 488 2157 temporis
496 2089 609 2158 periisse
620 2090 757 2156 existimo,
770 2091 947 2159 comprehen-
995 2085 1063 2140 sima
1086 2087 1244 2155 pradictum
1267 2089 1294 2143 in
1312 2090 1421 2145 modum
1444 2103 1599 2161 procurata,
1621 2096 1660 2150 illi
1679 2096 1786 2167 judiea-

153 2173 193 2231 dit
211 2175 339 2246 epistolas
351 2177 433 2247 impp.
445 2177 659 2248 Cpolitanornm.
677 2200 687 2232 ι
704 2179 768 2235 blihi
781 2195 858 2247 vero,
874 2181 946 2251 quod
994 2173 1072 2241 bunt,
1086 2176 1131 2246 qui
1144 2191 1197 2233 non
1210 2176 1322 2248 legendo
1333 2187 1447 2246 tantum,
1466 2182 1513 2237 sed
1527 2182 1670 2240 scribendo
1686 2194 1786 2242 navant

152 2266 222 2321 tanti
233 2266 284 2321 viri
294 2282 355 2323 cnm
369 2282 435 2338 pace
446 2268 570 2335 dixerim,
585 2270 692 2326 nonnisi
703 2270 856 2341 pontificias
873 2271 945 2327 litte-
994 2278 1115 2334 liberem,
1130 2276 1159 2321 ut
1174 2267 1216 2321 sui
1237 2268 1320 2322 animi
1336 2268 1407 2325 letus
1419 2272 1571 2341 posteritati
1586 2275 1784 2331 commendent.

152 2374 199 2416 ms
209 2360 238 2414 in
253 2360 331 2417 tituto
346 2360 460 2417 indicari
472 2376 630 2433 persuasum
650 2371 708 2430 ειη
723 2363 821 2435 quippe
840 2379 900 2435 qum
918 2372 947 2419 et
995 2352 1132 2425 Praecipue
1142 2370 1206 2411 vero
1219 2356 1340 2429 elingues
1355 2358 1374 2413 ii
1388 2357 1542 2425 reddentur,
1557 2362 1603 2433 qui
1616 2364 1785 2419 adhaerentes

152 2452 187 2509 de
198 2453 345 2524 apostolica
356 2453 420 2509 sede
432 2462 459 2509 et
472 2454 506 2510 de
519 2455 632 2526 imperio
645 2463 774 2521 arietant,
795 2464 826 2510 ut
848 2470 946 2526 oppor-
995 2447 1186 2521 Cborographo
1201 2449 1285 2505 ltaliae
1299 2445 1381 2506 medii
1399 2451 1449 2507 aevi
1474 2452 1632 2510 Gretserum
1655 2454 1786 2524 adiecisse

152 2552 217 2600 tuna
232 2545 445 2600 animadvertam
469 2546 496 2601 tn
519 2547 601 2602 noris,
625 2547 753 2615 Quamvis
777 2548 849 2603 enim
879 2562 945 2603 non.
994 2548 1098 2611 putant,
1119 2556 1179 2611 qnae
1194 2540 1383 2610 diplomatibus
1397 2541 1524 2599 Ludovici
1544 2542 1594 2608 Pii,
1616 2544 1729 2615 aliisque
1742 2561 1787 2602 as·

152 2636 232 2694 nrrboe
252 2638 372 2709 epistota
390 2639 498 2710 scripcae
519 2639 574 2696 sint
592 2642 627 2696 ait
649 2640 773 2697 flamiam
800 2642 891 2714 epam
906 2650 946 2699 coc
995 2633 1116 2689 serendis
1127 2641 1274 2704 opportuna
1287 2641 1349 2688 sunt
1359 2634 1426 2689 risa.
1440 2633 1560 2704 Cumque
1571 2650 1605 2690 ex
1616 2635 1714 2691 Codice
1733 2637 1786 2693 isto

152 2742 264 2783 numero
279 2727 380 2783 mem
398 2742 452 2783 non
469 2734 542 2795 suut,
563 2744 623 2798 (μω
645 2731 758 2786 seorsim
780 2730 877 2787 reterri
898 2733 945 2788 ge.
995 2724 1121 2780 Carolino
1136 2732 1251 2790 constet,
1272 2740 1332 2794 qnae
1354 2731 1413 2779 crat
1434 2723 1501 2781 ditio
1517 2734 1616 2782 sanetae
1634 2726 1705 2782 sedis
1723 2736 1786 2783 ante

151 2814 261 2871 buerint
277 2815 304 2869 in
327 2814 411 2870 alium
434 2817 564 2874 codicem.
585 2817 721 2874 Praeterea
736 2821 874 2890 depascis
892 2820 946 2877 illis
995 2810 1161 2869 Ffflsswfflm
1190 2827 1281 2883 retum
1303 2812 1477 2880 d⁰¹¹²¹²t⁰⁰082
1506 2830 1598 2885 qnaeve
1620 2814 1786 2872 incrementa

152 2902 302 2959 luculenter
314 2912 430 2961 coustm.
446 2903 628 2972 Quamobrem
637 2908 719 2962 verba
739 2907 783 2968 illa
796 2907 866 2963 tituli
885 2922 946 2978 spe·
995 2902 1120 2958 babuerit
1130 2918 1164 2958 ex
1177 2919 1269 2974 regum
1282 2904 1438 2959 eommdem
1453 2903 1658 2976 largitionibus:
1673 2905 1783 2972 idcirco,

152 3002 228 3052 etam
250 2998 283 3052 ad
296 2995 447 3067 pontilices,
461 2997 508 3067 qul
530 2998 564 3053 dc
582 3012 686 3053 summa
712 3000 776 3054 sede
799 2998 945 3069 apostolica
997 2994 1108 3051 Patrum
1130 2995 1312 3052 blaurinorom
1327 2995 1459 3066 exemplo,
1480 2996 1527 3066 qui
1541 2996 1729 3067 chronologice
1746 2996 1786 3053 di-

153 3087 224 3143 beati
238 3086 311 3142 Petri
325 3087 507 3157 apostolorum
521 3088 661 3158 principis,
683 3103 730 3144 sen
751 3089 834 3144 ctiam
849 3090 882 3144 de
895 3088 945 3142 im·
997 3098 1139 3160 gesserunt
1154 3087 1292 3159 epistolas,
1312 3088 1434 3158 quamvis
1452 3103 1505 3144 non
1519 3089 1631 3159 probem
1644 3088 1671 3143 id
1683 3103 1729 3144 eos
1746 3087 1787 3143 le·

153 3179 229 3250 perio
245 3179 379 3248 scripsere
393 3178 427 3234 ad
440 3178 576 3249 principes
589 3188 617 3234 et
633 3195 710 3251 reges
724 3179 900 3246 Francorum,
916 3189 946 3234 ut
960 3150 984 3205 ρ’
997 3181 1066 3239 εἰεεε
1080 3181 1168 3237 aliena
1181 3196 1263 3249 carra3
1278 3181 1349 3236 vires
1370 3195 1519 3250 nervosque
1539 3194 1634 3235 omnes
1647 3179 1787 3235 industriae

153 3269 207 3326 lert
228 3270 332 3325 titulus.
356 3269 416 3325 Non
437 3270 510 3325 enim
532 3269 611 3325 iacile
633 3272 803 3329 invenientur
824 3271 946 3341 exempla
996 3287 1064 3328 meae
1078 3271 1190 3339 intendi,
1204 3282 1234 3328 ut
1247 3272 1412 3342 singularum
1434 3271 1476 3327 sin
1498 3271 1587 3327 minus
1609 3280 1717 3327 aemtom
1728 3287 1788 3327 ccr-

153 3363 351 3434 praepositionis
373 3363 406 3418 de
427 3379 478 3434 pro
501 3364 533 3418 ch
556 3372 701 3435 usurpato,
727 3364 850 3435 quamvis
868 3373 896 3420 et
918 3365 946 3418 in
997 3375 1062 3431 tam
1081 3375 1185 3423 eertum
1197 3365 1293 3423 saltem
1307 3365 1429 3421 ordinem
1454 3379 1622 3434 assequerer,
1640 3372 1721 3433 atque
1740 3378 1788 3434 ap·

153 3453 241 3520 italia,
251 3462 278 3510 ct
286 3454 313 3509 in
322 3453 447 3522 Francia,
459 3455 544 3510 multa
554 3454 641 3511 adbuc
649 3455 789 3511 barbarios
799 3454 945 3510 obtineret.
996 3456 1084 3528 posita
1099 3471 1147 3510 sua
1159 3455 1303 3524 unicnique
1321 3453 1441 3525 synopsi,
1457 3453 1544 3523 quoad
1558 3453 1617 3508 lieri
1629 3452 1726 3522 potuit,
1740 3467 1788 3507 ex-

155 3547 196 3604 bd
210 3547 347 3604 Lambecii
363 3562 428 3605 vero
448 3549 614 3621 diligentiam
630 3551 808 3620 improbatam
823 3549 895 3620 quod
905 3556 947 3602 at·
997 3557 1068 3616 aeta,
1093 3547 1189 3604 casita
1206 3547 1352 3602 instructas
1366 3560 1463 3618 magno
1479 3545 1540 3600 usui
1555 3543 1668 3608 laturas,
1691 3542 1787 3598 lectori

154 3637 416 3706 tinet,exGentiloti
429 3640 586 3696 recensione
606 3640 694 3711 palam
707 3641 769 3708 erit,
782 3655 862 3712 quam
876 3637 946 3695 mut·
997 3643 1163 3701 exhiberem.
1186 3643 1359 3709 baratarius,
1378 3657 1438 3713 que
1458 3639 1516 3709 ejus
1537 3638 1672 3708 diligentia
1685 3645 1744 3692 erat
1759 3638 1787 3692 in

154 3734 198 3784 tas
220 3727 403 3784 correctiones
427 3728 601 3800 l'engnagelii
622 3728 798 3802 adoptaverit,
818 3737 846 3785 et
864 3745 946 3802 gnam
998 3734 1093 3792 alienis
1111 3735 1221 3792 edendis
1244 3734 1385 3805 partubus,
1406 3740 1520 3788 conatus
1537 3729 1598 3786 sinc
1618 3728 1699 3790 dnbio
1716 3735 1789 3783 csset

155 3818 312 3889 trequenter
324 3836 386 3877 suas
399 3819 537 3892 adiecerit.
960 3824 972 3841 '
998 3825 1059 3883 illas
1071 3825 1193 3897 digerere
1206 3824 1287 3880 alium
1306 3824 1335 3879 in
1349 3823 1468 3889 modum,
1483 3835 1563 3891 quam
1578 3833 1658 3889 quem
1677 3833 1789 3888 prorsus

191 3911 283 3968 xtttl.
309 3911 349 3967 Ex
377 3913 516 3984 bacasque
539 3912 628 3968 allatis
650 3921 693 3969 est
714 3914 824 3970 evidens
849 3929 947 3970 nouam
998 3914 1122 3972 itmtilem
1145 3922 1256 3971 serrant
1285 3913 1312 3968 in
1339 3912 1440 3967 codice.
1474 3909 1615 3964 Enimvero
1646 3905 1788 3977 epistolam

156 4005 226 4062 bane
245 4006 390 4063 editionem
409 4006 510 4063 codicis
535 4006 713 4061 neeessariam
739 4006 849 4062 omnino
871 4021 946 4071 esse;
996 4007 1085 4063 sancti
1112 4006 1258 4070 Zacharia,
1278 4013 1306 4059 et
1329 4004 1396 4059 duas
1418 4000 1595 4072 pseudopapae
1618 3995 1787 4052 Constantini

157 4106 214 4153 tum
236 4105 265 4153 nt
278 4096 448 4168 Tengnagelii
463 4097 571 4152 licentia
591 4103 730 4161 teneatur,
746 4104 804 4150 tam
825 4103 855 4149 nt
868 4095 948 4150 Lant-
998 4098 1057 4154 loco
1075 4097 1168 4161 movit,
1184 4107 1286 4164 suoque
1297 4091 1391 4147 ordine
1404 4089 1560 4153 collocavit;
1578 4100 1681 4141 necnon
1694 4100 1789 4138 earum

155 4188 225 4247 becii
244 4186 321 4243 labor
336 4189 440 4258 integer
450 4186 623 4256 inspiciatur;
641 4194 696 4241 tum
711 4186 826 4256 denique
838 4186 948 4243 utGen-
998 4189 1096 4246 scriem
1110 4185 1280 4250 disturbavit,
1299 4183 1442 4238 inserendo
1457 4180 1527 4234 inter
1548 4176 1676 4246 cujusque
1699 4178 1790 4245 ponti-

156 4278 227 4336 tlloti
249 4277 366 4334 studium
392 4292 456 4333 vore
475 4277 635 4346 improbum,
660 4292 713 4348 qno
733 4278 947 4334 vindobonensis
999 4278 1058 4335 licis
1071 4277 1175 4333 litteras
1185 4273 1352 4346 singulorum
1378 4271 1460 4324 vitam
1472 4284 1505 4324 cx
1521 4267 1567 4321 Fr.
1584 4265 1720 4322 hmalrico
1732 4265 1789 4319 lin-

156 4366 247 4427 Coder
259 4367 346 4438 qualis
355 4376 425 4434 erat,
439 4368 579 4439 qualisque
591 4378 633 4424 est
645 4367 732 4426 lactus
742 4385 757 4424 a
769 4370 948 4443 Tengnagelio
999 4369 1082 4440 gerlo,
1096 4374 1124 4422 et
1137 4382 1171 4421 ex
1191 4362 1356 4421 Frodoardo.
1376 4361 1430 4416 Sed
1454 4358 1592 4429 opiniones
1615 4355 1697 4420 salsae,
1721 4371 1788 4426 qaas

157 4460 380 4531 deprehendite&
405 4460 545 4515 litteraria
562 4459 717 4530 reipublicae
735 4461 946 4516 commendetur.
962 4455 1310 4553 „litteriseommendarat
1325 4451 1434 4525 (script.
1459 4448 1548 4504 ltalic.
1567 4454 1632 4502 tom.
1659 4447 1700 4511 lll,
1726 4462 1789 4517 pars

158 4552 224 4609 liam
240 4555 344 4611 obrem
364 4553 566 4610 Gretserianam
589 4561 617 4609 et
638 4553 694 4624 ipsc
716 4553 862 4610 editionem
874 4553 949 4610 adbi-
999 4565 1030 4616 tr,
1047 4548 1092 4604 nbi
1102 4554 1192 4603 emtat
1206 4542 1297 4601 Codex
1318 4540 1531 4598 Carolinnsdata
1549 4552 1629 4608 opera
1654 4537 1735 4590 dilata
1748 4544 1789 4591 est

158 4644 223 4701 bere
235 4642 362 4700 constitui
376 4658 425 4715 pro
439 4651 525 4711 textu,
538 4644 621 4699 trium
636 4643 765 4701 &sacen
780 4643 949 4700 bibliothecae
998 4641 1032 4697 ad
1047 4653 1151 4711 magnae
1164 4633 1329 4693 collectionis
1342 4632 1485 4688 editionem
1502 4630 1558 4686 lere
1577 4625 1738 4699 absolutam)
1751 4627 1788 4681 illi

158 4736 345 4808 praefectorum
355 4735 491 4791 uariantes
503 4734 631 4791 lectiones
644 4733 809 4803 subjiciendo
820 4747 843 4788 ι.
860 4734 950 4802 Quan-
997 4735 1200 4804 persuaserunt,
1222 4741 1237 4782 e
1255 4741 1286 4781 re
1299 4739 1348 4781 sua
1361 4737 1421 4780 esse
1440 4720 1568 4792 epistolas
1583 4719 1642 4775 illas
1656 4718 1729 4774 nulio
1745 4734 1789 4773 or-

158 4830 393 4900 doquidempuras
406 4834 485 4897 putas
499 4827 625 4898 epistolas
638 4827 730 4893 edens,
746 4833 778 4881 nt
800 4825 950 4882 exstantia
998 4825 1070 4890 dine,
1095 4819 1221 4889 nulloque
1241 4816 1420 4888 chronologico
1438 4814 1572 4886 praesidio¹
1598 4819 1678 4884 prout
1697 4810 1791 4868 relatae

159 4918 261 4988 codice,
288 4918 359 4988 qaod
383 4915 510 4972 Gontiioti
532 4931 703 4988 opeposscm
728 4916 828 4984 iacere,
849 4916 950 4973 laboris
998 4913 1113 4973 erantin
1126 4911 1256 4977 codicem,
1270 4900 1790 4978 evulgare.itascilicetualrnmAdria-

161 5006 273 5062 ttiminm
286 5006 380 5062 lectori
397 5006 563 5073 exhiberem,
576 5016 606 5061 nt
619 5005 738 5074 cujusvis
749 5020 783 5062 cx
796 5006 882 5062 tribus
896 5005 951 5062 ela·
999 5021 1064 5062 num
1080 5002 1244 5075 pontificem,
1262 5000 1358 5055 laisum
1370 4999 1561 5069 promissorem
1576 4994 1712 5058 Carolnm,
1726 5008 1790 5047 san-

161 5099 275 5158 tissimis
292 5099 359 5154 viris
378 5113 486 5168 operam
504 5108 637 5165 nosceret,
654 5099 809 5170 meritisque
827 5099 951 5155 laudibus
1000 5107 1125 5167 ctamque
1139 5094 1229 5150 sedem
1254 5091 1370 5156 illusam,
1389 5089 1584 5160 anteponendo,
1601 5087 1633 5142 ad
1646 5085 1789 5141 arbitrium

160 5189 343 5254 bambeeium,
359 5196 386 5244 et
399 5187 562 5244 Gentilotum
578 5186 742 5254 lrandarem,
756 5188 828 5259 qood
842 5189 951 5244 minime
1000 5187 1134 5260 epistolas,
1149 5184 1219 5255 qnod
1231 5183 1401 5237 vehementer
1411 5184 1477 5237 adeo
1488 5180 1635 5243 contendit,
1652 5178 1721 5233 male
1731 5179 1791 5233 ani-

161 5297 268 5352 :etpuunt
280 5288 331 5336 est.
344 5278 477 5335 Praeterea
490 5279 618 5350 quidquid
638 5279 769 5334 libertatis
781 5278 832 5334 sibi
843 5293 952 5347 arroga—
1000 5279 1080 5337 matis
1091 5280 1118 5333 in
1130 5274 1305 5346 apostolicam
1318 5273 1418 5337 sedem,
1435 5280 1461 5327 ct
1473 5287 1562 5328 rerum
1576 5268 1702 5325 Ecclesiae
1717 5268 1792 5322 rudi-

163 5376 200 5429 vit
211 5375 355 5430 Gretscrns
366 5374 393 5428 in
403 5372 604 5445 orthographia,
617 5371 952 5444 Tengnageliovcrtcretur
999 5371 1050 5428 bus
1066 5369 1254 5431 insinuarem
1268 5362 1398 5433 probabili
1419 5365 1523 5420 ratione
1536 5361 1678 5420 ostendere
1688 5359 1790 5429 potuis·

163 5464 239 5530 vitio,
255 5466 371 5522 simodo
387 5464 482 5519 vitium
495 5463 623 5534 appellari
642 5472 732 5534 potest
753 5464 873 5521 Gretseti
887 5479 951 5520 oon-
1000 5470 1052 5528 set,
1065 5469 1095 5515 ut
1108 5459 1180 5515 lecit.

200 5611 213 5640 ·
233 5597 287 5655 Nos
297 5599 446 5669 precipuas
455 5605 560 5654 tantum
569 5597 697 5655 lectiones
714 5600 850 5657 variantes
867 5598 951 5654 textui
1001 5597 1192 5667 adjectionem,
1215 5596 1257 5651 vel
1276 5594 1477 5656 ‹letractionem
1499 5590 1544 5647 vel
1564 5584 1789 5665 immutationem,

164 5667 237 5725 iuter
255 5683 339 5724 uncos
353 5669 496 5725 inserimus
512 5669 553 5724 rel
567 5669 594 5724 in
609 5671 681 5726 notis
702 5671 875 5734 eviribemus;
889 5669 952 5723 reli·
1000 5675 1105 5724 tantum
1116 5674 1249 5736 spectant,
1260 5674 1289 5721 nt
1299 5675 1409 5736 prorsus
1421 5658 1699 5736 superlluosconsulto
1711 5664 1788 5713 omit·

165 5753 314 5811 quasvero,
326 5739 430 5811 quoad
440 5740 536 5798 littere
544 5741 623 5798 unios
633 5741 660 5796 in
673 5739 950 5813 vocibusqnibnsdam
1001 5739 1091 5795 tinus.
1110 5736 1190 5793 Ernr.
