<?xml version="1.0" encoding="UTF-8"?>
<!DOCTYPE html PUBLIC "-//W3C//DTD XHTML 1.0 Transitional//EN"
    "http://www.w3.org/TR/xhtml1/DTD/xhtml1-transitional.dtd">
<html xmlns="http://www.w3.org/1999/xhtml" xml:lang="en" lang="en">
 <head>
  <title>
</title>
<meta http-equiv="Content-Type" content="text/html;charset=utf-8" />
  <meta name='ocr-system' content='tesseract 3.04.00' />
  <meta name='ocr-capabilities' content='ocr_page ocr_carea ocr_par ocr_line ocrx_word'/>
</head>
<body>
  <div class='ocr_page' id='page_1' title='image "./patrologiaecurs17goog_0117.png"; bbox 0 0 3780 6120; ppageno 0'>
   <div class='ocr_carea' id='block_1_1' title="bbox 148 320 1332 402">
    <p class='ocr_par' dir='ltr' id='par_1_1' title="bbox 148 320 1332 402">
     <span class='ocr_line' id='line_1_1' title="bbox 148 320 1332 402; baseline -0.014 -10"><span class='ocrx_word' id='word_1_1' title='bbox 148 344 203 402; x_wconf 65' lang='grc' dir='ltr'>Μ</span> <span class='ocrx_word' id='word_1_2' title='bbox 590 332 619 386; x_wconf 85' lang='lat' dir='ltr'>B.</span> <span class='ocrx_word' id='word_1_3' title='bbox 640 329 765 386; x_wconf 78' lang='lat' dir='ltr'>canuti</span> <span class='ocrx_word' id='word_1_4' title='bbox 786 325 891 381; x_wconf 62' lang='lat' dir='ltr'>llntjb‘i</span> <span class='ocrx_word' id='word_1_5' title='bbox 911 323 985 379; x_wconf 80' lang='lat' dir='ltr'>oet.</span> <span class='ocrx_word' id='word_1_6' title='bbox 1008 322 1096 376; x_wconf 69' lang='lat' dir='ltr'>PARS</span> <span class='ocrx_word' id='word_1_7' title='bbox 1112 320 1132 375; x_wconf 89' lang='grc'>1.</span> <span class='ocrx_word' id='word_1_8' title='bbox 1154 321 1274 377; x_wconf 66' lang='grc' dir='ltr'>ὃΕίΙῘΙΟ</span> <span class='ocrx_word' id='word_1_9' title='bbox 1291 322 1332 376; x_wconf 91' lang='lat' dir='ltr'>ttl.</span> 
     </span>
    </p>
   </div>
   <div class='ocr_carea' id='block_1_2' title="bbox 146 440 1798 2612">
    <p class='ocr_par' dir='ltr' id='par_1_2' title="bbox 146 440 1798 2612">
     <span class='ocr_line' id='line_1_2' title="bbox 149 440 1792 518; baseline -0.009 -1"><span class='ocrx_word' id='word_1_10' title='bbox 149 458 265 518; x_wconf 87' lang='lat' dir='ltr'>nobisin</span> <span class='ocrx_word' id='word_1_11' title='bbox 277 455 330 514; x_wconf 81' lang='lat' dir='ltr'>hoc</span> <span class='ocrx_word' id='word_1_12' title='bbox 341 453 467 512; x_wconf 87' lang='lat' dir='ltr'>credendi</span> <span class='ocrx_word' id='word_1_13' title='bbox 483 451 595 506; x_wconf 89' lang='lat' dir='ltr'>ntatcria</span> <span class='ocrx_word' id='word_1_14' title='bbox 607 440 938 517; x_wconf 70' lang='lat' dir='ltr'>coartentur[contrectari.</span> <span class='ocrx_word' id='word_1_15' title='bbox 956 445 978 502; x_wconf 72' lang='grc' dir='ltr'>Α</span> <span class='ocrx_word' id='word_1_16' title='bbox 993 441 1065 494; x_wconf 80' lang='lat' dir='ltr'>risse</span> <span class='ocrx_word' id='word_1_17' title='bbox 1079 440 1185 502; x_wconf 83' lang='lat' dir='ltr'>ruissos,</span> <span class='ocrx_word' id='word_1_18' title='bbox 1199 449 1228 492; x_wconf 92' lang='lat' dir='ltr'>nt</span> <span class='ocrx_word' id='word_1_19' title='bbox 1242 453 1388 510; x_wconf 86' lang='lat' dir='ltr'>agnoscere</span> <span class='ocrx_word' id='word_1_20' title='bbox 1399 455 1448 510; x_wconf 92' lang='lat' dir='ltr'>pcr</span> <span class='ocrx_word' id='word_1_21' title='bbox 1470 454 1517 496; x_wconf 88' lang='lat' dir='ltr'>eos</span> <span class='ocrx_word' id='word_1_22' title='bbox 1533 441 1688 500; x_wconf 77' lang='lat' dir='ltr'>valuissetis</span> <span class='ocrx_word' id='word_1_23' title='bbox 1698 455 1792 504; x_wconf 81' lang='lat' dir='ltr'>turrim</span> 
     </span>
     <span class='ocr_line' id='line_1_3' title="bbox 149 532 1791 607; baseline -0.009 0"><span class='ocrx_word' id='word_1_24' title='bbox 149 550 206 607; x_wconf 85' lang='lat' dir='ltr'>Nec</span> <span class='ocrx_word' id='word_1_25' title='bbox 222 549 296 605; x_wconf 83' lang='lat' dir='ltr'>enim</span> <span class='ocrx_word' id='word_1_26' title='bbox 311 543 519 601; x_wconf 80' lang='lat' dir='ltr'>tlitcrstdelium</span> <span class='ocrx_word' id='word_1_27' title='bbox 533 549 637 596; x_wconf 70' lang='lat' dir='ltr'>tttttrttes</span> <span class='ocrx_word' id='word_1_28' title='bbox 660 538 797 593; x_wconf 66' lang='lat' dir='ltr'>aestimare</span> <span class='ocrx_word' id='word_1_29' title='bbox 813 542 939 604; x_wconf 86' lang='lat' dir='ltr'>possunt,</span> <span class='ocrx_word' id='word_1_30' title='bbox 990 533 1070 587; x_wconf 91' lang='lat' dir='ltr'>nobis</span> <span class='ocrx_word' id='word_1_31' title='bbox 1095 550 1109 585; x_wconf 91' lang='lat' dir='ltr'>a</span> <span class='ocrx_word' id='word_1_32' title='bbox 1129 541 1205 600; x_wconf 89' lang='lat' dir='ltr'>parte</span> <span class='ocrx_word' id='word_1_33' title='bbox 1226 532 1465 602; x_wconf 84' lang='lat' dir='ltr'>langobardorum</span> <span class='ocrx_word' id='word_1_34' title='bbox 1484 533 1613 603; x_wconf 74' lang='lat' dir='ltr'>plenaria</span> <span class='ocrx_word' id='word_1_35' title='bbox 1628 533 1708 592; x_wconf 70' lang='lat' dir='ltr'>laetae</span> <span class='ocrx_word' id='word_1_36' title='bbox 1724 535 1791 593; x_wconf 88' lang='lat' dir='ltr'>luis·</span> 
     </span>
     <span class='ocr_line' id='line_1_4' title="bbox 149 622 1792 717; baseline -0.01 -19"><span class='ocrx_word' id='word_1_37' title='bbox 149 657 231 717; x_wconf 79' lang='lat' dir='ltr'>quant</span> <span class='ocrx_word' id='word_1_38' title='bbox 255 641 282 696; x_wconf 91' lang='lat' dir='ltr'>id</span> <span class='ocrx_word' id='word_1_39' title='bbox 293 640 365 710; x_wconf 88' lang='lat' dir='ltr'>quod</span> <span class='ocrx_word' id='word_1_40' title='bbox 378 637 476 693; x_wconf 80' lang='lat' dir='ltr'>crebro</span> <span class='ocrx_word' id='word_1_41' title='bbox 489 651 504 689; x_wconf 90' lang='lat' dir='ltr'>a</span> <span class='ocrx_word' id='word_1_42' title='bbox 519 635 606 697; x_wconf 87' lang='lat' dir='ltr'>robis,</span> <span class='ocrx_word' id='word_1_43' title='bbox 619 647 666 703; x_wconf 88' lang='lat' dir='ltr'>pro</span> <span class='ocrx_word' id='word_1_44' title='bbox 680 631 778 685; x_wconf 88' lang='lat' dir='ltr'>intuitu</span> <span class='ocrx_word' id='word_1_45' title='bbox 798 636 939 699; x_wconf 85' lang='lat' dir='ltr'>operatum</span> <span class='ocrx_word' id='word_1_46' title='bbox 991 631 1051 680; x_wconf 86' lang='lat' dir='ltr'>sent</span> <span class='ocrx_word' id='word_1_47' title='bbox 1070 623 1193 693; x_wconf 69' lang='lat' dir='ltr'>justitiae,</span> <span class='ocrx_word' id='word_1_48' title='bbox 1209 638 1243 676; x_wconf 94' lang='lat' dir='ltr'>an</span> <span class='ocrx_word' id='word_1_49' title='bbox 1263 638 1316 676; x_wconf 93' lang='lat' dir='ltr'>non</span> <span class='ocrx_word' id='word_1_50' title='bbox 1331 633 1355 687; x_wconf 73' lang='lat'>⁰,</span> <span class='ocrx_word' id='word_1_51' title='bbox 1372 622 1423 692; x_wconf 87' lang='lat' dir='ltr'>ipsi</span> <span class='ocrx_word' id='word_1_52' title='bbox 1436 623 1548 679; x_wconf 91' lang='lat' dir='ltr'>omnino</span> <span class='ocrx_word' id='word_1_53' title='bbox 1560 640 1650 680; x_wconf 77' lang='lat' dir='ltr'>causae</span> <span class='ocrx_word' id='word_1_54' title='bbox 1664 627 1792 682; x_wconf 89' lang='lat' dir='ltr'>meritum</span> 
     </span>
     <span class='ocr_line' id='line_1_5' title="bbox 148 713 1798 801; baseline -0.009 -11"><span class='ocrx_word' id='word_1_55' title='bbox 148 733 297 796; x_wconf 81' lang='lat' dir='ltr'>cemimus,</span> <span class='ocrx_word' id='word_1_56' title='bbox 310 736 339 786; x_wconf 91' lang='lat' dir='ltr'>et</span> <span class='ocrx_word' id='word_1_57' title='bbox 357 730 395 784; x_wconf 92' lang='lat' dir='ltr'>rei</span> <span class='ocrx_word' id='word_1_58' title='bbox 414 726 630 798; x_wconf 82' lang='lat' dir='ltr'>experimentum</span> <span class='ocrx_word' id='word_1_59' title='bbox 649 723 795 779; x_wconf 82' lang='lat' dir='ltr'>didicimus</span> <span class='ocrx_word' id='word_1_60' title='bbox 813 733 838 773; x_wconf 72' lang='lat' dir='ltr'>t.</span> <span class='ocrx_word' id='word_1_61' title='bbox 991 713 1123 801; x_wconf 82' lang='lat' dir='ltr'>comperti</span> <span class='ocrx_word' id='word_1_62' title='bbox 1134 721 1207 778; x_wconf 94' lang='lat' dir='ltr'>sunt,</span> <span class='ocrx_word' id='word_1_63' title='bbox 1242 721 1269 767; x_wconf 92' lang='lat' dir='ltr'>et</span> <span class='ocrx_word' id='word_1_64' title='bbox 1282 713 1406 768; x_wconf 89' lang='lat' dir='ltr'>callidam</span> <span class='ocrx_word' id='word_1_65' title='bbox 1435 714 1584 770; x_wconf 78' lang='lat' dir='ltr'>versutiam</span> <span class='ocrx_word' id='word_1_66' title='bbox 1607 723 1689 786; x_wconf 91' lang='lat' dir='ltr'>atque</span> <span class='ocrx_word' id='word_1_67' title='bbox 1711 717 1798 775; x_wconf 80' lang='lat' dir='ltr'>atne</span> 
     </span>
     <span class='ocr_line' id='line_1_6' title="bbox 186 800 1793 892; baseline -0.004 -26"><span class='ocrx_word' id='word_1_68' title='bbox 186 802 940 892; x_wconf 59' lang='lat' dir='ltr'>seqponepotenqsstmregmn,emenuncoportiini.</span> <span class='ocrx_word' id='word_1_69' title='bbox 991 800 1159 872; x_wconf 78' lang='lat' dir='ltr'>falsiloquam</span> <span class='ocrx_word' id='word_1_70' title='bbox 1172 802 1385 872; x_wconf 76' lang='lat' dir='ltr'>propositionem</span> <span class='ocrx_word' id='word_1_71' title='bbox 1398 802 1556 857; x_wconf 88' lang='lat' dir='ltr'>eorumdem</span> <span class='ocrx_word' id='word_1_72' title='bbox 1571 811 1722 859; x_wconf 76' lang='lat' dir='ltr'>nestrorum</span> <span class='ocrx_word' id='word_1_73' title='bbox 1741 820 1793 860; x_wconf 83' lang='lat' dir='ltr'>nn·</span> 
     </span>
     <span class='ocr_line' id='line_1_7' title="bbox 148 894 1793 980; baseline -0.01 -9"><span class='ocrx_word' id='word_1_74' title='bbox 148 902 941 980; x_wconf 82' lang='lat' dir='ltr'>tas,eccenecessitatisdiescogunt,ettenpusingrncntis</span> <span class='ocrx_word' id='word_1_75' title='bbox 991 903 1164 964; x_wconf 88' lang='lat' dir='ltr'>strortnnqne</span> <span class='ocrx_word' id='word_1_76' title='bbox 1174 894 1333 949; x_wconf 84' lang='lat' dir='ltr'>acrrruiornrn</span> <span class='ocrx_word' id='word_1_77' title='bbox 1342 905 1525 965; x_wconf 81' lang='lat' dir='ltr'>agnoverunt;</span> <span class='ocrx_word' id='word_1_78' title='bbox 1541 896 1634 967; x_wconf 89' lang='lat' dir='ltr'>cisque</span> <span class='ocrx_word' id='word_1_79' title='bbox 1647 898 1680 953; x_wconf 87' lang='lat' dir='ltr'>ad</span> <span class='ocrx_word' id='word_1_80' title='bbox 1692 914 1793 955; x_wconf 82' lang='lat' dir='ltr'>uosm-</span> 
     </span>
     <span class='ocr_line' id='line_1_8' title="bbox 148 984 1792 1074; baseline -0.009 -13"><span class='ocrx_word' id='word_1_81' title='bbox 148 1006 241 1062; x_wconf 89' lang='lat' dir='ltr'>meriti</span> <span class='ocrx_word' id='word_1_82' title='bbox 250 1005 344 1074; x_wconf 85' lang='lat' dir='ltr'>exigit,</span> <span class='ocrx_word' id='word_1_83' title='bbox 355 1010 491 1058; x_wconf 72' lang='lat' dir='ltr'>utsanctaa</span> <span class='ocrx_word' id='word_1_84' title='bbox 502 1001 548 1055; x_wconf 86' lang='lat' dir='ltr'>Dei</span> <span class='ocrx_word' id='word_1_85' title='bbox 564 999 703 1065; x_wconf 71' lang='lat' dir='ltr'>Ecclesia,</span> <span class='ocrx_word' id='word_1_86' title='bbox 719 1007 746 1052; x_wconf 93' lang='lat' dir='ltr'>ct</span> <span class='ocrx_word' id='word_1_87' title='bbox 759 996 940 1052; x_wconf 87' lang='lat' dir='ltr'>bulcarobis</span> <span class='ocrx_word' id='word_1_88' title='bbox 991 986 1179 1048; x_wconf 64' lang='lat' dir='ltr'>vellenlibus,</span> <span class='ocrx_word' id='word_1_89' title='bbox 1207 984 1261 1039; x_wconf 72' lang='lat'>⁰⁰³</span> <span class='ocrx_word' id='word_1_90' title='bbox 1289 987 1415 1056; x_wconf 89' lang='lat' dir='ltr'>propitio,</span> <span class='ocrx_word' id='word_1_91' title='bbox 1432 986 1531 1041; x_wconf 58' lang='lat' dir='ltr'>vestiis</span> <span class='ocrx_word' id='word_1_92' title='bbox 1552 987 1737 1059; x_wconf 88' lang='lat' dir='ltr'>propalabunt</span> <span class='ocrx_word' id='word_1_93' title='bbox 1763 991 1792 1044; x_wconf 85' lang='lat' dir='ltr'>itt</span> 
     </span>
     <span class='ocr_line' id='line_1_9' title="bbox 147 1076 1792 1168; baseline -0.009 -17"><span class='ocrx_word' id='word_1_94' title='bbox 147 1097 270 1157; x_wconf 78' lang='lat' dir='ltr'>liberata</span> <span class='ocrx_word' id='word_1_95' title='bbox 276 1097 421 1168; x_wconf 72' lang='lat' dir='ltr'>provinciae</span> <span class='ocrx_word' id='word_1_96' title='bbox 428 1093 506 1149; x_wconf 91' lang='lat' dir='ltr'>solite</span> <span class='ocrx_word' id='word_1_97' title='bbox 513 1091 656 1148; x_wconf 85' lang='lat' dir='ltr'>subvenire</span> <span class='ocrx_word' id='word_1_98' title='bbox 677 1101 759 1160; x_wconf 90' lang='lat' dir='ltr'>atquc</span> <span class='ocrx_word' id='word_1_99' title='bbox 781 1102 941 1144; x_wconf 82' lang='lat' dir='ltr'>simoni-rere</span> <span class='ocrx_word' id='word_1_100' title='bbox 992 1077 1112 1140; x_wconf 65' lang='lat' dir='ltr'>turibus.</span> <span class='ocrx_word' id='word_1_101' title='bbox 1128 1076 1167 1131; x_wconf 70' lang='lat'>058</span> <span class='ocrx_word' id='word_1_102' title='bbox 1182 1076 1299 1147; x_wconf 65' lang='lat' dir='ltr'>licitique</span> <span class='ocrx_word' id='word_1_103' title='bbox 1312 1078 1345 1132; x_wconf 72' lang='lat' dir='ltr'>de</span> <span class='ocrx_word' id='word_1_104' title='bbox 1360 1077 1483 1147; x_wconf 75' lang='lat' dir='ltr'>singulis,</span> <span class='ocrx_word' id='word_1_105' title='bbox 1496 1093 1557 1149; x_wconf 77' lang='lat' dir='ltr'>qua</span> <span class='ocrx_word' id='word_1_106' title='bbox 1572 1094 1587 1132; x_wconf 92' lang='lat' dir='ltr'>a</span> <span class='ocrx_word' id='word_1_107' title='bbox 1605 1078 1681 1135; x_wconf 89' lang='lat' dir='ltr'>rubis</span> <span class='ocrx_word' id='word_1_108' title='bbox 1700 1079 1792 1152; x_wconf 83' lang='lat' dir='ltr'>irrjnn·</span> 
     </span>
     <span class='ocr_line' id='line_1_10' title="bbox 148 1170 1792 1259; baseline -0.001 -32"><span class='ocrx_word' id='word_1_109' title='bbox 148 1189 309 1259; x_wconf 57' lang='lat' dir='ltr'>qpamociu,</span> <span class='ocrx_word' id='word_1_110' title='bbox 327 1185 518 1242; x_wconf 51' lang='lat' dir='ltr'>christianitas</span> <span class='ocrx_word' id='word_1_111' title='bbox 532 1192 623 1239; x_wconf 56' lang='lat' dir='ltr'>respa</span> <span class='ocrx_word' id='word_1_112' title='bbox 636 1192 743 1252; x_wconf 55' lang='lat' dir='ltr'>satagat</span> <span class='ocrx_word' id='word_1_113' title='bbox 755 1183 781 1234; x_wconf 70' lang='lat' dir='ltr'>t,</span> <span class='ocrx_word' id='word_1_114' title='bbox 799 1179 941 1254; x_wconf 41' lang='lat' dir='ltr'>240²*oe</span> <span class='ocrx_word' id='word_1_115' title='bbox 991 1178 1034 1224; x_wconf 89' lang='lat' dir='ltr'>cta</span> <span class='ocrx_word' id='word_1_116' title='bbox 1051 1170 1211 1232; x_wconf 87' lang='lat' dir='ltr'>babuerunt,</span> <span class='ocrx_word' id='word_1_117' title='bbox 1230 1170 1307 1224; x_wconf 91' lang='lat' dir='ltr'>nobis</span> <span class='ocrx_word' id='word_1_118' title='bbox 1320 1170 1508 1237; x_wconf 80' lang='lat' dir='ltr'>referentibus,</span> <span class='ocrx_word' id='word_1_119' title='bbox 1516 1171 1673 1244; x_wconf 84' lang='lat' dir='ltr'>singillatim</span> <span class='ocrx_word' id='word_1_120' title='bbox 1686 1172 1720 1228; x_wconf 90' lang='lat' dir='ltr'>de</span> <span class='ocrx_word' id='word_1_121' title='bbox 1731 1190 1792 1228; x_wconf 90' lang='lat' dir='ltr'>om-</span> 
     </span>
     <span class='ocr_line' id='line_1_11' title="bbox 147 1261 1792 1355; baseline -0.012 -17"><span class='ocrx_word' id='word_1_122' title='bbox 147 1284 258 1355; x_wconf 90' lang='lat' dir='ltr'>quippc,</span> <span class='ocrx_word' id='word_1_123' title='bbox 273 1290 335 1354; x_wconf 91' lang='lat' dir='ltr'>post</span> <span class='ocrx_word' id='word_1_124' title='bbox 349 1282 434 1336; x_wconf 59' lang='lat' dir='ltr'>Mirm</span> <span class='ocrx_word' id='word_1_125' title='bbox 449 1278 544 1346; x_wconf 80' lang='lat' dir='ltr'>etejus</span> <span class='ocrx_word' id='word_1_126' title='bbox 558 1285 680 1332; x_wconf 87' lang='lat' dir='ltr'>sanetum</span> <span class='ocrx_word' id='word_1_127' title='bbox 695 1273 840 1344; x_wconf 85' lang='lat' dir='ltr'>gloriosam</span> <span class='ocrx_word' id='word_1_128' title='bbox 853 1270 941 1326; x_wconf 73' lang='lat' dir='ltr'>Gerre.</span> <span class='ocrx_word' id='word_1_129' title='bbox 991 1261 1070 1316; x_wconf 91' lang='lat' dir='ltr'>nibus</span> <span class='ocrx_word' id='word_1_130' title='bbox 1090 1278 1249 1331; x_wconf 90' lang='lat' dir='ltr'>responsum</span> <span class='ocrx_word' id='word_1_131' title='bbox 1276 1262 1427 1327; x_wconf 74' lang='lat' dir='ltr'><strong>reddentes,</strong></span> <span class='ocrx_word' id='word_1_132' title='bbox 1444 1262 1472 1315; x_wconf 92' lang='lat' dir='ltr'>in</span> <span class='ocrx_word' id='word_1_133' title='bbox 1484 1277 1579 1318; x_wconf 88' lang='lat' dir='ltr'>eorum</span> <span class='ocrx_word' id='word_1_134' title='bbox 1593 1264 1792 1333; x_wconf 87' lang='lat' dir='ltr'>posuimnsore</span> 
     </span>
     <span class='ocr_line' id='line_1_12' title="bbox 148 1352 1791 1441; baseline -0.009 -16"><span class='ocrx_word' id='word_1_135' title='bbox 148 1376 255 1438; x_wconf 78' lang='lat' dir='ltr'>tricem,</span> <span class='ocrx_word' id='word_1_136' title='bbox 267 1381 348 1441; x_wconf 86' lang='lat' dir='ltr'>atque</span> <span class='ocrx_word' id='word_1_137' title='bbox 373 1369 573 1426; x_wconf 88' lang='lat' dir='ltr'>sacratissimos</span> <span class='ocrx_word' id='word_1_138' title='bbox 591 1367 676 1437; x_wconf 84' lang='lat' dir='ltr'>ipsius</span> <span class='ocrx_word' id='word_1_139' title='bbox 698 1364 847 1433; x_wconf 90' lang='lat' dir='ltr'>apostolos,</span> <span class='ocrx_word' id='word_1_140' title='bbox 873 1362 941 1417; x_wconf 85' lang='lat' dir='ltr'>tun·</span> <span class='ocrx_word' id='word_1_141' title='bbox 992 1370 1051 1425; x_wconf 71' lang='lat' dir='ltr'>quac</span> <span class='ocrx_word' id='word_1_142' title='bbox 1064 1363 1160 1408; x_wconf 68' lang='lat' dir='ltr'>restrae</span> <span class='ocrx_word' id='word_1_143' title='bbox 1171 1353 1335 1408; x_wconf 73' lang='lat' dir='ltr'>excellentiae</span> <span class='ocrx_word' id='word_1_144' title='bbox 1349 1366 1494 1423; x_wconf 79' lang='lat' dir='ltr'>suggerere</span> <span class='ocrx_word' id='word_1_145' title='bbox 1517 1353 1642 1419; x_wconf 88' lang='lat' dir='ltr'>debeant,</span> <span class='ocrx_word' id='word_1_146' title='bbox 1660 1352 1791 1410; x_wconf 76' lang='lat' dir='ltr'>ellectum</span> 
     </span>
     <span class='ocr_line' id='line_1_13' title="bbox 147 1443 1705 1529; baseline -0.017 -8"><span class='ocrx_word' id='word_1_147' title='bbox 147 1466 219 1522; x_wconf 87' lang='lat' dir='ltr'>ciam</span> <span class='ocrx_word' id='word_1_148' title='bbox 234 1470 355 1518; x_wconf 88' lang='lat' dir='ltr'>nostram</span> <span class='ocrx_word' id='word_1_149' title='bbox 376 1461 440 1529; x_wconf 84' lang='lat' dir='ltr'>alibi</span> <span class='ocrx_word' id='word_1_150' title='bbox 463 1475 516 1514; x_wconf 89' lang='lat' dir='ltr'>non</span> <span class='ocrx_word' id='word_1_151' title='bbox 541 1460 681 1521; x_wconf 88' lang='lat' dir='ltr'>babemus,</span> <span class='ocrx_word' id='word_1_152' title='bbox 696 1456 748 1510; x_wconf 90' lang='lat' dir='ltr'>nisi</span> <span class='ocrx_word' id='word_1_153' title='bbox 773 1455 801 1508; x_wconf 96' lang='lat' dir='ltr'>in</span> <span class='ocrx_word' id='word_1_154' title='bbox 823 1462 941 1509; x_wconf 82' lang='lat' dir='ltr'>rostram</span> <span class='ocrx_word' id='word_1_155' title='bbox 991 1462 1025 1501; x_wconf 82' lang='lat' dir='ltr'>ex</span> <span class='ocrx_word' id='word_1_156' title='bbox 1050 1446 1103 1500; x_wconf 90' lang='lat' dir='ltr'>hoc</span> <span class='ocrx_word' id='word_1_157' title='bbox 1120 1452 1240 1498; x_wconf 81' lang='lat' dir='ltr'>avesna</span> <span class='ocrx_word' id='word_1_158' title='bbox 1258 1444 1371 1514; x_wconf 89' lang='lat' dir='ltr'>adipisci</span> <span class='ocrx_word' id='word_1_159' title='bbox 1396 1452 1522 1514; x_wconf 87' lang='lat' dir='ltr'>optantes</span> <span class='ocrx_word' id='word_1_160' title='bbox 1532 1443 1705 1500; x_wconf 82' lang='lat' dir='ltr'>excellentia.</span> 
     </span>
     <span class='ocr_line' id='line_1_14' title="bbox 148 1535 1793 1626; baseline -0.013 -16"><span class='ocrx_word' id='word_1_161' title='bbox 148 1555 306 1626; x_wconf 66' lang='lat' dir='ltr'>praeclaram</span> <span class='ocrx_word' id='word_1_162' title='bbox 327 1551 516 1607; x_wconf 81' lang='lat' dir='ltr'>excellentiam</span> <span class='ocrx_word' id='word_1_163' title='bbox 530 1566 536 1602; x_wconf 92' lang='lat'><strong>:</strong></span> <span class='ocrx_word' id='word_1_164' title='bbox 552 1558 579 1603; x_wconf 93' lang='lat' dir='ltr'>tu</span> <span class='ocrx_word' id='word_1_165' title='bbox 593 1549 736 1617; x_wconf 86' lang='lat' dir='ltr'>coinrpost</span> <span class='ocrx_word' id='word_1_166' title='bbox 754 1546 838 1600; x_wconf 80' lang='lat' dir='ltr'>licum</span> <span class='ocrx_word' id='word_1_167' title='bbox 863 1546 942 1600; x_wconf 83' lang='lat' dir='ltr'>nobis</span> <span class='ocrx_word' id='word_1_168' title='bbox 1027 1537 1098 1592; x_wconf 75' lang='lat' dir='ltr'>Deus</span> <span class='ocrx_word' id='word_1_169' title='bbox 1110 1545 1201 1591; x_wconf 78' lang='lat' dir='ltr'>tutem</span> <span class='ocrx_word' id='word_1_170' title='bbox 1225 1537 1397 1607; x_wconf 83' lang='lat' dir='ltr'>otttttipotens</span> <span class='ocrx_word' id='word_1_171' title='bbox 1410 1537 1442 1591; x_wconf 88' lang='lat' dir='ltr'>tle</span> <span class='ocrx_word' id='word_1_172' title='bbox 1454 1537 1619 1593; x_wconf 74' lang='lat' dir='ltr'>thronorum</span> <span class='ocrx_word' id='word_1_173' title='bbox 1638 1535 1793 1604; x_wconf 81' lang='lat' dir='ltr'>majestatis</span> 
     </span>
     <span class='ocr_line' id='line_1_15' title="bbox 148 1626 1793 1714; baseline -0.013 -14"><span class='ocrx_word' id='word_1_174' title='bbox 148 1645 292 1714; x_wconf 82' lang='lat' dir='ltr'>retugium.</span> <span class='ocrx_word' id='word_1_175' title='bbox 306 1641 537 1698; x_wconf 78' lang='lat' dir='ltr'>christianissime</span> <span class='ocrx_word' id='word_1_176' title='bbox 553 1655 610 1706; x_wconf 81' lang='lat' dir='ltr'>rer,</span> <span class='ocrx_word' id='word_1_177' title='bbox 630 1649 658 1693; x_wconf 91' lang='lat' dir='ltr'>tn</span> <span class='ocrx_word' id='word_1_178' title='bbox 677 1654 740 1694; x_wconf 88' lang='lat' dir='ltr'>cum</span> <span class='ocrx_word' id='word_1_179' title='bbox 762 1637 810 1692; x_wconf 86' lang='lat' dir='ltr'>Dei</span> <span class='ocrx_word' id='word_1_180' title='bbox 830 1637 941 1692; x_wconf 87' lang='lat' dir='ltr'>brachio</span> <span class='ocrx_word' id='word_1_181' title='bbox 992 1642 1132 1700; x_wconf 68' lang='lat' dir='ltr'>supervos</span> <span class='ocrx_word' id='word_1_182' title='bbox 1149 1642 1315 1697; x_wconf 75' lang='lat' dir='ltr'>regnumque</span> <span class='ocrx_word' id='word_1_183' title='bbox 1327 1632 1457 1691; x_wconf 81' lang='lat' dir='ltr'>testrtnn,</span> <span class='ocrx_word' id='word_1_184' title='bbox 1475 1634 1556 1696; x_wconf 88' lang='lat' dir='ltr'>atque</span> <span class='ocrx_word' id='word_1_185' title='bbox 1576 1626 1793 1682; x_wconf 77' lang='lat' dir='ltr'>amantissimam</span> 
     </span>
     <span class='ocr_line' id='line_1_16' title="bbox 148 1718 1793 1803; baseline -0.01 -13"><span class='ocrx_word' id='word_1_186' title='bbox 148 1735 226 1790; x_wconf 79' lang='lat' dir='ltr'>lirina</span> <span class='ocrx_word' id='word_1_187' title='bbox 238 1734 334 1794; x_wconf 82' lang='lat' dir='ltr'>cristis</span> <span class='ocrx_word' id='word_1_188' title='bbox 344 1733 497 1803; x_wconf 75' lang='lat' dir='ltr'>opitulatio,</span> <span class='ocrx_word' id='word_1_189' title='bbox 513 1731 660 1786; x_wconf 87' lang='lat' dir='ltr'>etrestria</span> <span class='ocrx_word' id='word_1_190' title='bbox 677 1729 732 1783; x_wconf 84' lang='lat' dir='ltr'>beo</span> <span class='ocrx_word' id='word_1_191' title='bbox 745 1726 889 1782; x_wconf 81' lang='lat' dir='ltr'>confortati</span> <span class='ocrx_word' id='word_1_192' title='bbox 900 1742 941 1780; x_wconf 86' lang='lat' dir='ltr'>re·</span> <span class='ocrx_word' id='word_1_193' title='bbox 994 1719 1146 1790; x_wconf 78' lang='lat' dir='ltr'>conjugem,</span> <span class='ocrx_word' id='word_1_194' title='bbox 1158 1718 1314 1791; x_wconf 68' lang='lat' dir='ltr'>praecelsam</span> <span class='ocrx_word' id='word_1_195' title='bbox 1332 1719 1462 1790; x_wconf 75' lang='lat' dir='ltr'>anginam,</span> <span class='ocrx_word' id='word_1_196' title='bbox 1479 1718 1630 1790; x_wconf 81' lang='lat' dir='ltr'>spiritaiem</span> <span class='ocrx_word' id='word_1_197' title='bbox 1640 1730 1706 1774; x_wconf 84' lang='lat' dir='ltr'>rere</span> <span class='ocrx_word' id='word_1_198' title='bbox 1719 1734 1793 1775; x_wconf 91' lang='lat' dir='ltr'>com-</span> 
     </span>
     <span class='ocr_line' id='line_1_17' title="bbox 147 1793 1792 1897; baseline -0.012 -15"><span class='ocrx_word' id='word_1_199' title='bbox 147 1828 193 1897; x_wconf 87' lang='lat' dir='ltr'>gni</span> <span class='ocrx_word' id='word_1_200' title='bbox 208 1827 351 1890; x_wconf 86' lang='lat' dir='ltr'>securitas,</span> <span class='ocrx_word' id='word_1_201' title='bbox 372 1834 464 1879; x_wconf 91' lang='lat' dir='ltr'>nostra</span> <span class='ocrx_word' id='word_1_202' title='bbox 479 1832 521 1879; x_wconf 89' lang='lat' dir='ltr'>est</span> <span class='ocrx_word' id='word_1_203' title='bbox 536 1825 668 1878; x_wconf 83' lang='lat' dir='ltr'>inmrensa</span> <span class='ocrx_word' id='word_1_204' title='bbox 686 1822 794 1887; x_wconf 83' lang='lat' dir='ltr'>letitia;</span> <span class='ocrx_word' id='word_1_205' title='bbox 810 1836 864 1890; x_wconf 89' lang='lat' dir='ltr'>quo</span> <span class='ocrx_word' id='word_1_206' title='bbox 886 1829 941 1874; x_wconf 86' lang='lat' dir='ltr'>tarn</span> <span class='ocrx_word' id='word_1_207' title='bbox 960 1793 1109 1868; x_wconf 61' lang='lat' dir='ltr'>“tratrem</span> <span class='ocrx_word' id='word_1_208' title='bbox 1121 1821 1252 1876; x_wconf 89' lang='lat' dir='ltr'>nostram,</span> <span class='ocrx_word' id='word_1_209' title='bbox 1275 1822 1356 1881; x_wconf 91' lang='lat' dir='ltr'>atquc</span> <span class='ocrx_word' id='word_1_210' title='bbox 1374 1811 1545 1867; x_wconf 86' lang='lat' dir='ltr'>dulcissimos</span> <span class='ocrx_word' id='word_1_211' title='bbox 1561 1819 1668 1865; x_wconf 77' lang='lat' dir='ltr'>vestros</span> <span class='ocrx_word' id='word_1_212' title='bbox 1682 1809 1792 1880; x_wconf 77' lang='lat' dir='ltr'>quitiam</span> 
     </span>
     <span class='ocr_line' id='line_1_18' title="bbox 147 1901 1793 1988; baseline -0.011 -14"><span class='ocrx_word' id='word_1_213' title='bbox 147 1932 345 1988; x_wconf 84' lang='lat' dir='ltr'>nusquamque</span> <span class='ocrx_word' id='word_1_214' title='bbox 357 1916 500 1973; x_wconf 89' lang='lat' dir='ltr'>universus</span> <span class='ocrx_word' id='word_1_215' title='bbox 511 1923 604 1971; x_wconf 88' lang='lat' dir='ltr'>noster</span> <span class='ocrx_word' id='word_1_216' title='bbox 616 1913 733 1985; x_wconf 81' lang='lat' dir='ltr'>populus</span> <span class='ocrx_word' id='word_1_217' title='bbox 743 1913 822 1968; x_wconf 80' lang='lat' dir='ltr'>istius</span> <span class='ocrx_word' id='word_1_218' title='bbox 834 1912 942 1982; x_wconf 79' lang='lat' dir='ltr'>prorin-</span> <span class='ocrx_word' id='word_1_219' title='bbox 994 1903 1116 1961; x_wconf 87' lang='lat' dir='ltr'>earnales</span> <span class='ocrx_word' id='word_1_220' title='bbox 1131 1913 1219 1969; x_wconf 91' lang='lat' dir='ltr'>natos,</span> <span class='ocrx_word' id='word_1_221' title='bbox 1240 1911 1347 1959; x_wconf 91' lang='lat' dir='ltr'>nostros</span> <span class='ocrx_word' id='word_1_222' title='bbox 1366 1912 1456 1957; x_wconf 90' lang='lat' dir='ltr'>autern</span> <span class='ocrx_word' id='word_1_223' title='bbox 1477 1902 1614 1973; x_wconf 85' lang='lat' dir='ltr'>spiritales</span> <span class='ocrx_word' id='word_1_224' title='bbox 1636 1901 1716 1967; x_wconf 90' lang='lat' dir='ltr'>lilios,</span> <span class='ocrx_word' id='word_1_225' title='bbox 1742 1916 1793 1956; x_wconf 86' lang='lat' dir='ltr'>nec</span> 
     </span>
     <span class='ocr_line' id='line_1_19' title="bbox 147 1991 1793 2081; baseline -0.01 -16"><span class='ocrx_word' id='word_1_226' title='bbox 147 2011 198 2066; x_wconf 79' lang='lat' dir='ltr'>eiae</span> <span class='ocrx_word' id='word_1_227' title='bbox 218 2010 321 2081; x_wconf 84' lang='lat' dir='ltr'>(divina</span> <span class='ocrx_word' id='word_1_228' title='bbox 343 2024 392 2063; x_wconf 84' lang='lat' dir='ltr'>vos</span> <span class='ocrx_word' id='word_1_229' title='bbox 415 2006 569 2063; x_wconf 82' lang='lat' dir='ltr'>satisfaciat</span> <span class='ocrx_word' id='word_1_230' title='bbox 593 2006 732 2076; x_wconf 77' lang='lat' dir='ltr'>llajestasl</span> <span class='ocrx_word' id='word_1_231' title='bbox 764 2005 834 2060; x_wconf 76' lang='lat' dir='ltr'>drmi</span> <span class='ocrx_word' id='word_1_232' title='bbox 859 2013 942 2074; x_wconf 77' lang='lat' dir='ltr'>atque</span> <span class='ocrx_word' id='word_1_233' title='bbox 994 1991 1502 2064; x_wconf 83' lang='lat' dir='ltr'>nonetsnperunirersutnFraneorum</span> <span class='ocrx_word' id='word_1_234' title='bbox 1510 1992 1793 2064; x_wconf 74' lang='lat' dir='ltr'>populum,respi&#39;cerc</span> 
     </span>
     <span class='ocr_line' id='line_1_20' title="bbox 148 2085 1793 2163; baseline -0.01 -8"><span class='ocrx_word' id='word_1_235' title='bbox 148 2100 302 2156; x_wconf 82' lang='lat' dir='ltr'>immobiles</span> <span class='ocrx_word' id='word_1_236' title='bbox 318 2101 346 2154; x_wconf 89' lang='lat' dir='ltr'>in</span> <span class='ocrx_word' id='word_1_237' title='bbox 361 2108 451 2155; x_wconf 86' lang='lat' dir='ltr'>restra</span> <span class='ocrx_word' id='word_1_238' title='bbox 470 2098 605 2152; x_wconf 77' lang='lat' dir='ltr'>charitate</span> <span class='ocrx_word' id='word_1_239' title='bbox 619 2112 651 2151; x_wconf 89' lang='lat' dir='ltr'>ac</span> <span class='ocrx_word' id='word_1_240' title='bbox 663 2095 808 2151; x_wconf 83' lang='lat' dir='ltr'>dilectione</span> <span class='ocrx_word' id='word_1_241' title='bbox 826 2105 853 2149; x_wconf 90' lang='lat' dir='ltr'>ct</span> <span class='ocrx_word' id='word_1_242' title='bbox 865 2093 941 2163; x_wconf 73' lang='lat' dir='ltr'>regni</span> <span class='ocrx_word' id='word_1_243' title='bbox 993 2087 1130 2156; x_wconf 79' lang='lat' dir='ltr'>dignetur,</span> <span class='ocrx_word' id='word_1_244' title='bbox 1144 2094 1171 2140; x_wconf 91' lang='lat' dir='ltr'>et</span> <span class='ocrx_word' id='word_1_245' title='bbox 1189 2087 1230 2141; x_wconf 90' lang='lat' dir='ltr'>sui</span> <span class='ocrx_word' id='word_1_246' title='bbox 1241 2085 1345 2141; x_wconf 87' lang='lat' dir='ltr'>brachii</span> <span class='ocrx_word' id='word_1_247' title='bbox 1356 2085 1495 2140; x_wconf 82' lang='lat' dir='ltr'>dexteram</span> <span class='ocrx_word' id='word_1_248' title='bbox 1506 2097 1586 2154; x_wconf 90' lang='lat' dir='ltr'>super</span> <span class='ocrx_word' id='word_1_249' title='bbox 1600 2099 1649 2138; x_wconf 84' lang='lat' dir='ltr'>ros</span> <span class='ocrx_word' id='word_1_250' title='bbox 1661 2085 1793 2139; x_wconf 78' lang='lat' dir='ltr'>extendat</span> 
     </span>
     <span class='ocr_line' id='line_1_21' title="bbox 147 2175 1794 2260; baseline -0.009 -16"><span class='ocrx_word' id='word_1_251' title='bbox 147 2192 231 2246; x_wconf 82' lang='lat' dir='ltr'>rastri</span> <span class='ocrx_word' id='word_1_252' title='bbox 243 2191 321 2246; x_wconf 81' lang='lat' dir='ltr'>abeo</span> <span class='ocrx_word' id='word_1_253' title='bbox 335 2188 453 2260; x_wconf 90' lang='lat' dir='ltr'>protecti</span> <span class='ocrx_word' id='word_1_254' title='bbox 470 2187 649 2252; x_wconf 80' lang='lat' dir='ltr'>Francorum,</span> <span class='ocrx_word' id='word_1_255' title='bbox 678 2187 780 2241; x_wconf 90' lang='lat' dir='ltr'>amoris</span> <span class='ocrx_word' id='word_1_256' title='bbox 789 2185 941 2241; x_wconf 87' lang='lat' dir='ltr'>constantia</span> <span class='ocrx_word' id='word_1_257' title='bbox 994 2188 1075 2247; x_wconf 88' lang='lat' dir='ltr'>atquc</span> <span class='ocrx_word' id='word_1_258' title='bbox 1093 2178 1220 2233; x_wconf 84' lang='lat' dir='ltr'>victorias</span> <span class='ocrx_word' id='word_1_259' title='bbox 1241 2177 1316 2233; x_wconf 81' lang='lat' dir='ltr'>tobis</span> <span class='ocrx_word' id='word_1_260' title='bbox 1333 2177 1366 2233; x_wconf 88' lang='lat' dir='ltr'>dc</span> <span class='ocrx_word' id='word_1_261' title='bbox 1388 2175 1459 2232; x_wconf 85' lang='lat' dir='ltr'>coelo</span> <span class='ocrx_word' id='word_1_262' title='bbox 1478 2176 1620 2239; x_wconf 76' lang='lat' dir='ltr'>concedat,</span> <span class='ocrx_word' id='word_1_263' title='bbox 1640 2186 1794 2243; x_wconf 81' lang='lat' dir='ltr'>ornnesque</span> 
     </span>
     <span class='ocr_line' id='line_1_22' title="bbox 146 2268 1788 2353; baseline -0.01 -16"><span class='ocrx_word' id='word_1_264' title='bbox 146 2289 337 2353; x_wconf 85' lang='lat' dir='ltr'>permanentes</span> <span class='ocrx_word' id='word_1_265' title='bbox 362 2280 591 2350; x_wconf 83' lang='lat' dir='ltr'>permanebimus,</span> <span class='ocrx_word' id='word_1_266' title='bbox 616 2286 644 2333; x_wconf 89' lang='lat' dir='ltr'>et</span> <span class='ocrx_word' id='word_1_267' title='bbox 660 2278 752 2332; x_wconf 84' lang='lat' dir='ltr'>nullus</span> <span class='ocrx_word' id='word_1_268' title='bbox 768 2293 820 2332; x_wconf 85' lang='lat' dir='ltr'>nos</span> <span class='ocrx_word' id='word_1_269' title='bbox 842 2276 947 2347; x_wconf 84' lang='lat' dir='ltr'>poterit</span> <span class='ocrx_word' id='word_1_270' title='bbox 994 2268 1475 2325; x_wconf 81' lang='lat' dir='ltr'>adversariosantelacienirestrum</span> <span class='ocrx_word' id='word_1_271' title='bbox 1487 2274 1652 2338; x_wconf 80' lang='lat' dir='ltr'>prosternat,</span> <span class='ocrx_word' id='word_1_272' title='bbox 1674 2274 1702 2321; x_wconf 89' lang='lat' dir='ltr'>et</span> <span class='ocrx_word' id='word_1_273' title='bbox 1716 2279 1788 2337; x_wconf 75' lang='lat' dir='ltr'>pre-</span> 
     </span>
     <span class='ocr_line' id='line_1_23' title="bbox 149 2354 1790 2430; baseline -0.012 -1"><span class='ocrx_word' id='word_1_274' title='bbox 149 2374 285 2429; x_wconf 86' lang='lat' dir='ltr'>linmanus</span> <span class='ocrx_word' id='word_1_275' title='bbox 302 2372 380 2427; x_wconf 84' lang='lat' dir='ltr'>saror</span> <span class='ocrx_word' id='word_1_276' title='bbox 397 2381 444 2427; x_wconf 89' lang='lat' dir='ltr'>ant</span> <span class='ocrx_word' id='word_1_277' title='bbox 467 2379 556 2425; x_wconf 87' lang='lat' dir='ltr'>terror</span> <span class='ocrx_word' id='word_1_278' title='bbox 579 2386 594 2424; x_wconf 83' lang='lat' dir='ltr'>a</span> <span class='ocrx_word' id='word_1_279' title='bbox 619 2370 703 2424; x_wconf 78' lang='lat' dir='ltr'>vestri</span> <span class='ocrx_word' id='word_1_280' title='bbox 726 2369 831 2424; x_wconf 89' lang='lat' dir='ltr'>amoris</span> <span class='ocrx_word' id='word_1_281' title='bbox 851 2368 943 2423; x_wconf 77' lang='lat' dir='ltr'>dulce</span> <span class='ocrx_word' id='word_1_282' title='bbox 994 2370 1098 2417; x_wconf 88' lang='lat' dir='ltr'>sentem</span> <span class='ocrx_word' id='word_1_283' title='bbox 1115 2362 1199 2416; x_wconf 84' lang='lat' dir='ltr'>ritam</span> <span class='ocrx_word' id='word_1_284' title='bbox 1214 2361 1294 2430; x_wconf 91' lang='lat' dir='ltr'>longo</span> <span class='ocrx_word' id='word_1_285' title='bbox 1306 2360 1392 2423; x_wconf 85' lang='lat' dir='ltr'>senio,</span> <span class='ocrx_word' id='word_1_286' title='bbox 1406 2369 1433 2414; x_wconf 90' lang='lat' dir='ltr'>et</span> <span class='ocrx_word' id='word_1_287' title='bbox 1457 2358 1580 2414; x_wconf 83' lang='lat' dir='ltr'>suturam</span> <span class='ocrx_word' id='word_1_288' title='bbox 1593 2354 1790 2415; x_wconf 79' lang='lat' dir='ltr'>beatitudinem</span> 
     </span>
     <span class='ocr_line' id='line_1_24' title="bbox 147 2451 1791 2531; baseline -0.009 -11"><span class='ocrx_word' id='word_1_289' title='bbox 147 2464 220 2529; x_wconf 89' lang='lat' dir='ltr'>dine,</span> <span class='ocrx_word' id='word_1_290' title='bbox 252 2463 446 2531; x_wconf 82' lang='lat' dir='ltr'>charitatisque</span> <span class='ocrx_word' id='word_1_291' title='bbox 470 2460 569 2516; x_wconf 87' lang='lat' dir='ltr'>allecto</span> <span class='ocrx_word' id='word_1_292' title='bbox 577 2476 703 2531; x_wconf 87' lang='lat' dir='ltr'>separare</span> <span class='ocrx_word' id='word_1_293' title='bbox 717 2479 723 2514; x_wconf 90' lang='lat'>:</span> <span class='ocrx_word' id='word_1_294' title='bbox 738 2461 786 2517; x_wconf 86' lang='lat' dir='ltr'>sed</span> <span class='ocrx_word' id='word_1_295' title='bbox 810 2475 867 2514; x_wconf 89' lang='lat' dir='ltr'>una</span> <span class='ocrx_word' id='word_1_296' title='bbox 893 2475 942 2514; x_wconf 82' lang='lat' dir='ltr'>no·</span> <span class='ocrx_word' id='word_1_297' title='bbox 994 2456 1071 2512; x_wconf 78' lang='lat' dir='ltr'>rolris</span> <span class='ocrx_word' id='word_1_298' title='bbox 1102 2456 1204 2510; x_wconf 88' lang='lat' dir='ltr'>tribuat</span> <span class='ocrx_word' id='word_1_299' title='bbox 1234 2454 1393 2524; x_wconf 84' lang='lat' dir='ltr'>perenniter</span> <span class='ocrx_word' id='word_1_300' title='bbox 1423 2453 1624 2524; x_wconf 85' lang='lat' dir='ltr'>possidendam.</span> <span class='ocrx_word' id='word_1_301' title='bbox 1657 2451 1732 2507; x_wconf 77' lang='lat' dir='ltr'>Deus</span> <span class='ocrx_word' id='word_1_302' title='bbox 1763 2458 1791 2506; x_wconf 90' lang='lat' dir='ltr'>te</span> 
     </span>
     <span class='ocr_line' id='line_1_25' title="bbox 147 2542 1659 2612; baseline -0.01 0"><span class='ocrx_word' id='word_1_303' title='bbox 147 2556 292 2612; x_wconf 88' lang='lat' dir='ltr'>biseritin</span> <span class='ocrx_word' id='word_1_304' title='bbox 306 2555 567 2612; x_wconf 77' lang='lat' dir='ltr'>restromtorerita</span> <span class='ocrx_word' id='word_1_305' title='bbox 579 2569 611 2607; x_wconf 87' lang='lat' dir='ltr'>ac</span> <span class='ocrx_word' id='word_1_306' title='bbox 626 2569 715 2608; x_wconf 52' lang='lat' dir='ltr'>mors,</span> <span class='ocrx_word' id='word_1_307' title='bbox 994 2548 1158 2604; x_wconf 80' lang='lat' dir='ltr'>iamlumem</span> <span class='ocrx_word' id='word_1_308' title='bbox 1186 2545 1332 2609; x_wconf 86' lang='lat' dir='ltr'>custodiat,</span> <span class='ocrx_word' id='word_1_309' title='bbox 1358 2544 1585 2600; x_wconf 79' lang='lat' dir='ltr'>excellentissime</span> <span class='ocrx_word' id='word_1_310' title='bbox 1610 2542 1659 2598; x_wconf 86' lang='lat' dir='ltr'>ull.</span> 
     </span>
    </p>
   </div>
   <div class='ocr_carea' id='block_1_3' title="bbox 185 2644 943 2716">
    <p class='ocr_par' dir='ltr' id='par_1_3' title="bbox 185 2644 943 2716">
     <span class='ocr_line' id='line_1_26' title="bbox 185 2644 943 2716; baseline -0.005 -13"><span class='ocrx_word' id='word_1_311' title='bbox 185 2647 254 2715; x_wconf 68' lang='lat' dir='ltr'>daia</span> <span class='ocrx_word' id='word_1_312' title='bbox 272 2663 337 2705; x_wconf 86' lang='lat' dir='ltr'>rero</span> <span class='ocrx_word' id='word_1_313' title='bbox 361 2646 517 2705; x_wconf 79' lang='lat' dir='ltr'>nnonnsns</span> <span class='ocrx_word' id='word_1_314' title='bbox 538 2649 574 2703; x_wconf 82' lang='lat' dir='ltr'>ob</span> <span class='ocrx_word' id='word_1_315' title='bbox 588 2648 640 2702; x_wconf 82' lang='lat' dir='ltr'>lane</span> <span class='ocrx_word' id='word_1_316' title='bbox 653 2662 700 2701; x_wconf 82' lang='lat' dir='ltr'>tos</span> <span class='ocrx_word' id='word_1_317' title='bbox 711 2652 858 2716; x_wconf 74' lang='lat' dir='ltr'>praeeunt</span> <span class='ocrx_word' id='word_1_318' title='bbox 872 2644 943 2700; x_wconf 88' lang='lat' dir='ltr'>dire-</span> 
     </span>
    </p>
   </div>
   <div class='ocr_carea' id='block_1_4' title="bbox 1737 305 1876 383">
    <p class='ocr_par' dir='ltr' id='par_1_4' title="bbox 1737 305 1876 383">
     <span class='ocr_line' id='line_1_27' title="bbox 1737 305 1876 383; baseline 0 0"><span class='ocrx_word' id='word_1_319' title='bbox 1737 305 1876 383; x_wconf 74' lang='lat' dir='ltr'>sss&#39;</span> 
     </span>
    </p>
   </div>
   <div class='ocr_carea' id='block_1_5' title="bbox 147 2779 944 2995">
    <p class='ocr_par' dir='ltr' id='par_1_5' title="bbox 147 2779 944 2995">
     <span class='ocr_line' id='line_1_28' title="bbox 171 2779 944 2855; baseline -0.003 -17"><span class='ocrx_word' id='word_1_320' title='bbox 171 2779 495 2840; x_wconf 64' lang='lat' dir='ltr'>ntumlcatisstnanttc</span> <span class='ocrx_word' id='word_1_321' title='bbox 503 2784 661 2855; x_wconf 80' lang='lat' dir='ltr'>patriciatus</span> <span class='ocrx_word' id='word_1_322' title='bbox 669 2782 850 2838; x_wconf 75' lang='lat' dir='ltr'>delirationem</span> <span class='ocrx_word' id='word_1_323' title='bbox 862 2783 944 2837; x_wconf 87' lang='lat' dir='ltr'>itabe-</span> 
     </span>
     <span class='ocr_line' id='line_1_29' title="bbox 147 2853 942 2924; baseline 0 -17"><span class='ocrx_word' id='word_1_324' title='bbox 147 2867 219 2916; x_wconf 84' lang='lat' dir='ltr'>rnus,</span> <span class='ocrx_word' id='word_1_325' title='bbox 241 2866 321 2922; x_wconf 85' lang='lat' dir='ltr'>qrrem</span> <span class='ocrx_word' id='word_1_326' title='bbox 331 2854 577 2924; x_wconf 77' lang='lat' dir='ltr'>sctlioctimperiali</span> <span class='ocrx_word' id='word_1_327' title='bbox 592 2855 673 2909; x_wconf 83' lang='lat' dir='ltr'>enam</span> <span class='ocrx_word' id='word_1_328' title='bbox 687 2868 791 2909; x_wconf 82' lang='lat' dir='ltr'>corona</span> <span class='ocrx_word' id='word_1_329' title='bbox 804 2853 942 2922; x_wconf 81' lang='lat' dir='ltr'>conspicui</span> 
     </span>
     <span class='ocr_line' id='line_1_30' title="bbox 150 2924 943 2995; baseline 0 -17"><span class='ocrx_word' id='word_1_330' title='bbox 150 2938 323 2980; x_wconf 70' lang='lat' dir='ltr'>soccessores</span> <span class='ocrx_word' id='word_1_331' title='bbox 336 2924 441 2993; x_wconf 89' lang='lat' dir='ltr'>Pippiui</span> <span class='ocrx_word' id='word_1_332' title='bbox 472 2925 657 2995; x_wconf 71' lang='lat' dir='ltr'>suscipiebant</span> <span class='ocrx_word' id='word_1_333' title='bbox 672 2925 732 2993; x_wconf 88' lang='lat' dir='ltr'>ipso</span> <span class='ocrx_word' id='word_1_334' title='bbox 749 2925 776 2978; x_wconf 86' lang='lat' dir='ltr'>in</span> <span class='ocrx_word' id='word_1_335' title='bbox 787 2933 849 2977; x_wconf 89' lang='lat' dir='ltr'>actu</span> <span class='ocrx_word' id='word_1_336' title='bbox 863 2937 943 2978; x_wconf 89' lang='lat' dir='ltr'>coro-</span> 
     </span>
    </p>
   </div>
   <div class='ocr_carea' id='block_1_6' title="bbox 994 2781 1800 2995">
    <p class='ocr_par' dir='ltr' id='par_1_6' title="bbox 994 2781 1800 2995">
     <span class='ocr_line' id='line_1_31' title="bbox 994 2781 1799 2911; baseline -0.005 -71"><span class='ocrx_word' id='word_1_337' title='bbox 994 2797 1065 2842; x_wconf 75' lang='lat' dir='ltr'>nort</span> <span class='ocrx_word' id='word_1_338' title='bbox 1076 2787 1133 2857; x_wconf 81' lang='lat' dir='ltr'>ejns</span> <span class='ocrx_word' id='word_1_339' title='bbox 1139 2788 1238 2911; x_wconf 50' lang='lat' dir='ltr'>{arno</span> <span class='ocrx_word' id='word_1_340' title='bbox 1250 2786 1444 2855; x_wconf 85' lang='lat' dir='ltr'>protectionem</span> <span class='ocrx_word' id='word_1_341' title='bbox 1457 2799 1490 2840; x_wconf 91' lang='lat' dir='ltr'>ac</span> <span class='ocrx_word' id='word_1_342' title='bbox 1500 2781 1799 2853; x_wconf 70' lang='lat' dir='ltr'>delcnnonetnpollicb</span> 
     </span>
     <span class='ocr_line' id='line_1_32' title="bbox 995 2866 1800 2995; baseline -0.005 -13"><span class='ocrx_word' id='word_1_343' title='bbox 995 2866 1265 2982; x_wconf 47' lang='grc' dir='ltr'>ωδδοὲῗιῇἱηξᾛέι</span> <span class='ocrx_word' id='word_1_344' title='bbox 1280 2936 1342 2979; x_wconf 82' lang='lat' dir='ltr'>mot</span> <span class='ocrx_word' id='word_1_345' title='bbox 1358 2925 1533 2995; x_wconf 91' lang='lat' dir='ltr'>sequentibus</span> <span class='ocrx_word' id='word_1_346' title='bbox 1549 2930 1632 2994; x_wconf 91' lang='lat' dir='ltr'>patet,</span> <span class='ocrx_word' id='word_1_347' title='bbox 1662 2915 1800 2992; x_wconf 75' lang='lat' dir='ltr'>praesenti&#39;</span> 
     </span>
    </p>
   </div>
   <div class='ocr_carea' id='block_1_7' title="bbox 147 2992 1800 3625">
    <p class='ocr_par' dir='ltr' id='par_1_7' title="bbox 147 2992 1800 3625">
     <span class='ocr_line' id='line_1_33' title="bbox 151 2992 1796 3073; baseline 0.001 -28"><span class='ocrx_word' id='word_1_348' title='bbox 151 2994 279 3047; x_wconf 78' lang='lat' dir='ltr'>trationis.</span> <span class='ocrx_word' id='word_1_349' title='bbox 298 2992 326 3047; x_wconf 90' lang='lat' dir='ltr'>ld</span> <span class='ocrx_word' id='word_1_350' title='bbox 350 3002 458 3049; x_wconf 73' lang='lat' dir='ltr'>corrnat</span> <span class='ocrx_word' id='word_1_351' title='bbox 471 3011 504 3049; x_wconf 83' lang='lat' dir='ltr'>ex</span> <span class='ocrx_word' id='word_1_352' title='bbox 522 2994 680 3064; x_wconf 84' lang='lat' dir='ltr'>juramento</span> <span class='ocrx_word' id='word_1_353' title='bbox 702 2996 737 3049; x_wconf 90' lang='lat' dir='ltr'>ab</span> <span class='ocrx_word' id='word_1_354' title='bbox 756 2994 851 3048; x_wconf 85' lang='lat' dir='ltr'>iisdem</span> <span class='ocrx_word' id='word_1_355' title='bbox 875 3008 944 3073; x_wconf 71' lang='lat' dir='ltr'>prar-</span> <span class='ocrx_word' id='word_1_356' title='bbox 994 3014 1045 3068; x_wconf 93' lang='lat' dir='ltr'>ope</span> <span class='ocrx_word' id='word_1_357' title='bbox 1060 2997 1210 3053; x_wconf 82' lang='lat' dir='ltr'>Rotnanam</span> <span class='ocrx_word' id='word_1_358' title='bbox 1223 2996 1391 3066; x_wconf 75' lang='lat' dir='ltr'>provinciam</span> <span class='ocrx_word' id='word_1_359' title='bbox 1403 2996 1524 3064; x_wconf 83' lang='lat' dir='ltr'>indigere</span> <span class='ocrx_word' id='word_1_360' title='bbox 1541 2995 1670 3049; x_wconf 82' lang='lat' dir='ltr'>adversus</span> <span class='ocrx_word' id='word_1_361' title='bbox 1683 2992 1796 3063; x_wconf 62' lang='lat' dir='ltr'>ltangtr⁴¹</span> 
     </span>
     <span class='ocr_line' id='line_1_34' title="bbox 150 3062 1793 3137; baseline 0 -21"><span class='ocrx_word' id='word_1_362' title='bbox 150 3062 237 3116; x_wconf 82' lang='lat' dir='ltr'>stito:</span> <span class='ocrx_word' id='word_1_363' title='bbox 258 3063 419 3127; x_wconf 72' lang='lat' dir='ltr'>«Frontino,</span> <span class='ocrx_word' id='word_1_364' title='bbox 435 3064 564 3133; x_wconf 88' lang='lat' dir='ltr'>spondeo,</span> <span class='ocrx_word' id='word_1_365' title='bbox 583 3071 610 3118; x_wconf 91' lang='lat' dir='ltr'>et</span> <span class='ocrx_word' id='word_1_366' title='bbox 621 3063 749 3133; x_wconf 90' lang='lat' dir='ltr'>polliceor</span> <span class='ocrx_word' id='word_1_367' title='bbox 774 3073 856 3132; x_wconf 88' lang='lat' dir='ltr'>atque</span> <span class='ocrx_word' id='word_1_368' title='bbox 879 3078 943 3132; x_wconf 74' lang='lat' dir='ltr'>puro</span> <span class='ocrx_word' id='word_1_369' title='bbox 994 3070 1104 3124; x_wconf 87' lang='lat' dir='ltr'>bardos.</span> <span class='ocrx_word' id='word_1_370' title='bbox 1121 3066 1190 3133; x_wconf 83' lang='lat' dir='ltr'>Quid</span> <span class='ocrx_word' id='word_1_371' title='bbox 1204 3075 1294 3121; x_wconf 89' lang='lat' dir='ltr'>autern</span> <span class='ocrx_word' id='word_1_372' title='bbox 1312 3067 1380 3120; x_wconf 84' lang='lat' dir='ltr'>nort</span> <span class='ocrx_word' id='word_1_373' title='bbox 1404 3065 1515 3137; x_wconf 85' lang='lat' dir='ltr'>periculi</span> <span class='ocrx_word' id='word_1_374' title='bbox 1536 3064 1702 3128; x_wconf 84' lang='lat' dir='ltr'>immineret,</span> <span class='ocrx_word' id='word_1_375' title='bbox 1727 3078 1793 3118; x_wconf 91' lang='lat' dir='ltr'>eum</span> 
     </span>
     <span class='ocr_line' id='line_1_35' title="bbox 150 3132 1631 3206; baseline 0.001 -20"><span class='ocrx_word' id='word_1_376' title='bbox 150 3132 213 3194; x_wconf 73' lang='lat' dir='ltr'>beo,</span> <span class='ocrx_word' id='word_1_377' title='bbox 222 3132 335 3188; x_wconf 73' lang='lat' dir='ltr'>etberto</span> <span class='ocrx_word' id='word_1_378' title='bbox 342 3133 432 3199; x_wconf 85' lang='lat' dir='ltr'>Petro,</span> <span class='ocrx_word' id='word_1_379' title='bbox 441 3149 484 3188; x_wconf 89' lang='lat' dir='ltr'>me</span> <span class='ocrx_word' id='word_1_380' title='bbox 497 3135 530 3189; x_wconf 87' lang='lat' dir='ltr'>de</span> <span class='ocrx_word' id='word_1_381' title='bbox 542 3142 641 3189; x_wconf 78' lang='lat' dir='ltr'>cartem</span> <span class='ocrx_word' id='word_1_382' title='bbox 647 3143 834 3204; x_wconf 83' lang='lat' dir='ltr'>protectorem</span> <span class='ocrx_word' id='word_1_383' title='bbox 851 3147 882 3187; x_wconf 87' lang='lat' dir='ltr'>ac</span> <span class='ocrx_word' id='word_1_384' title='bbox 897 3133 980 3206; x_wconf 69' lang='lat' dir='ltr'>dec</span> <span class='ocrx_word' id='word_1_385' title='bbox 996 3139 1093 3193; x_wconf 77' lang='lat' dir='ltr'>sileant</span> <span class='ocrx_word' id='word_1_386' title='bbox 1107 3145 1242 3201; x_wconf 78' lang='lat' dir='ltr'>auctores,</span> <span class='ocrx_word' id='word_1_387' title='bbox 1255 3136 1380 3192; x_wconf 82' lang='lat' dir='ltr'>divinare</span> <span class='ocrx_word' id='word_1_388' title='bbox 1391 3151 1448 3192; x_wconf 92' lang='lat' dir='ltr'>non</span> <span class='ocrx_word' id='word_1_389' title='bbox 1531 3198 1533 3202; x_wconf 10' lang='lat'>³</span> <span class='ocrx_word' id='word_1_390' title='bbox 1570 3134 1631 3204; x_wconf 65' lang='lat' dir='ltr'>alr.</span> 
     </span>
     <span class='ocr_line' id='line_1_36' title="bbox 149 3201 1795 3279; baseline 0.002 -25"><span class='ocrx_word' id='word_1_391' title='bbox 149 3201 350 3259; x_wconf 81' lang='lat' dir='ltr'>tensornmlore</span> <span class='ocrx_word' id='word_1_392' title='bbox 361 3205 755 3274; x_wconf 77' lang='lat' dir='ltr'>sunrmipontilicis,etsanct&#39;e</span> <span class='ocrx_word' id='word_1_393' title='bbox 763 3203 943 3261; x_wconf 59' lang='lat' dir='ltr'>Rom-Eccle·</span> <span class='ocrx_word' id='word_1_394' title='bbox 1032 3221 1042 3247; x_wconf 71' lang='lat' dir='ltr'>e</span> <span class='ocrx_word' id='word_1_395' title='bbox 1065 3209 1121 3263; x_wconf 83' lang='lat' dir='ltr'>Sub</span> <span class='ocrx_word' id='word_1_396' title='bbox 1137 3208 1219 3261; x_wconf 86' lang='lat' dir='ltr'>tinent</span> <span class='ocrx_word' id='word_1_397' title='bbox 1235 3207 1298 3262; x_wconf 92' lang='lat' dir='ltr'>anni</span> <span class='ocrx_word' id='word_1_398' title='bbox 1317 3207 1369 3261; x_wconf 85' lang='lat' dir='ltr'>tto</span> <span class='ocrx_word' id='word_1_399' title='bbox 1380 3208 1434 3279; x_wconf 84' lang='lat' dir='ltr'>(ep.</span> <span class='ocrx_word' id='word_1_400' title='bbox 1481 3247 1491 3271; x_wconf 90' lang='lat'>,</span> <span class='ocrx_word' id='word_1_401' title='bbox 1507 3205 1543 3260; x_wconf 87' lang='lat' dir='ltr'>al.</span> <span class='ocrx_word' id='word_1_402' title='bbox 1556 3203 1613 3276; x_wconf 76' lang='lat'>26),</span> <span class='ocrx_word' id='word_1_403' title='bbox 1628 3202 1717 3273; x_wconf 80' lang='lat' dir='ltr'>aiebat</span> <span class='ocrx_word' id='word_1_404' title='bbox 1724 3210 1795 3274; x_wconf 80' lang='lat' dir='ltr'>pon-</span> 
     </span>
     <span class='ocr_line' id='line_1_37' title="bbox 148 3271 1800 3359; baseline 0.001 -32"><span class='ocrx_word' id='word_1_405' title='bbox 148 3271 778 3330; x_wconf 78' lang='lat' dir='ltr'>sitcinomnibusneecssitatibusetutilitatibus</span> <span class='ocrx_word' id='word_1_406' title='bbox 789 3273 943 3346; x_wconf 69' lang='lat' dir='ltr'>suisolbp.</span> <span class='ocrx_word' id='word_1_407' title='bbox 994 3277 1199 3346; x_wconf 83' lang='lat' dir='ltr'>tilcxejusmodi</span> <span class='ocrx_word' id='word_1_408' title='bbox 1213 3277 1398 3333; x_wconf 85' lang='lat' dir='ltr'>restitutiones</span> <span class='ocrx_word' id='word_1_409' title='bbox 1409 3277 1467 3332; x_wconf 84' lang='lat' dir='ltr'>{leri</span> <span class='ocrx_word' id='word_1_410' title='bbox 1485 3284 1606 3359; x_wconf 67' lang='lat' dir='ltr'>emptast</span> <span class='ocrx_word' id='word_1_411' title='bbox 1625 3286 1740 3344; x_wconf 86' lang='lat' dir='ltr'>eumque</span> <span class='ocrx_word' id='word_1_412' title='bbox 1755 3277 1800 3328; x_wconf 74' lang='lat' dir='ltr'>tle·</span> 
     </span>
     <span class='ocr_line' id='line_1_38' title="bbox 149 3341 1796 3428; baseline -0.006 -21"><span class='ocrx_word' id='word_1_413' title='bbox 149 3341 250 3398; x_wconf 63' lang='lat' dir='ltr'>litblll·</span> <span class='ocrx_word' id='word_1_414' title='bbox 259 3341 325 3407; x_wconf 59' lang='grc' dir='ltr'>ΟΜ·</span> <span class='ocrx_word' id='word_1_415' title='bbox 336 3343 410 3398; x_wconf 74' lang='lat' dir='ltr'>Rom·</span> <span class='ocrx_word' id='word_1_416' title='bbox 422 3345 465 3410; x_wconf 74' lang='grc' dir='ltr'>Η,</span> <span class='ocrx_word' id='word_1_417' title='bbox 480 3362 506 3398; x_wconf 83' lang='lat' dir='ltr'>n·</span> <span class='ocrx_word' id='word_1_418' title='bbox 521 3343 577 3428; x_wconf 65' lang='lat' dir='ltr'>tt.)</span> <span class='ocrx_word' id='word_1_419' title='bbox 590 3346 692 3401; x_wconf 77' lang='lat' dir='ltr'>idcirco</span> <span class='ocrx_word' id='word_1_420' title='bbox 704 3361 757 3399; x_wconf 73' lang='lat'>1¹01}</span> <span class='ocrx_word' id='word_1_421' title='bbox 768 3344 944 3400; x_wconf 88' lang='lat' dir='ltr'>dubitandum</span> <span class='ocrx_word' id='word_1_422' title='bbox 994 3350 1088 3404; x_wconf 82' lang='lat' dir='ltr'>cadem</span> <span class='ocrx_word' id='word_1_423' title='bbox 1103 3364 1131 3402; x_wconf 91' lang='lat' dir='ltr'>re</span> <span class='ocrx_word' id='word_1_424' title='bbox 1145 3348 1214 3403; x_wconf 90' lang='lat' dir='ltr'>nibil</span> <span class='ocrx_word' id='word_1_425' title='bbox 1225 3347 1341 3417; x_wconf 89' lang='lat' dir='ltr'>amplius</span> <span class='ocrx_word' id='word_1_426' title='bbox 1352 3347 1467 3419; x_wconf 88' lang='lat' dir='ltr'>Pippino</span> <span class='ocrx_word' id='word_1_427' title='bbox 1479 3346 1627 3415; x_wconf 82' lang='lat' dir='ltr'>scripserit,</span> <span class='ocrx_word' id='word_1_428' title='bbox 1637 3344 1796 3400; x_wconf 77' lang='lat' dir='ltr'>hicsanctar</span> 
     </span>
     <span class='ocr_line' id='line_1_39' title="bbox 147 3413 1798 3489; baseline 0.002 -22"><span class='ocrx_word' id='word_1_429' title='bbox 147 3414 317 3483; x_wconf 86' lang='lat' dir='ltr'>rprincoram</span> <span class='ocrx_word' id='word_1_430' title='bbox 333 3413 470 3483; x_wconf 86' lang='lat' dir='ltr'>Stephano</span> <span class='ocrx_word' id='word_1_431' title='bbox 484 3415 604 3471; x_wconf 90' lang='lat' dir='ltr'>lisirmle</span> <span class='ocrx_word' id='word_1_432' title='bbox 617 3424 817 3471; x_wconf 87' lang='lat' dir='ltr'>sacraruentum</span> <span class='ocrx_word' id='word_1_433' title='bbox 834 3427 881 3469; x_wconf 82' lang='lat' dir='ltr'>rex</span> <span class='ocrx_word' id='word_1_434' title='bbox 899 3429 946 3485; x_wconf 91' lang='lat' dir='ltr'>pc·</span> <span class='ocrx_word' id='word_1_435' title='bbox 996 3420 1069 3476; x_wconf 70' lang='lat' dir='ltr'>sertis</span> <span class='ocrx_word' id='word_1_436' title='bbox 1088 3418 1236 3474; x_wconf 79' lang='lat' dir='ltr'>utilitatum</span> <span class='ocrx_word' id='word_1_437' title='bbox 1261 3429 1387 3489; x_wconf 86' lang='lat' dir='ltr'>satagens</span> <span class='ocrx_word' id='word_1_438' title='bbox 1418 3417 1547 3487; x_wconf 73' lang='lat' dir='ltr'>exquirit,</span> <span class='ocrx_word' id='word_1_439' title='bbox 1575 3430 1641 3472; x_wconf 84' lang='lat' dir='ltr'>aum</span> <span class='ocrx_word' id='word_1_440' title='bbox 1664 3413 1798 3486; x_wconf 70' lang='lat' dir='ltr'>perlectae</span> 
     </span>
     <span class='ocr_line' id='line_1_40' title="bbox 148 3483 1270 3608; baseline 0.004 -72"><span class='ocrx_word' id='word_1_441' title='bbox 148 3483 253 3608; x_wconf 75' lang='lat' dir='ltr'>pigerit</span> <span class='ocrx_word' id='word_1_442' title='bbox 269 3499 314 3537; x_wconf 85' lang='lat' dir='ltr'>an.</span> <span class='ocrx_word' id='word_1_443' title='bbox 328 3484 391 3549; x_wconf 73' lang='lat' dir='ltr'>tat,</span> <span class='ocrx_word' id='word_1_444' title='bbox 415 3487 446 3539; x_wconf 86' lang='lat' dir='ltr'>in-</span> <span class='ocrx_word' id='word_1_445' title='bbox 469 3494 530 3540; x_wconf 89' lang='lat' dir='ltr'>actn</span> <span class='ocrx_word' id='word_1_446' title='bbox 554 3485 832 3555; x_wconf 80' lang='lat' dir='ltr'>inauguratitmisper</span> <span class='ocrx_word' id='word_1_447' title='bbox 848 3499 951 3539; x_wconf 81' lang='lat' dir='ltr'>mantis</span> <span class='ocrx_word' id='word_1_448' title='bbox 995 3490 1097 3545; x_wconf 66' lang='lat' dir='ltr'>anilem</span> <span class='ocrx_word' id='word_1_449' title='bbox 1113 3498 1214 3545; x_wconf 85' lang='lat' dir='ltr'>essent.</span> <span class='ocrx_word' id='word_1_450' title='bbox 1232 3489 1270 3543; x_wconf 94' lang='lat' dir='ltr'>lo.</span> 
     </span>
     <span class='ocr_line' id='line_1_41' title="bbox 159 3553 945 3625; baseline 0.001 -18"><span class='ocrx_word' id='word_1_451' title='bbox 159 3553 886 3625; x_wconf 76' lang='lat' dir='ltr'>pstmpootibeis;bocnotondtsntmtue,quoutettc</span> <span class='ocrx_word' id='word_1_452' title='bbox 895 3554 945 3608; x_wconf 80' lang='lat' dir='ltr'>Pe-</span> 
     </span>
    </p>
   </div>
   <div class='ocr_carea' id='block_1_8' title="bbox 716 3682 1790 3713">
    <p class='ocr_par' dir='ltr' id='par_1_8' title="bbox 716 3682 1790 3713">
     <span class='ocr_line' id='line_1_42' title="bbox 716 3682 1790 3713; baseline -0.003 0"><span class='ocrx_word' id='word_1_453' title='bbox 716 3682 1790 3713; x_wconf 49' lang='grc' dir='ltr'>Ἣι--ι--ὴ--η-α--ι-ὴ-α-ω--ι-ῌ</span> 
     </span>
    </p>
   </div>
   <div class='ocr_carea' id='block_1_9' title="bbox 368 3783 1558 4013">
    <p class='ocr_par' dir='ltr' id='par_1_9' title="bbox 368 3783 1558 4013">
     <span class='ocr_line' id='line_1_43' title="bbox 368 3783 1558 3863; baseline -0.001 -15"><span class='ocrx_word' id='word_1_454' title='bbox 368 3787 447 3861; x_wconf 67' lang='grc' dir='ltr'>2ᾰὶ</span> <span class='ocrx_word' id='word_1_455' title='bbox 474 3785 518 3848; x_wconf 75' lang='lat' dir='ltr'>tn‘</span> <span class='ocrx_word' id='word_1_456' title='bbox 535 3783 803 3850; x_wconf 71' lang='lat' dir='ltr'><strong>PSEUDOPAPAE</strong></span> <span class='ocrx_word' id='word_1_457' title='bbox 825 3784 1093 3850; x_wconf 71' lang='lat' dir='ltr'>constiterint</span> <span class='ocrx_word' id='word_1_458' title='bbox 1114 3787 1341 3863; x_wconf 70' lang='lat' dir='ltr'>§notantes</span> <span class='ocrx_word' id='word_1_459' title='bbox 1361 3786 1558 3849; x_wconf 73' lang='lat' dir='ltr'>tl&#39;ltnnas</span> 
     </span>
     <span class='ocr_line' id='line_1_44' title="bbox 881 3954 1042 4013; baseline 0.012 -4"><span class='ocrx_word' id='word_1_460' title='bbox 881 3954 1042 4013; x_wconf 70' lang='lat' dir='ltr'>ttettttttt</span> 
     </span>
    </p>
   </div>
   <div class='ocr_carea' id='block_1_10' title="bbox 149 4201 1800 4428">
    <p class='ocr_par' dir='ltr' id='par_1_10' title="bbox 149 4201 1800 4428">
     <span class='ocr_line' id='line_1_45' title="bbox 185 4201 1792 4275; baseline 0.003 -15"><span class='ocrx_word' id='word_1_461' title='bbox 185 4205 211 4261; x_wconf 89' lang='lat' dir='ltr'>l.</span> <span class='ocrx_word' id='word_1_462' title='bbox 226 4201 396 4259; x_wconf 82' lang='lat' dir='ltr'>Constantini</span> <span class='ocrx_word' id='word_1_463' title='bbox 409 4201 472 4255; x_wconf 87' lang='lat' dir='ltr'>laici</span> <span class='ocrx_word' id='word_1_464' title='bbox 484 4216 532 4271; x_wconf 88' lang='lat' dir='ltr'>per</span> <span class='ocrx_word' id='word_1_465' title='bbox 544 4201 598 4256; x_wconf 83' lang='lat' dir='ltr'>rim</span> <span class='ocrx_word' id='word_1_466' title='bbox 615 4202 641 4255; x_wconf 93' lang='lat' dir='ltr'>in</span> <span class='ocrx_word' id='word_1_467' title='bbox 654 4201 837 4275; x_wconf 30' lang='lat' dir='ltr'>‚epistolicam</span> <span class='ocrx_word' id='word_1_468' title='bbox 850 4201 941 4257; x_wconf 87' lang='lat' dir='ltr'>sedern</span> <span class='ocrx_word' id='word_1_469' title='bbox 993 4202 1148 4257; x_wconf 79' lang='lat' dir='ltr'>Rauennam</span> <span class='ocrx_word' id='word_1_470' title='bbox 1171 4219 1256 4273; x_wconf 89' lang='lat' dir='ltr'>usque</span> <span class='ocrx_word' id='word_1_471' title='bbox 1278 4204 1312 4259; x_wconf 88' lang='lat' dir='ltr'>ad</span> <span class='ocrx_word' id='word_1_472' title='bbox 1332 4205 1358 4258; x_wconf 93' lang='lat' dir='ltr'>id</span> <span class='ocrx_word' id='word_1_473' title='bbox 1380 4203 1509 4273; x_wconf 90' lang='lat' dir='ltr'>temporis</span> <span class='ocrx_word' id='word_1_474' title='bbox 1535 4205 1682 4261; x_wconf 88' lang='lat' dir='ltr'>concedam</span> <span class='ocrx_word' id='word_1_475' title='bbox 1706 4206 1792 4266; x_wconf 86' lang='lat' dir='ltr'>ultro.</span> 
     </span>
     <span class='ocr_line' id='line_1_46' title="bbox 150 4268 1800 4397; baseline 0.002 -66"><span class='ocrx_word' id='word_1_476' title='bbox 150 4275 246 4331; x_wconf 90' lang='lat' dir='ltr'>intrusi</span> <span class='ocrx_word' id='word_1_477' title='bbox 259 4273 329 4353; x_wconf 72' lang='lat' dir='ltr'>binae</span> <span class='ocrx_word' id='word_1_478' title='bbox 345 4271 440 4324; x_wconf 78' lang='lat' dir='ltr'>littere</span> <span class='ocrx_word' id='word_1_479' title='bbox 463 4270 489 4323; x_wconf 93' lang='lat' dir='ltr'>in</span> <span class='ocrx_word' id='word_1_480' title='bbox 513 4268 604 4326; x_wconf 81' lang='lat' dir='ltr'>Carni.</span> <span class='ocrx_word' id='word_1_481' title='bbox 633 4269 743 4354; x_wconf 80' lang='lat' dir='ltr'>Codicis</span> <span class='ocrx_word' id='word_1_482' title='bbox 762 4270 942 4394; x_wconf 58' lang='lat' dir='ltr'>‚⁰¹¹¹oempiufe</span> <span class='ocrx_word' id='word_1_483' title='bbox 992 4272 1118 4357; x_wconf 61' lang='lat' dir='ltr'>titularet</span> <span class='ocrx_word' id='word_1_484' title='bbox 1132 4274 1308 4328; x_wconf 81' lang='lat' dir='ltr'>mittebatur:</span> <span class='ocrx_word' id='word_1_485' title='bbox 1328 4273 1465 4397; x_wconf 66' lang='lat' dir='ltr'>nccplena</span> <span class='ocrx_word' id='word_1_486' title='bbox 1481 4274 1660 4357; x_wconf 79' lang='lat' dir='ltr'>ordinationis</span> <span class='ocrx_word' id='word_1_487' title='bbox 1676 4275 1800 4359; x_wconf 66' lang='lat' dir='ltr'>libratas¹</span> 
     </span>
     <span class='ocr_line' id='line_1_47' title="bbox 149 4339 1794 4428; baseline 0.002 -28"><span class='ocrx_word' id='word_1_488' title='bbox 149 4352 214 4400; x_wconf 84' lang='lat' dir='ltr'>sirnt</span> <span class='ocrx_word' id='word_1_489' title='bbox 229 4349 345 4409; x_wconf 81' lang='lat' dir='ltr'>retecta.</span> <span class='ocrx_word' id='word_1_490' title='bbox 372 4339 530 4410; x_wconf 83' lang='lat' dir='ltr'>Exemplum</span> <span class='ocrx_word' id='word_1_491' title='bbox 559 4357 696 4411; x_wconf 89' lang='lat' dir='ltr'>sequerer,</span> <span class='ocrx_word' id='word_1_492' title='bbox 718 4358 769 4396; x_wconf 90' lang='lat' dir='ltr'>nrsr</span> <span class='ocrx_word' id='word_1_493' title='bbox 798 4351 942 4412; x_wconf 85' lang='lat' dir='ltr'>pounrcne</span> <span class='ocrx_word' id='word_1_494' title='bbox 993 4345 1111 4398; x_wconf 85' lang='lat' dir='ltr'>obtinuit</span> <span class='ocrx_word' id='word_1_495' title='bbox 1121 4359 1153 4397; x_wconf 93' lang='lat' dir='ltr'>ns</span> <span class='ocrx_word' id='word_1_496' title='bbox 1173 4359 1207 4398; x_wconf 88' lang='lat' dir='ltr'>ue</span> <span class='ocrx_word' id='word_1_497' title='bbox 1219 4345 1255 4397; x_wconf 84' lang='lat' dir='ltr'>ad</span> <span class='ocrx_word' id='word_1_498' title='bbox 1271 4353 1357 4399; x_wconf 85' lang='lat' dir='ltr'>sancti</span> <span class='ocrx_word' id='word_1_499' title='bbox 1402 4345 1527 4408; x_wconf 79' lang='lat' dir='ltr'>aenaria,</span> <span class='ocrx_word' id='word_1_500' title='bbox 1548 4359 1594 4414; x_wconf 86' lang='lat' dir='ltr'>qrn</span> <span class='ocrx_word' id='word_1_501' title='bbox 1615 4343 1748 4428; x_wconf 78' lang='lat' dir='ltr'>Gregorio</span> <span class='ocrx_word' id='word_1_502' title='bbox 1761 4350 1794 4406; x_wconf 89' lang='lat' dir='ltr'>ill</span> 
     </span>
    </p>
   </div>
   <div class='ocr_carea' id='block_1_11' title="bbox 149 4361 1793 4482">
    <p class='ocr_par' dir='ltr' id='par_1_11' title="bbox 149 4361 1793 4482">
     <span class='ocr_line' id='line_1_48' title="bbox 149 4361 1793 4482; baseline 0.001 -12"><span class='ocrx_word' id='word_1_503' title='bbox 149 4412 328 4470; x_wconf 87' lang='lat' dir='ltr'>ordinationis</span> <span class='ocrx_word' id='word_1_504' title='bbox 339 4410 453 4463; x_wconf 86' lang='lat' dir='ltr'>ltistoria</span> <span class='ocrx_word' id='word_1_505' title='bbox 460 4412 663 4467; x_wconf 81' lang='lat' dir='ltr'>adversusalias</span> <span class='ocrx_word' id='word_1_506' title='bbox 671 4413 785 4467; x_wconf 89' lang='lat' dir='ltr'>aiiomm</span> <span class='ocrx_word' id='word_1_507' title='bbox 792 4412 942 4482; x_wconf 88' lang='lat' dir='ltr'>opiniones,</span> <span class='ocrx_word' id='word_1_508' title='bbox 959 4412 982 4472; x_wconf 81' lang='lat' dir='ltr'>i)</span> <span class='ocrx_word' id='word_1_509' title='bbox 995 4415 1136 4479; x_wconf 87' lang='lat' dir='ltr'>suecessit,</span> <span class='ocrx_word' id='word_1_510' title='bbox 1144 4361 1314 4469; x_wconf 44' lang='lat' dir='ltr'>effectionem.</span> <span class='ocrx_word' id='word_1_511' title='bbox 1323 4412 1391 4468; x_wconf 86' lang='lat' dir='ltr'>&#39;lom</span> <span class='ocrx_word' id='word_1_512' title='bbox 1400 4430 1464 4469; x_wconf 88' lang='lat' dir='ltr'>uero</span> <span class='ocrx_word' id='word_1_513' title='bbox 1474 4423 1501 4470; x_wconf 86' lang='lat' dir='ltr'>et</span> <span class='ocrx_word' id='word_1_514' title='bbox 1511 4417 1574 4468; x_wconf 91' lang='lat' dir='ltr'>dum</span> <span class='ocrx_word' id='word_1_515' title='bbox 1587 4423 1663 4470; x_wconf 86' lang='lat' dir='ltr'>stetit</span> <span class='ocrx_word' id='word_1_516' title='bbox 1674 4432 1701 4470; x_wconf 90' lang='lat' dir='ltr'>ut</span> <span class='ocrx_word' id='word_1_517' title='bbox 1712 4415 1793 4475; x_wconf 82' lang='lat' dir='ltr'>ltalia</span> 
     </span>
    </p>
   </div>
   <div class='ocr_carea' id='block_1_12' title="bbox 150 4478 1799 4960">
    <p class='ocr_par' dir='ltr' id='par_1_12' title="bbox 150 4478 1799 4960">
     <span class='ocr_line' id='line_1_49' title="bbox 150 4478 1794 4569; baseline 0.001 -33"><span class='ocrx_word' id='word_1_518' title='bbox 150 4491 310 4553; x_wconf 82' lang='lat' dir='ltr'>ereptusque</span> <span class='ocrx_word' id='word_1_519' title='bbox 322 4480 388 4534; x_wconf 91' lang='lat' dir='ltr'>ordo</span> <span class='ocrx_word' id='word_1_520' title='bbox 398 4478 604 4551; x_wconf 86' lang='lat' dir='ltr'>clironologicus</span> <span class='ocrx_word' id='word_1_521' title='bbox 615 4498 693 4538; x_wconf 82' lang='lat' dir='ltr'>sectis</span> <span class='ocrx_word' id='word_1_522' title='bbox 708 4483 859 4538; x_wconf 84' lang='lat' dir='ltr'>laciendum</span> <span class='ocrx_word' id='word_1_523' title='bbox 883 4497 944 4552; x_wconf 84' lang='lat' dir='ltr'>par-</span> <span class='ocrx_word' id='word_1_524' title='bbox 995 4484 1110 4538; x_wconf 78' lang='lat' dir='ltr'>Emrclii</span> <span class='ocrx_word' id='word_1_525' title='bbox 1126 4483 1255 4554; x_wconf 88' lang='lat' dir='ltr'>potentia,</span> <span class='ocrx_word' id='word_1_526' title='bbox 1270 4500 1328 4554; x_wconf 87' lang='lat' dir='ltr'>qme</span> <span class='ocrx_word' id='word_1_527' title='bbox 1340 4485 1421 4540; x_wconf 88' lang='lat' dir='ltr'>desiit</span> <span class='ocrx_word' id='word_1_528' title='bbox 1439 4484 1572 4559; x_wconf 74' lang='lat' dir='ltr'>¹Zacharia</span> <span class='ocrx_word' id='word_1_529' title='bbox 1594 4487 1688 4542; x_wconf 89' lang='lat' dir='ltr'>eodem</span> <span class='ocrx_word' id='word_1_530' title='bbox 1694 4490 1794 4569; x_wconf 84' lang='lat' dir='ltr'>ponti.</span> 
     </span>
     <span class='ocr_line' id='line_1_50' title="bbox 151 4548 1799 4625; baseline 0.001 -17"><span class='ocrx_word' id='word_1_531' title='bbox 151 4553 306 4608; x_wconf 79' lang='lat' dir='ltr'>suaderent.</span> <span class='ocrx_word' id='word_1_532' title='bbox 317 4548 360 4605; x_wconf 89' lang='lat' dir='ltr'>lld</span> <span class='ocrx_word' id='word_1_533' title='bbox 368 4548 565 4608; x_wconf 78' lang='lat' dir='ltr'>ominationem</span> <span class='ocrx_word' id='word_1_534' title='bbox 584 4552 719 4624; x_wconf 78' lang='lat' dir='ltr'>pontificis</span> <span class='ocrx_word' id='word_1_535' title='bbox 741 4553 812 4622; x_wconf 89' lang='lat' dir='ltr'>quod</span> <span class='ocrx_word' id='word_1_536' title='bbox 830 4560 942 4623; x_wconf 86' lang='lat' dir='ltr'>spectat,</span> <span class='ocrx_word' id='word_1_537' title='bbox 995 4555 1056 4619; x_wconf 88' lang='lat' dir='ltr'>lice,</span> <span class='ocrx_word' id='word_1_538' title='bbox 1069 4561 1168 4625; x_wconf 90' lang='lat' dir='ltr'>etpost</span> <span class='ocrx_word' id='word_1_539' title='bbox 1178 4554 1236 4622; x_wconf 88' lang='lat' dir='ltr'>ejns</span> <span class='ocrx_word' id='word_1_540' title='bbox 1261 4556 1384 4620; x_wconf 81' lang='lat' dir='ltr'>exitium,</span> <span class='ocrx_word' id='word_1_541' title='bbox 1401 4554 1486 4610; x_wconf 87' lang='lat' dir='ltr'>libera</span> <span class='ocrx_word' id='word_1_542' title='bbox 1509 4555 1644 4611; x_wconf 90' lang='lat' dir='ltr'>ordinatio</span> <span class='ocrx_word' id='word_1_543' title='bbox 1663 4554 1725 4620; x_wconf 85' lang='lat' dir='ltr'>luit,</span> <span class='ocrx_word' id='word_1_544' title='bbox 1740 4574 1799 4616; x_wconf 76' lang='lat' dir='ltr'>nee·</span> 
     </span>
     <span class='ocr_line' id='line_1_51' title="bbox 150 4618 1793 4694; baseline 0.003 -15"><span class='ocrx_word' id='word_1_545' title='bbox 150 4621 328 4679; x_wconf 59' lang='lat' dir='ltr'>&amp;mnrium</span> <span class='ocrx_word' id='word_1_546' title='bbox 340 4618 478 4692; x_wconf 81' lang='lat' dir='ltr'>Pogomto</span> <span class='ocrx_word' id='word_1_547' title='bbox 493 4623 614 4677; x_wconf 90' lang='lat' dir='ltr'>tribuunt</span> <span class='ocrx_word' id='word_1_548' title='bbox 633 4638 769 4678; x_wconf 87' lang='lat' dir='ltr'>recesstnn</span> <span class='ocrx_word' id='word_1_549' title='bbox 783 4623 817 4678; x_wconf 91' lang='lat' dir='ltr'>ab</span> <span class='ocrx_word' id='word_1_550' title='bbox 830 4638 897 4676; x_wconf 93' lang='lat' dir='ltr'>usur</span> <span class='ocrx_word' id='word_1_551' title='bbox 916 4639 945 4676; x_wconf 91' lang='lat' dir='ltr'>a·</span> <span class='ocrx_word' id='word_1_552' title='bbox 995 4626 1135 4680; x_wconf 89' lang='lat' dir='ltr'>decretum</span> <span class='ocrx_word' id='word_1_553' title='bbox 1152 4625 1302 4690; x_wconf 87' lang='lat' dir='ltr'>electionis,</span> <span class='ocrx_word' id='word_1_554' title='bbox 1326 4640 1375 4680; x_wconf 90' lang='lat' dir='ltr'>sen</span> <span class='ocrx_word' id='word_1_555' title='bbox 1391 4623 1449 4694; x_wconf 82' lang='lat' dir='ltr'>ejus</span> <span class='ocrx_word' id='word_1_556' title='bbox 1472 4625 1625 4694; x_wconf 85' lang='lat' dir='ltr'>exemplum</span> <span class='ocrx_word' id='word_1_557' title='bbox 1649 4624 1690 4681; x_wconf 91' lang='lat' dir='ltr'>ad·</span> <span class='ocrx_word' id='word_1_558' title='bbox 1704 4622 1793 4684; x_wconf 82' lang='lat' dir='ltr'>Fran-</span> 
     </span>
     <span class='ocr_line' id='line_1_52' title="bbox 151 4688 1793 4765; baseline 0.003 -16"><span class='ocrx_word' id='word_1_559' title='bbox 151 4693 224 4749; x_wconf 90' lang='lat' dir='ltr'>tione</span> <span class='ocrx_word' id='word_1_560' title='bbox 239 4691 284 4746; x_wconf 91' lang='lat' dir='ltr'>illa</span> <span class='ocrx_word' id='word_1_561' title='bbox 298 4688 474 4746; x_wconf 86' lang='lat' dir='ltr'>conlinnandi</span> <span class='ocrx_word' id='word_1_562' title='bbox 496 4692 657 4751; x_wconf 88' lang='lat' dir='ltr'>electionem</span> <span class='ocrx_word' id='word_1_563' title='bbox 681 4690 794 4749; x_wconf 78' lang='lat' dir='ltr'>Romani</span> <span class='ocrx_word' id='word_1_564' title='bbox 811 4693 885 4764; x_wconf 91' lang='lat' dir='ltr'>ponti</span> <span class='ocrx_word' id='word_1_565' title='bbox 906 4692 946 4751; x_wconf 87' lang='lat' dir='ltr'>eis</span> <span class='ocrx_word' id='word_1_566' title='bbox 996 4709 1090 4751; x_wconf 89' lang='lat' dir='ltr'>corum</span> <span class='ocrx_word' id='word_1_567' title='bbox 1114 4710 1192 4765; x_wconf 89' lang='lat' dir='ltr'>reges</span> <span class='ocrx_word' id='word_1_568' title='bbox 1219 4695 1390 4756; x_wconf 84' lang='lat' dir='ltr'>mittebatur,</span> <span class='ocrx_word' id='word_1_569' title='bbox 1420 4695 1474 4749; x_wconf 93' lang='lat' dir='ltr'>nisi</span> <span class='ocrx_word' id='word_1_570' title='bbox 1496 4703 1528 4749; x_wconf 93' lang='lat' dir='ltr'>ut</span> <span class='ocrx_word' id='word_1_571' title='bbox 1545 4695 1699 4764; x_wconf 74' lang='lat' dir='ltr'>generalem</span> <span class='ocrx_word' id='word_1_572' title='bbox 1724 4713 1793 4754; x_wconf 88' lang='lat' dir='ltr'>eon·</span> 
     </span>
     <span class='ocr_line' id='line_1_53' title="bbox 150 4761 1792 4835; baseline 0.004 -16"><span class='ocrx_word' id='word_1_573' title='bbox 150 4779 200 4835; x_wconf 91' lang='lat' dir='ltr'>per</span> <span class='ocrx_word' id='word_1_574' title='bbox 230 4777 270 4826; x_wconf 85' lang='lat' dir='ltr'>se,</span> <span class='ocrx_word' id='word_1_575' title='bbox 303 4761 347 4818; x_wconf 83' lang='lat' dir='ltr'>tel</span> <span class='ocrx_word' id='word_1_576' title='bbox 372 4775 421 4831; x_wconf 91' lang='lat' dir='ltr'>per</span> <span class='ocrx_word' id='word_1_577' title='bbox 452 4762 615 4829; x_wconf 82' lang='lat' dir='ltr'>Exarclinrn,</span> <span class='ocrx_word' id='word_1_578' title='bbox 648 4778 730 4832; x_wconf 86' lang='lat' dir='ltr'>quarn</span> <span class='ocrx_word' id='word_1_579' title='bbox 766 4762 944 4828; x_wconf 85' lang='lat' dir='ltr'>lastinianus,</span> <span class='ocrx_word' id='word_1_580' title='bbox 996 4765 1116 4821; x_wconf 89' lang='lat' dir='ltr'>cordiam</span> <span class='ocrx_word' id='word_1_581' title='bbox 1135 4765 1395 4835; x_wconf 85' lang='lat' dir='ltr'>unanimitatemque</span> <span class='ocrx_word' id='word_1_582' title='bbox 1417 4764 1479 4820; x_wconf 87' lang='lat' dir='ltr'>inde</span> <span class='ocrx_word' id='word_1_583' title='bbox 1498 4762 1654 4821; x_wconf 86' lang='lat' dir='ltr'>discerent:</span> <span class='ocrx_word' id='word_1_584' title='bbox 1685 4764 1792 4826; x_wconf 85' lang='lat' dir='ltr'>idcirco</span> 
     </span>
     <span class='ocr_line' id='line_1_54' title="bbox 150 4831 1664 4960; baseline -0.001 -69"><span class='ocrx_word' id='word_1_585' title='bbox 150 4833 281 4891; x_wconf 78' lang='lat' dir='ltr'>omarus</span> <span class='ocrx_word' id='word_1_586' title='bbox 294 4831 415 4901; x_wconf 76' lang='lat' dir='ltr'>vestigiis</span> <span class='ocrx_word' id='word_1_587' title='bbox 428 4832 564 4895; x_wconf 81' lang='lat' dir='ltr'>insistens,</span> <span class='ocrx_word' id='word_1_588' title='bbox 583 4834 611 4889; x_wconf 94' lang='lat' dir='ltr'>in</span> <span class='ocrx_word' id='word_1_589' title='bbox 628 4834 730 4960; x_wconf 55' lang='lat' dir='ltr'>repieta</span> <span class='ocrx_word' id='word_1_590' title='bbox 753 4833 946 4889; x_wconf 83' lang='lat' dir='ltr'>Cortsmntino·</span> <span class='ocrx_word' id='word_1_591' title='bbox 996 4836 1102 4893; x_wconf 90' lang='lat' dir='ltr'>nonnisi</span> <span class='ocrx_word' id='word_1_592' title='bbox 1116 4843 1177 4907; x_wconf 91' lang='lat' dir='ltr'>post</span> <span class='ocrx_word' id='word_1_593' title='bbox 1187 4836 1415 4892; x_wconf 89' lang='lat' dir='ltr'>consecrationem</span> <span class='ocrx_word' id='word_1_594' title='bbox 1429 4837 1499 4890; x_wconf 87' lang='lat' dir='ltr'>mitti</span> <span class='ocrx_word' id='word_1_595' title='bbox 1514 4837 1664 4892; x_wconf 85' lang='lat' dir='ltr'>consuevit.</span> 
     </span>
    </p>
   </div>
   <div class='ocr_carea' id='block_1_13' title="bbox 150 4900 1801 5823">
    <p class='ocr_par' dir='ltr' id='par_1_13' title="bbox 188 4900 1795 4981">
     <span class='ocr_line' id='line_1_55' title="bbox 188 4900 1795 4981; baseline 0.002 -21"><span class='ocrx_word' id='word_1_596' title='bbox 188 4904 244 4960; x_wconf 88' lang='lat' dir='ltr'>lens</span> <span class='ocrx_word' id='word_1_597' title='bbox 262 4904 411 4958; x_wconf 79' lang='lat' dir='ltr'>inretierat.</span> <span class='ocrx_word' id='word_1_598' title='bbox 430 4903 519 4970; x_wconf 79' lang='lat' dir='ltr'>Quare</span> <span class='ocrx_word' id='word_1_599' title='bbox 542 4900 576 4959; x_wconf 85' lang='lat' dir='ltr'>ab</span> <span class='ocrx_word' id='word_1_600' title='bbox 591 4920 649 4960; x_wconf 75' lang='lat' dir='ltr'>acro</span> <span class='ocrx_word' id='word_1_601' title='bbox 678 4906 775 4959; x_wconf 92' lang='lat' dir='ltr'>oannis</span> <span class='ocrx_word' id='word_1_602' title='bbox 791 4902 822 4969; x_wconf 87' lang='lat' dir='ltr'>t,</span> <span class='ocrx_word' id='word_1_603' title='bbox 849 4903 895 4972; x_wconf 92' lang='lat' dir='ltr'>qui</span> <span class='ocrx_word' id='word_1_604' title='bbox 912 4902 951 4958; x_wconf 90' lang='lat' dir='ltr'>ad</span> <span class='ocrx_word' id='word_1_605' title='bbox 1032 4906 1064 4960; x_wconf 87' lang='lat' dir='ltr'>li.</span> <span class='ocrx_word' id='word_1_606' title='bbox 1091 4906 1140 4961; x_wconf 85' lang='lat' dir='ltr'>Rei</span> <span class='ocrx_word' id='word_1_607' title='bbox 1166 4915 1353 4975; x_wconf 89' lang='lat' dir='ltr'>argumentum</span> <span class='ocrx_word' id='word_1_608' title='bbox 1373 4906 1426 4960; x_wconf 92' lang='lat' dir='ltr'>alio</span> <span class='ocrx_word' id='word_1_609' title='bbox 1440 4906 1536 4974; x_wconf 83' lang='lat' dir='ltr'>quotis</span> <span class='ocrx_word' id='word_1_610' title='bbox 1550 4906 1713 4963; x_wconf 86' lang='lat' dir='ltr'>luculentius</span> <span class='ocrx_word' id='word_1_611' title='bbox 1724 4922 1795 4981; x_wconf 89' lang='lat' dir='ltr'>sup-</span> 
     </span>
    </p>

    <p class='ocr_par' dir='ltr' id='par_1_14' title="bbox 150 4971 1801 5823">
     <span class='ocr_line' id='line_1_56' title="bbox 172 4971 1794 5048; baseline 0.004 -17"><span class='ocrx_word' id='word_1_612' title='bbox 172 4976 223 5031; x_wconf 91' lang='lat' dir='ltr'>ctri</span> <span class='ocrx_word' id='word_1_613' title='bbox 239 4973 395 5030; x_wconf 85' lang='lat' dir='ltr'>cathedram</span> <span class='ocrx_word' id='word_1_614' title='bbox 417 4971 538 5029; x_wconf 84' lang='lat' dir='ltr'>aseendit</span> <span class='ocrx_word' id='word_1_615' title='bbox 559 4991 603 5029; x_wconf 74' lang='lat' dir='ltr'>an.</span> <span class='ocrx_word' id='word_1_616' title='bbox 619 4971 680 5046; x_wconf 79' lang='lat' dir='ltr'>tat,</span> <span class='ocrx_word' id='word_1_617' title='bbox 696 4974 768 5029; x_wconf 91' lang='lat' dir='ltr'>nulla</span> <span class='ocrx_word' id='word_1_618' title='bbox 791 4981 946 5042; x_wconf 81' lang='lat' dir='ltr'>exspectata</span> <span class='ocrx_word' id='word_1_619' title='bbox 995 4976 1064 5048; x_wconf 72' lang='lat' dir='ltr'>pent</span> <span class='ocrx_word' id='word_1_620' title='bbox 1076 4992 1108 5031; x_wconf 85' lang='lat' dir='ltr'>ex</span> <span class='ocrx_word' id='word_1_621' title='bbox 1121 4977 1324 5045; x_wconf 86' lang='lat' dir='ltr'>interpontillcii</span> <span class='ocrx_word' id='word_1_622' title='bbox 1339 4977 1489 5031; x_wconf 73' lang='lat' dir='ltr'>laenitate:</span> <span class='ocrx_word' id='word_1_623' title='bbox 1515 4977 1588 5047; x_wconf 91' lang='lat' dir='ltr'>quod</span> <span class='ocrx_word' id='word_1_624' title='bbox 1604 4992 1665 5032; x_wconf 89' lang='lat' dir='ltr'>cnm</span> <span class='ocrx_word' id='word_1_625' title='bbox 1685 4975 1794 5037; x_wconf 85' lang='lat' dir='ltr'>d&#39;esutni</span> 
     </span>
     <span class='ocr_line' id='line_1_57' title="bbox 150 5043 1796 5119; baseline 0.002 -15"><span class='ocrx_word' id='word_1_626' title='bbox 150 5043 366 5108; x_wconf 84' lang='lat' dir='ltr'>conlirtnatione,</span> <span class='ocrx_word' id='word_1_627' title='bbox 395 5043 588 5100; x_wconf 74' lang='lat' dir='ltr'>faustissimam</span> <span class='ocrx_word' id='word_1_628' title='bbox 614 5045 695 5118; x_wconf 30' lang='lat' dir='ltr'>hanc·</span> <span class='ocrx_word' id='word_1_629' title='bbox 708 5045 863 5100; x_wconf 77' lang='lat' dir='ltr'>instauratur</span> <span class='ocrx_word' id='word_1_630' title='bbox 890 5044 947 5113; x_wconf 91' lang='lat' dir='ltr'>pri·</span> <span class='ocrx_word' id='word_1_631' title='bbox 996 5048 1067 5119; x_wconf 88' lang='lat' dir='ltr'>opud</span> <span class='ocrx_word' id='word_1_632' title='bbox 1079 5062 1173 5102; x_wconf 87' lang='lat' dir='ltr'>outoes</span> <span class='ocrx_word' id='word_1_633' title='bbox 1194 5055 1300 5103; x_wconf 86' lang='lat' dir='ltr'>constet</span> <span class='ocrx_word' id='word_1_634' title='bbox 1321 5047 1355 5101; x_wconf 90' lang='lat' dir='ltr'>ab</span> <span class='ocrx_word' id='word_1_635' title='bbox 1369 5046 1512 5103; x_wconf 89' lang='lat' dir='ltr'>emortuali</span> <span class='ocrx_word' id='word_1_636' title='bbox 1529 5046 1573 5102; x_wconf 90' lang='lat' dir='ltr'>die</span> <span class='ocrx_word' id='word_1_637' title='bbox 1595 5046 1742 5119; x_wconf 82' lang='lat' dir='ltr'>pontilicis,</span> <span class='ocrx_word' id='word_1_638' title='bbox 1756 5052 1796 5108; x_wconf 90' lang='lat' dir='ltr'>ad</span> 
     </span>
     <span class='ocr_line' id='line_1_58' title="bbox 150 5114 1796 5190; baseline 0.004 -18"><span class='ocrx_word' id='word_1_639' title='bbox 150 5119 230 5174; x_wconf 82' lang='lat' dir='ltr'>suna</span> <span class='ocrx_word' id='word_1_640' title='bbox 242 5114 376 5170; x_wconf 88' lang='lat' dir='ltr'>libertatis</span> <span class='ocrx_word' id='word_1_641' title='bbox 387 5116 516 5186; x_wconf 85' lang='lat' dir='ltr'>epocbarn</span> <span class='ocrx_word' id='word_1_642' title='bbox 531 5123 664 5186; x_wconf 83' lang='lat' dir='ltr'>repetunt.</span> <span class='ocrx_word' id='word_1_643' title='bbox 676 5115 722 5180; x_wconf 83' lang='lat' dir='ltr'>tr,</span> <span class='ocrx_word' id='word_1_644' title='bbox 738 5117 808 5170; x_wconf 90' lang='lat' dir='ltr'>bona</span> <span class='ocrx_word' id='word_1_645' title='bbox 821 5130 881 5170; x_wconf 92' lang='lat' dir='ltr'>cum</span> <span class='ocrx_word' id='word_1_646' title='bbox 897 5116 946 5169; x_wconf 88' lang='lat' dir='ltr'>bu·</span> <span class='ocrx_word' id='word_1_647' title='bbox 996 5117 1206 5183; x_wconf 86' lang='lat' dir='ltr'>ordinationem,</span> <span class='ocrx_word' id='word_1_648' title='bbox 1219 5133 1265 5173; x_wconf 90' lang='lat' dir='ltr'>sen</span> <span class='ocrx_word' id='word_1_649' title='bbox 1276 5119 1508 5173; x_wconf 86' lang='lat' dir='ltr'>consecrationem</span> <span class='ocrx_word' id='word_1_650' title='bbox 1517 5117 1796 5190; x_wconf 82' lang='lat' dir='ltr'>successoris,anne</span> 
     </span>
     <span class='ocr_line' id='line_1_59' title="bbox 150 5182 1800 5259; baseline 0.004 -17"><span class='ocrx_word' id='word_1_651' title='bbox 150 5186 231 5258; x_wconf 73' lang='lat' dir='ltr'>jusce</span> <span class='ocrx_word' id='word_1_652' title='bbox 251 5182 389 5256; x_wconf 90' lang='lat' dir='ltr'>opinionis</span> <span class='ocrx_word' id='word_1_653' title='bbox 414 5195 580 5241; x_wconf 88' lang='lat' dir='ltr'>assertorum</span> <span class='ocrx_word' id='word_1_654' title='bbox 606 5185 694 5250; x_wconf 78' lang='lat' dir='ltr'>venia,</span> <span class='ocrx_word' id='word_1_655' title='bbox 715 5186 741 5241; x_wconf 90' lang='lat' dir='ltr'>id</span> <span class='ocrx_word' id='word_1_656' title='bbox 764 5186 860 5241; x_wconf 84' lang='lat' dir='ltr'>iolsnrn</span> <span class='ocrx_word' id='word_1_657' title='bbox 892 5193 944 5240; x_wconf 84' lang='lat' dir='ltr'>est.</span> <span class='ocrx_word' id='word_1_658' title='bbox 996 5188 1121 5244; x_wconf 88' lang='lat' dir='ltr'>omnibus</span> <span class='ocrx_word' id='word_1_659' title='bbox 1150 5189 1177 5242; x_wconf 95' lang='lat' dir='ltr'>in</span> <span class='ocrx_word' id='word_1_660' title='bbox 1200 5189 1338 5244; x_wconf 89' lang='lat' dir='ltr'>codicibus</span> <span class='ocrx_word' id='word_1_661' title='bbox 1364 5196 1392 5243; x_wconf 89' lang='lat' dir='ltr'>et</span> <span class='ocrx_word' id='word_1_662' title='bbox 1415 5187 1546 5259; x_wconf 86' lang='lat' dir='ltr'>catalogis</span> <span class='ocrx_word' id='word_1_663' title='bbox 1558 5203 1607 5257; x_wconf 85' lang='lat' dir='ltr'>per</span> <span class='ocrx_word' id='word_1_664' title='bbox 1623 5190 1800 5248; x_wconf 73' lang='lat' dir='ltr'>vacationem</span> 
     </span>
     <span class='ocr_line' id='line_1_60' title="bbox 151 5256 1797 5333; baseline 0.002 -21"><span class='ocrx_word' id='word_1_665' title='bbox 151 5259 256 5315; x_wconf 75' lang='lat' dir='ltr'>illenim</span> <span class='ocrx_word' id='word_1_666' title='bbox 285 5256 404 5327; x_wconf 88' lang='lat' dir='ltr'>quinque</span> <span class='ocrx_word' id='word_1_667' title='bbox 440 5265 467 5311; x_wconf 90' lang='lat' dir='ltr'>et</span> <span class='ocrx_word' id='word_1_668' title='bbox 499 5257 676 5328; x_wconf 90' lang='lat' dir='ltr'>qnadraginta</span> <span class='ocrx_word' id='word_1_669' title='bbox 706 5257 785 5311; x_wconf 91' lang='lat' dir='ltr'>annis</span> <span class='ocrx_word' id='word_1_670' title='bbox 812 5257 947 5332; x_wconf 80' lang='lat' dir='ltr'>recernior</span> <span class='ocrx_word' id='word_1_671' title='bbox 997 5259 1068 5313; x_wconf 89' lang='lat' dir='ltr'>sedis</span> <span class='ocrx_word' id='word_1_672' title='bbox 1081 5274 1249 5329; x_wconf 84' lang='lat' dir='ltr'>expressum,</span> <span class='ocrx_word' id='word_1_673' title='bbox 1260 5266 1337 5314; x_wconf 81' lang='lat' dir='ltr'>extra</span> <span class='ocrx_word' id='word_1_674' title='bbox 1350 5259 1436 5314; x_wconf 87' lang='lat' dir='ltr'>aleam</span> <span class='ocrx_word' id='word_1_675' title='bbox 1449 5273 1506 5312; x_wconf 91' lang='lat' dir='ltr'>rem</span> <span class='ocrx_word' id='word_1_676' title='bbox 1520 5260 1607 5328; x_wconf 90' lang='lat' dir='ltr'>ponit.</span> <span class='ocrx_word' id='word_1_677' title='bbox 1619 5258 1797 5333; x_wconf 83' lang='lat' dir='ltr'>NolatPape-</span> 
     </span>
     <span class='ocr_line' id='line_1_61' title="bbox 150 5325 1797 5402; baseline 0.003 -21"><span class='ocrx_word' id='word_1_678' title='bbox 150 5326 282 5396; x_wconf 78' lang='lat' dir='ltr'>eiusmodi</span> <span class='ocrx_word' id='word_1_679' title='bbox 306 5327 417 5382; x_wconf 87' lang='lat' dir='ltr'>libertas</span> <span class='ocrx_word' id='word_1_680' title='bbox 431 5328 539 5393; x_wconf 75' lang='lat' dir='ltr'>revixit,</span> <span class='ocrx_word' id='word_1_681' title='bbox 565 5327 652 5383; x_wconf 89' lang='lat' dir='ltr'>sancti</span> <span class='ocrx_word' id='word_1_682' title='bbox 676 5326 799 5397; x_wconf 87' lang='lat' dir='ltr'>Gregorii</span> <span class='ocrx_word' id='word_1_683' title='bbox 821 5325 855 5381; x_wconf 90' lang='lat' dir='ltr'>ltt</span> <span class='ocrx_word' id='word_1_684' title='bbox 877 5341 944 5392; x_wconf 81' lang='lat' dir='ltr'>ano,</span> <span class='ocrx_word' id='word_1_685' title='bbox 996 5328 1124 5383; x_wconf 85' lang='lat' dir='ltr'>brncbins</span> <span class='ocrx_word' id='word_1_686' title='bbox 1137 5328 1313 5401; x_wconf 65' lang='lat' dir='ltr'>(donatierat.</span> <span class='ocrx_word' id='word_1_687' title='bbox 1329 5327 1427 5383; x_wconf 79' lang='lat' dir='ltr'>Cliton.</span> <span class='ocrx_word' id='word_1_688' title='bbox 1438 5345 1466 5382; x_wconf 91' lang='lat' dir='ltr'>n.</span> <span class='ocrx_word' id='word_1_689' title='bbox 1480 5329 1507 5393; x_wconf 78' lang='lat'>3,</span> <span class='ocrx_word' id='word_1_690' title='bbox 1523 5345 1584 5400; x_wconf 90' lang='lat' dir='ltr'>pag.</span> <span class='ocrx_word' id='word_1_691' title='bbox 1609 5330 1670 5402; x_wconf 81' lang='lat' dir='ltr'>tet)</span> <span class='ocrx_word' id='word_1_692' title='bbox 1682 5345 1731 5387; x_wconf 79' lang='lat' dir='ltr'>sex</span> <span class='ocrx_word' id='word_1_693' title='bbox 1742 5333 1797 5386; x_wconf 89' lang='lat' dir='ltr'>nri-</span> 
     </span>
     <span class='ocr_line' id='line_1_62' title="bbox 151 5397 1796 5470; baseline 0.002 -19"><span class='ocrx_word' id='word_1_694' title='bbox 151 5412 213 5451; x_wconf 89' lang='lat' dir='ltr'>crnn</span> <span class='ocrx_word' id='word_1_695' title='bbox 226 5413 297 5453; x_wconf 92' lang='lat' dir='ltr'>anno</span> <span class='ocrx_word' id='word_1_696' title='bbox 309 5397 370 5464; x_wconf 75' lang='lat' dir='ltr'>tat,</span> <span class='ocrx_word' id='word_1_697' title='bbox 385 5413 432 5454; x_wconf 92' lang='lat' dir='ltr'>seu</span> <span class='ocrx_word' id='word_1_698' title='bbox 443 5398 533 5470; x_wconf 91' lang='lat' dir='ltr'>potius</span> <span class='ocrx_word' id='word_1_699' title='bbox 542 5398 675 5468; x_wconf 87' lang='lat' dir='ltr'>sequenti,</span> <span class='ocrx_word' id='word_1_700' title='bbox 689 5406 839 5453; x_wconf 78' lang='lat' dir='ltr'>sanctores</span> <span class='ocrx_word' id='word_1_701' title='bbox 860 5436 866 5449; x_wconf 87' lang='lat'><em>.</em></span> <span class='ocrx_word' id='word_1_702' title='bbox 879 5412 946 5452; x_wconf 90' lang='lat' dir='ltr'>con-</span> <span class='ocrx_word' id='word_1_703' title='bbox 996 5398 1101 5453; x_wconf 87' lang='lat' dir='ltr'>uimum</span> <span class='ocrx_word' id='word_1_704' title='bbox 1111 5399 1291 5454; x_wconf 87' lang='lat' dir='ltr'>hebdomades</span> <span class='ocrx_word' id='word_1_705' title='bbox 1302 5400 1452 5469; x_wconf 81' lang='lat' dir='ltr'>exspectari</span> <span class='ocrx_word' id='word_1_706' title='bbox 1461 5400 1634 5455; x_wconf 81' lang='lat' dir='ltr'>consuevisse</span> <span class='ocrx_word' id='word_1_707' title='bbox 1647 5399 1796 5457; x_wconf 80' lang='lat' dir='ltr'>confirma-</span> 
     </span>
     <span class='ocr_line' id='line_1_63' title="bbox 151 5411 856 5541; baseline 0.001 -21"><span class='ocrx_word' id='word_1_708' title='bbox 151 5466 245 5520; x_wconf 82' lang='lat' dir='ltr'>stituta</span> <span class='ocrx_word' id='word_1_709' title='bbox 258 5476 310 5532; x_wconf 83' lang='lat' dir='ltr'>est,</span> <span class='ocrx_word' id='word_1_710' title='bbox 327 5467 421 5526; x_wconf 69' lang='lat' dir='ltr'>Graeca</span> <span class='ocrx_word' id='word_1_711' title='bbox 436 5469 471 5524; x_wconf 88' lang='lat' dir='ltr'>int</span> <span class='ocrx_word' id='word_1_712' title='bbox 495 5469 575 5525; x_wconf 87' lang='lat' dir='ltr'>ietate</span> <span class='ocrx_word' id='word_1_713' title='bbox 596 5468 630 5524; x_wconf 89' lang='lat' dir='ltr'>ad</span> <span class='ocrx_word' id='word_1_714' title='bbox 647 5468 674 5524; x_wconf 92' lang='lat' dir='ltr'>id</span> <span class='ocrx_word' id='word_1_715' title='bbox 687 5478 809 5541; x_wconf 87' lang='lat' dir='ltr'>cogente.</span> <span class='ocrx_word' id='word_1_716' title='bbox 833 5411 856 5520; x_wconf 56' lang='lat' dir='ltr'><em>K</em></span> 
     </span>
     <span class='ocr_line' id='line_1_64' title="bbox 154 5487 1797 5610; baseline 0.005 -19"><span class='ocrx_word' id='word_1_717' title='bbox 154 5544 274 5604; x_wconf 90' lang='lat' dir='ltr'>tempora</span> <span class='ocrx_word' id='word_1_718' title='bbox 304 5539 440 5596; x_wconf 92' lang='lat' dir='ltr'>ordinatio</span> <span class='ocrx_word' id='word_1_719' title='bbox 468 5487 606 5597; x_wconf 61' lang='lat' dir='ltr'>decretum</span> <span class='ocrx_word' id='word_1_720' title='bbox 641 5539 798 5595; x_wconf 82' lang='lat' dir='ltr'>Ratertnam</span> <span class='ocrx_word' id='word_1_721' title='bbox 833 5536 946 5593; x_wconf 89' lang='lat' dir='ltr'>missurn</span> <span class='ocrx_word' id='word_1_722' title='bbox 997 5539 1133 5610; x_wconf 89' lang='lat' dir='ltr'>quatridui</span> <span class='ocrx_word' id='word_1_723' title='bbox 1158 5547 1262 5594; x_wconf 90' lang='lat' dir='ltr'>tantum</span> <span class='ocrx_word' id='word_1_724' title='bbox 1288 5541 1323 5596; x_wconf 88' lang='lat' dir='ltr'>ab</span> <span class='ocrx_word' id='word_1_725' title='bbox 1346 5539 1425 5609; x_wconf 84' lang='lat' dir='ltr'>hujus</span> <span class='ocrx_word' id='word_1_726' title='bbox 1450 5541 1524 5597; x_wconf 85' lang='lat' dir='ltr'>obitu</span> <span class='ocrx_word' id='word_1_727' title='bbox 1544 5540 1628 5595; x_wconf 89' lang='lat' dir='ltr'>distat</span> <span class='ocrx_word' id='word_1_728' title='bbox 1652 5540 1797 5599; x_wconf 61' lang='lat' dir='ltr'>Zacharia</span> 
     </span>
     <span class='ocr_line' id='line_1_65' title="bbox 152 5605 1790 5687; baseline 0.002 -25"><span class='ocrx_word' id='word_1_729' title='bbox 152 5605 325 5687; x_wconf 55' lang='lat' dir='ltr'>sequebatur:</span> <span class='ocrx_word' id='word_1_730' title='bbox 333 5606 461 5680; x_wconf 88' lang='lat' dir='ltr'>Obsequii</span> <span class='ocrx_word' id='word_1_731' title='bbox 475 5613 565 5684; x_wconf 88' lang='lat' dir='ltr'>potins</span> <span class='ocrx_word' id='word_1_732' title='bbox 577 5627 659 5683; x_wconf 91' lang='lat' dir='ltr'>quam</span> <span class='ocrx_word' id='word_1_733' title='bbox 672 5609 842 5666; x_wconf 83' lang='lat' dir='ltr'>necessitatis</span> <span class='ocrx_word' id='word_1_734' title='bbox 854 5623 945 5674; x_wconf 77' lang='lat' dir='ltr'>causa,</span> <span class='ocrx_word' id='word_1_735' title='bbox 996 5610 1141 5666; x_wconf 91' lang='lat' dir='ltr'>ordinatio.</span> <span class='ocrx_word' id='word_1_736' title='bbox 1155 5610 1204 5665; x_wconf 87' lang='lat' dir='ltr'>ilie</span> <span class='ocrx_word' id='word_1_737' title='bbox 1251 5619 1276 5665; x_wconf 90' lang='lat' dir='ltr'>st</span> <span class='ocrx_word' id='word_1_738' title='bbox 1285 5612 1357 5666; x_wconf 90' lang='lat' dir='ltr'>bunc</span> <span class='ocrx_word' id='word_1_739' title='bbox 1375 5610 1535 5666; x_wconf 87' lang='lat' dir='ltr'>duodecimo</span> <span class='ocrx_word' id='word_1_740' title='bbox 1544 5620 1719 5667; x_wconf 86' lang='lat' dir='ltr'>consecratur</span> <span class='ocrx_word' id='word_1_741' title='bbox 1732 5610 1790 5666; x_wconf 69' lang='lat' dir='ltr'>Sta</span> 
     </span>
     <span class='ocr_line' id='line_1_66' title="bbox 152 5678 1797 5758; baseline 0.003 -26"><span class='ocrx_word' id='word_1_742' title='bbox 152 5687 391 5758; x_wconf 75' lang='lat' dir='ltr'>eorrsensmntsqne</span> <span class='ocrx_word' id='word_1_743' title='bbox 406 5682 497 5748; x_wconf 87' lang='lat' dir='ltr'>potius</span> <span class='ocrx_word' id='word_1_744' title='bbox 520 5698 602 5752; x_wconf 89' lang='lat' dir='ltr'>quam</span> <span class='ocrx_word' id='word_1_745' title='bbox 623 5680 837 5737; x_wconf 79' lang='lat' dir='ltr'>confirmationis</span> <span class='ocrx_word' id='word_1_746' title='bbox 852 5679 947 5748; x_wconf 83' lang='lat' dir='ltr'>erqui-</span> <span class='ocrx_word' id='word_1_747' title='bbox 997 5680 1103 5750; x_wconf 82' lang='lat' dir='ltr'>pbanus</span> <span class='ocrx_word' id='word_1_748' title='bbox 1113 5679 1135 5736; x_wconf 91' lang='lat' dir='ltr'>lt</span> <span class='ocrx_word' id='word_1_749' title='bbox 1229 5722 1236 5742; x_wconf 85' lang='lat'><em>.</em></span> <span class='ocrx_word' id='word_1_750' title='bbox 1253 5690 1281 5737; x_wconf 91' lang='lat' dir='ltr'>et</span> <span class='ocrx_word' id='word_1_751' title='bbox 1293 5678 1392 5737; x_wconf 84' lang='lat' dir='ltr'>Paulus</span> <span class='ocrx_word' id='word_1_752' title='bbox 1409 5696 1469 5750; x_wconf 75' lang='lat' dir='ltr'>etus</span> <span class='ocrx_word' id='word_1_753' title='bbox 1481 5681 1566 5738; x_wconf 75' lang='lat' dir='ltr'>linter</span> <span class='ocrx_word' id='word_1_754' title='bbox 1579 5680 1797 5753; x_wconf 72' lang='lat' dir='ltr'>interpontificio</span> 
     </span>
     <span class='ocr_line' id='line_1_67' title="bbox 154 5746 1801 5823; baseline 0.002 -18"><span class='ocrx_word' id='word_1_755' title='bbox 154 5746 243 5805; x_wconf 76' lang='lat' dir='ltr'>nota</span> <span class='ocrx_word' id='word_1_756' title='bbox 267 5754 355 5817; x_wconf 87' lang='lat' dir='ltr'>grana</span> <span class='ocrx_word' id='word_1_757' title='bbox 368 5747 506 5806; x_wconf 86' lang='lat' dir='ltr'>decretum</span> <span class='ocrx_word' id='word_1_758' title='bbox 520 5752 661 5809; x_wconf 90' lang='lat' dir='ltr'>electionis</span> <span class='ocrx_word' id='word_1_759' title='bbox 685 5751 859 5808; x_wconf 74' lang='lat' dir='ltr'>consuevisse</span> <span class='ocrx_word' id='word_1_760' title='bbox 875 5748 947 5805; x_wconf 91' lang='lat' dir='ltr'>mitti</span> <span class='ocrx_word' id='word_1_761' title='bbox 999 5753 1227 5809; x_wconf 85' lang='lat' dir='ltr'>menstrnoabeo</span> <span class='ocrx_word' id='word_1_762' title='bbox 1241 5749 1555 5821; x_wconf 80' lang='lat' dir='ltr'>disjungiturobnatnrn</span> <span class='ocrx_word' id='word_1_763' title='bbox 1568 5753 1697 5820; x_wconf 76' lang='lat' dir='ltr'>sciiisnra,</span> <span class='ocrx_word' id='word_1_764' title='bbox 1718 5748 1801 5823; x_wconf 79' lang='lat' dir='ltr'>quod</span> 
     </span>
    </p>
   </div>
   <div class='ocr_carea' id='block_1_14' title="bbox 858 5468 1793 5551">
    <p class='ocr_par' dir='ltr' id='par_1_15' title="bbox 858 5468 1793 5551">
     <span class='ocr_line' id='line_1_68' title="bbox 858 5468 1793 5551; baseline 0.006 -29"><span class='ocrx_word' id='word_1_765' title='bbox 858 5475 946 5523; x_wconf 91' lang='lat' dir='ltr'>nteea</span> <span class='ocrx_word' id='word_1_766' title='bbox 997 5468 1098 5524; x_wconf 89' lang='lat' dir='ltr'>tionem</span> <span class='ocrx_word' id='word_1_767' title='bbox 1129 5469 1242 5524; x_wconf 90' lang='lat' dir='ltr'>decreti.</span> <span class='ocrx_word' id='word_1_768' title='bbox 1272 5470 1307 5525; x_wconf 77' lang='lat' dir='ltr'>lit</span> <span class='ocrx_word' id='word_1_769' title='bbox 1336 5479 1398 5538; x_wconf 87' lang='lat' dir='ltr'>post</span> <span class='ocrx_word' id='word_1_770' title='bbox 1425 5468 1585 5551; x_wconf 86' lang='lat' dir='ltr'>Gregoriutn</span> <span class='ocrx_word' id='word_1_771' title='bbox 1612 5486 1692 5526; x_wconf 89' lang='lat' dir='ltr'>secus</span> <span class='ocrx_word' id='word_1_772' title='bbox 1718 5470 1793 5528; x_wconf 83' lang='lat' dir='ltr'>luit:</span> 
     </span>
    </p>
   </div>
   <div class='ocr_carea' id='block_1_15' title="bbox 0 0 1899 6116">
    <p class='ocr_par' dir='ltr' id='par_1_16' title="bbox 0 0 1899 6116">
     <span class='ocr_line' id='line_1_69' title="bbox 0 0 1899 6116; baseline 0 0"><span class='ocrx_word' id='word_1_773' title='bbox 0 0 1899 6116; x_wconf 95' lang='lat' dir='ltr'> </span> 
     </span>
    </p>
   </div>
  </div>
 </body>
</html>
