3780 6120
94 279 161 338 lilla
483 277 569 337 ttoni
587 278 757 337 danotlsl.
778 307 812 318 -·
828 274 939 333 carto.
960 275 1004 329 DE
1022 275 1116 331 iliad.
1136 306 1172 317 ·-
1191 276 1255 332 Llil.
1274 276 1309 333 ly

89 396 226 458 uitiatum,
242 407 277 449 oe
290 390 360 448 lorte
379 388 492 459 alicuius
508 392 643 447 haeresem
655 403 810 461 perversum
828 387 879 445 do·
891 391 918 451 Α
932 386 1075 442 admodum
1088 386 1189 443 lactum
1211 389 1246 443 sit
1258 430 1266 453 ,
1279 390 1387 459 penitus
1408 392 1556 447 dubitetur.
1572 393 1640 451 llam
1655 397 1720 453 dunt

88 501 151 556 ὅπη.
166 482 254 539 nitore
266 481 430 551 eloquentiae
449 489 559 546 tectum,
573 488 600 536 et
620 481 697 550 quasi
712 478 879 549 spiritalibus
930 492 1040 547 prorsus
1059 493 1094 532 an
1111 478 1138 533 id
1152 481 1224 548 quod
1248 480 1341 534 retulit
1356 480 1427 535 idem
1443 483 1585 554 presbyter
1608 485 1635 540 in
1649 488 1718 545 reri·

88 573 212 628 sensibus
229 571 379 627 immistum
400 570 515 624 interius
527 569 609 624 lateat
630 571 832 631 obumbratum,
852 573 880 621 ct
931 576 1102 640 tategestum
1120 569 1155 624 sit
1175 570 1323 640 ignoretur,
1347 572 1452 628 etianrsi
1476 576 1633 634 inveritate
1656 595 1719 651 ges.

1652 284 1726 341 troo·
1791 316 1810 355 2

87 663 151 718 dum
166 671 283 733 putatae
297 662 359 732 quis
375 662 459 717 divini
475 662 549 717 verbi
569 661 709 731 percipere
722 674 878 723 nummum,

87 753 170 808 virosi
184 752 319 822 dogmatis
329 752 459 822 pereipiat
470 751 608 807 exitiabile
617 751 727 806 malum.
741 750 879 817 Quaeritur

86 862 122 901 au
137 845 208 915 regis
221 845 288 899 ineo
301 844 337 898 sit
347 843 498 912 inscriptio,
513 858 547 898 au
564 843 683 913 tyranni,
699 843 762 912 quia
773 841 878 897 scilicet

86 939 164 994 buca
177 936 342 992 doctissimis
357 936 424 989 viris
434 936 461 990 in
474 934 626 1003 hujusmodi
639 934 781 1005 seripturis
792 933 878 989 soler-

87 1029 192 1084 tissima
207 1026 378 1097 indagatione
389 1034 585 1095 perscrutatur,
605 1034 696 1081 utrium
710 1024 744 1080 ad
762 1023 877 1079 salutem

87 1121 184 1175 azriruae
196 1119 349 1191 pertineant
359 1126 387 1172 et
401 1117 471 1187 rogis
484 1117 581 1182 nostri,
595 1115 640 1184 qui
650 1115 769 1171 salrator
779 1115 822 1169 rel
833 1130 878 1170 sa-

86 1209 184 1264 lutaris
196 1208 305 1271 dicitnr,
325 1206 454 1263 salinaria
476 1207 577 1262 morrita
600 1207 727 1268 babeant,
744 1221 779 1261 nc
792 1204 876 1270 sorte,

86 1300 243 1371 postpositis
255 1298 308 1362 bis,
320 1298 423 1366 antiqui
439 1298 524 1351 bostis
535 1297 657 1366 quaedam
670 1296 750 1350 noxia
774 1294 877 1351 rtraclri·

86 1398 214 1444 tramenta
228 1390 356 1451 babeant,
369 1396 397 1442 et
409 1389 472 1441 ibim
487 1388 640 1456 sequendus
658 1387 693 1440 sit
707 1387 740 1452 is,
758 1387 803 1455 qni
825 1386 873 1450 ait,

86 1482 158 1536 Dato
167 1491 205 1535 eat
215 1481 279 1534 milri
288 1482 373 1533 ornatis
382 1489 493 1549 potestus
502 1480 530 1533 ln
543 1477 606 1533 celo
617 1488 640 1532 et
650 1480 677 1532 in
687 1476 875 1547 tertulliani.

930 668 987 714 tum
1007 657 1090 716 luisse
1100 662 1268 731 probaretur,
1282 663 1424 719 sollicitius
1446 666 1627 736 indagandum
1642 671 1719 725 essct

929 765 1044 820 quornm
1059 752 1138 808 modo
1157 760 1261 822 gestum
1274 752 1358 809 luisse
1377 756 1578 823 perhiberetur,
1590 761 1718 828 qnoniam

928 842 1037 911 quidem
1053 842 1183 897 miracula
1196 843 1331 898 interdum
1354 859 1403 914 pcr
1417 848 1557 915 reprobos,
1582 849 1719 905 interdum

928 936 1011 993 etiarn
1024 952 1073 1007 per
1084 937 1172 993 aerias
1195 946 1352 1009 potestates,
1380 938 1537 1010 plerumque
1562 954 1651 997 tamen
1672 959 1721 1014 per

928 1034 1036 1082 sanctos
1047 1043 1168 1098 quosque
1181 1029 1238 1084 sire
1258 1043 1306 1097 per
1325 1029 1446 1099 angelica
1461 1030 1612 1086 ministeria
1639 1032 1718 1087 stunt.

928 1116 1005 1183 Quod
1017 1117 1041 1172 si
1056 1118 1172 1187 quodam
1185 1117 1289 1186 antiqui
1305 1119 1393 1173 bostis
1404 1118 1603 1177 flexuosissimo
1614 1120 1719 1176 machi·

928 1216 1056 1263 nantento
1070 1216 1159 1265 actum
1173 1216 1224 1275 est,
1240 1224 1292 1263 non
1309 1209 1396 1264 solnm
1408 1226 1442 1264 er
1455 1227 1488 1266 eo
1498 1212 1609 1267 minime
1618 1213 1718 1283 poterit

930 1297 1076 1368 imaginum
1102 1299 1224 1354 aderratio
1238 1299 1334 1364 astrui,
1361 1299 1408 1355 sed
1423 1302 1578 1357 etiamnum
1608 1310 1719 1359 auctore

928 1406 978 1445 suo
995 1390 1153 1459 cunctisque
1171 1391 1229 1459 ey'ns
1244 1391 1412 1446 illusionibus
1431 1401 1561 1461 perpetuo
1576 1394 1655 1450 debet
1669 1395 1718 1450 ab

926 1479 989 1549 jici;
1002 1482 1025 1535 si
1042 1496 1105 1535 uero
1117 1497 1165 1551 per
1180 1482 1316 1551 angelicos
1332 1491 1479 1551 apparatus
1496 1493 1601 1553 gestum
1612 1495 1663 1546 est,
1690 1493 1720 1540 ut

86 1571 196 1641 ararit),
212 1572 257 1640 qui
274 1586 322 1640 per
335 1570 516 1624 birruilitatcm
530 1577 636 1623 terrena
656 1565 812 1621 coelestibus
835 1579 879 1619 so-
929 1572 1056 1641 pleraquo
1066 1572 1141 1641 signa
1154 1572 1210 1627 fieri
1224 1572 1321 1635 solent,
1336 1588 1387 1627 nc
1404 1588 1436 1627 cx
1450 1588 1482 1628 eo
1498 1574 1605 1642 quidem
1618 1574 1658 1630 rei
1673 1590 1720 1630 cn·

85 1665 180 1730 clarit,
193 1665 245 1728 ille,
260 1665 333 1734 quod
344 1663 424 1727 absit,
439 1670 569 1731 sequatur
587 1659 633 1730 qui
646 1659 710 1714 dnm
722 1672 771 1726 por
785 1666 878 1727 tyran·
927 1663 1034 1733 jusdam
1051 1665 1216 1720 irrationalis
1228 1666 1350 1721 adoratio
1363 1665 1460 1736 poterit
1479 1666 1637 1731 inolescere,
1653 1681 1720 1736 qno-

46 1783 49 1790 *
85 1756 177 1812 nidem
192 1755 288 1810 similis
301 1753 674 1819 ditissimoarrogautercsse
683 1746 878 1811 voluit,dirino
893 1729 916 1789 Β
931 1755 1003 1809 niam
1014 1755 1169 1810 cyegyygyyus
1182 1756 1290 1825 quidem
1303 1765 1344 1812 ρει
1356 1755 1408 1813 poc
1419 1757 1581 1812 miraculum
1592 1758 1644 1815 ,θοι
1659 1774 1721 1814 gan.

81 1849 236 1919 Jnstissimo
257 1847 361 1916 iudicio
386 1846 420 1901 ad
445 1843 572 1899 interiora
593 1842 713 1911 dilapsus
734 1838 879 1893 infeliciter
928 1843 1717 1918 ctireuerentiapotiusquamalicujusirnaginispraesentia

84 1943 153 1996 ruit.
170 1940 304 2007 eroeritur
314 1939 427 1992 etiams
450 1936 551 1990 talibus
566 1931 764 1995 nummularius,
785 1938 877 1985 utrum
928 1945 1034 2006 gestum
1054 1934 1147 2000 luisse,
1162 1936 1185 1990 sl
1200 1945 1290 1992 tanuen
1306 1946 1411 2006 gestum
1426 1946 1478 1993 est.
1499 1939 1715 1995 venerabiliores

86 2031 157 2084 tanti
193 2029 398 2100 patrisfamilias
431 2041 559 2081 nummus
577 2023 728 2095 plenissimi
751 2020 879 2091 ponderis
927 2029 1000 2083 aerim
1016 2036 1079 2083 sunt
1102 2028 1221 2083 basilice
1245 2030 1371 2098 imagine,
1396 2037 1425 2085 et
1449 2031 1632 2086 reverentiora
1655 2042 1719 2086 sunt

84 2121 267 2192 :equalitatem
288 2129 371 2192 gerat,
385 2120 412 2174 id
432 2128 484 2184 est,
496 2127 587 2172 utrum
603 2116 726 2171 electrina
752 2114 879 2184 quaelibet
928 2118 986 2173 loca
1000 2118 1117 2174 cultibus
1131 2120 1282 2190 mancipata
1294 2120 1402 2184 divinis,
1414 2120 1579 2189 quibuslibet
1595 2121 1718 2190 picturis,

84 2215 253 2286 propheticis
265 2223 346 2282 atique
358 2212 513 2282 apostolicis
525 2196 658 2265 doctrinis
671 2205 826 2268 concordet,
844 2219 879 2260 nc
928 2209 1043 2264 Dornino
1057 2218 1211 2274 attestante,
1226 2212 1273 2281 qni
1285 2211 1373 2281 ruajns
1387 2212 1453 2266 dixit
1467 2228 1527 2268 csse
1541 2213 1626 2268 altare
1635 2228 1716 2282 qnam

86 2306 160 2360 l'orte
183 2305 236 2360 illis
258 2303 456 2374 quodammodo
476 2301 640 2356 dissentiens
668 2305 715 2352 ant
743 2293 879 2365 superflua
928 2300 1196 2368 niurrusqnodineo
1212 2300 1335 2367 offertur,
1355 2300 1495 2372 majusque
1513 2319 1573 2359 csse
1589 2304 1718 2373 templum

84 2413 202 2466 qumque
216 2408 261 2451 eut
274 2397 363 2450 minns
376 2394 453 2465 plena
464 2392 625 2463 promulget,
638 2390 766 2460 quoniam
783 2395 811 2442 cl
830 2387 877 2442 do-
929 2406 995 2446 auro
1005 2393 1075 2460 quod
1087 2393 1112 2446 in
1126 2408 1158 2447 eo
1172 2400 1224 2457 ost,
1240 2395 1303 2463 qnia
1314 2394 1416 2465 templo
1428 2405 1455 2451 et
1464 2395 1543 2450 altari
1554 2411 1651 2450 aarum
1662 2397 1720 2450 sire

85 2490 165 2545 traria
178 2489 238 2543 anri
252 2496 280 2542 et
290 2487 395 2558 argenti
408 2501 468 2555 quc
480 2484 506 2538 in
520 2497 601 2553 opcre
615 2480 816 2548 tabernaculis
831 2494 880 2548 po-
930 2498 1042 2537 nmnera
1069 2493 1270 2539 consecrantur.
1298 2485 1425 2552 Legimus
1464 2501 1580 2556 namque
1608 2487 1718 2542 beatum
1773 2500 1777 2508 ·

85 2578 152 2649 qrirlo
162 2577 354 2642 offerebantur,
369 2592 383 2629 a
403 2575 557 2645 legislatore
567 2574 601 2628 ad
616 2571 877 2643 pondnssanctuarii
928 2573 1089 2644 Gregorium
1100 2576 1201 2632 dixisse
1215 2577 1286 2647 quod
1296 2578 1322 2630 in
1337 2578 1720 2649 quadambasilicaingruente

84 2684 205 2739 appensa
230 2669 457 2738 suscipiebantur.
491 2665 568 2720 Unde
594 2663 673 2718 datur
691 2662 805 2732 intelligi
831 2674 879 2715 cas
930 2666 1141 2721 insolentissima
1160 2682 1292 2737 aquarum
1308 2669 1444 2724 alluvione
1460 2668 1617 2724 earumdem
1638 2683 1722 2738 aqua-

84 2761 236 2831 scriptnras
259 2760 316 2815 sive
343 2759 492 2821 doctrinas,
507 2757 551 2812 vel
575 2757 658 2812 etiam
672 2769 756 2825 opera
779 2771 794 2808 a
814 2768 879 2809 uero
906 2808 912 2819 ,
930 2773 990 2811 rum
1005 2757 1129 2814 incursus
1140 2772 1225 2827 usque
1239 2759 1273 2815 ad
1286 2760 1417 2815 fenestras
1430 2760 1611 2830 pervenerint,
1623 2774 1723 2830 easque

84 2850 253 2920 legislatore,
267 2849 416 2905 mediatore
426 2848 552 2903 videlicet
567 2846 614 2902 bei
627 2855 655 2900 ct
670 2845 819 2905 bominum,
833 2859 880 2899 ro·
930 2846 1004 2901 intus
1018 2848 1123 2903 Donrini
1146 2848 1246 2903 uirtute
1264 2849 1406 2904 resistente
1425 2851 1536 2904 nrirrime
1555 2850 1658 2906 intrare
1675 2864 1723 2920 po·

85 2942 190 2997 rariter
215 2942 286 2996 intra
304 2947 426 2996 sanctam
438 2937 588 2993 Ecclesiam
612 2950 673 2991 esse
693 2934 879 3003 suscipienda,
929 2936 1024 2998 tuisse,
1038 2935 1216 2991 etluminaria
1228 2937 1723 3007 quanacustmlibnsbasilicedndum

85 3046 148 3101 qnae
161 3046 175 3085 a
189 3032 307 3100 pondere
320 3027 479 3092 sanctuarii,
501 3027 527 3082 id
539 3035 581 3082 εει
597 3026 631 3081 ab
642 3027 816 3095 antiquorum
830 3042 880 3096 pa·

86 3133 159 3178 trnm
173 3138 279 3187 norma,
292 3135 461 3190 nequaquam
476 3127 540 3174 sunt
554 3118 680 3174 sensibus
700 3117 741 3172 rel
751 3118 879 3188 operibus

84 3215 250 3283 disgregata.
266 3212 329 3266 lianc
342 3226 407 3281 ergo
419 3210 510 3265 omnia
522 3210 585 3263 durn
610 3208 765 3279 singillatim
779 3208 836 3263 sire
850 3208 878 3264 in

84 3303 165 3359 libris
175 3301 221 3370 qui
233 3301 422 3356 inscribuntur
439 3298 521 3354 Gesta
536 3297 658 3360 Patrnm,
673 3298 729 3351 sire
740 3298 767 3352 in
788 3297 878 3353 omni-

85 3393 139 3446 lun
163 3390 263 3459 passim
288 3388 460 3458 dogmatibus
483 3386 584 3441 luerint
608 3386 733 3456 pnnlenti
755 3386 880 3440 examine

84 3481 201 3552 qrrasita
215 3489 243 3536 ct
253 3495 357 3534 summa
369 3479 501 3533 industria
513 3487 631 3547 reperta,
640 3476 806 3532 confidenter
815 3484 880 3531 sunt

84 3573 244 3628 eorumdem
256 3573 386 3629 librorum
408 3571 533 3640 dogmata
548 3569 590 3623 rel
608 3569 762 3623 testimonia
782 3567 816 3621 ad
835 3581 879 3622 rcs

85 3663 186 3718 dubias
196 3662 396 3717 continuandas
409 3663 436 3715 in
451 3662 568 3715 medinm
580 3660 752 3723 deducenda;
766 3673 816 3712 nec
828 3673 878 3728 po·

84 3754 152 3809 terit
166 3755 227 3809 talis
251 3753 364 3823 pecunia
389 3768 404 3805 a
424 3752 545 3822 quolibet
566 3750 723 3820 improbari,
748 3765 809 3819 quae
830 3764 880 3818 per

83 3846 155 3900 tales
166 3845 314 3914 trapezitas
329 3844 397 3898 tund
411 3841 544 3898 examinis
556 3841 728 3912 indagatione
740 3840 879 3908 valuitap-

83 3937 208 4007 probari.

398 4022 512 4080 CAPUT
531 4022 588 4077 llll.

85 4137 234 4207 Decoquod
242 4134 840 4208 Dionysiuspresbytererclesirrascalonitano!
849 4137 877 4191 in

120 4207 212 4261 eodem
223 4209 322 4277 synodo
336 4207 453 4261 retulisse
467 4207 559 4276 sertor,
571 4205 710 4276 quemdum
720 4207 877 4260 menardum

120 4294 211 4332 corum
226 4278 339 4346 lanugine
359 4288 458 4331 ιιιιιειιε
475 4275 570 4329 Murice
591 4291 692 4344 seraper
708 4275 815 4345 uirginis
838 4276 879 4329 la·

121 4363 228 4401 cernam
247 4346 418 4409 illuminasse,
443 4357 466 4400 et
491 4354 548 4416 post
562 4346 667 4398 tertirnn
692 4343 730 4398 uel
756 4346 878 4414 quintum

120 4432 168 4471 sert
182 4417 371 4499 etinmaextum
388 4433 502 4470 inensem
522 4414 672 4468 redeuntem
692 4415 877 4469 literatinrmm

121 4502 259 4559 reperiare.

120 4619 234 4688 Legitur
247 4618 362 4688 denique
386 4617 414 4672 in
428 4615 547 4685 ejusdem
565 4612 661 4686 synodi
686 4614 801 4670 lectione
816 4614 878 4670 iiio-

84 4708 182 4779 aysius
195 4706 338 4778 presbyter
348 4705 469 4763 ecclesiae
483 4704 681 4760 ascalonitanae
693 4704 720 4759 in
732 4719 805 4776 sape
820 4719 880 4759 irre-

84 4809 191 4857 morala
207 4800 311 4870 synodo
324 4798 448 4854 retulisse
455 4796 600 4867 quemdam
613 4797 775 4850 monachum
787 4811 880 4851 coram

85 4891 203 4960 imagine
216 4892 307 4951 beatae,
319 4890 367 4947 liei
385 4889 525 4961 genitricis
541 4887 633 4942 Mariae
647 4886 786 4941 incernam
808 4899 876 4939 con·

85 4985 222 5049 einuasse,
230 4990 323 5053 etpost
331 4989 458 5053 quartum
469 4981 511 5035 rel
517 4981 640 5050 quintum
655 4993 704 5033 nec
714 4992 766 5032 non
780 4985 807 5032 et
819 4990 897 5031 εει--

86 5080 145 5127 tum
165 5086 287 5127 mensem
309 5072 500 5128 inexstinctam
532 5070 675 5140 reperisse.
701 5067 753 5135 Qui
774 5067 880 5122 relatus

85 5165 162 5229 dun,
176 5163 248 5217 sicut
257 5171 283 5219 el
295 5170 394 5218 catera
412 5178 473 5233 qum
486 5161 584 5217 ibidem
599 5160 683 5216 relata
695 5168 767 5222 sunt,
781 5173 834 5212 non
846 5158 881 5213 ob

86 5255 161 5312 aliud
184 5253 267 5311 luerit
282 5255 390 5320 allatus,
410 5255 462 5310 nisi
475 5255 510 5309 ob
532 5253 679 5323 imaginum
691 5249 880 5306 stabiliendam

86 5347 284 5411 adorationem,
298 5360 350 5402 nec
362 5346 396 5401 dc
409 5361 442 5400 eo
455 5344 526 5399 sicut
539 5359 589 5398 nec
599 5342 633 5397 de
656 5341 762 5397 ceteris
785 5341 880 5395 eadem

87 5434 237 5507 imaginum
251 5434 374 5493 adoratio
389 5433 533 5504 quemdam
548 5432 648 5504 polerit
668 5431 792 5487 obtinere
803 5430 881 5501 rigo·

86 5540 157 5591 rem,
168 5525 338 5596 qnippecum
350 5534 378 5580 ct
389 5526 422 5579 de
434 5522 492 5593 ejus
502 5522 555 5578 ilde
569 5523 613 5592 qni
628 5522 655 5578 id
669 5520 801 5590 retulerit,
811 5529 838 5577 et
849 5522 882 5576 dc

87 5613 161 5670 lacto
180 5623 270 5671 utrum
285 5614 386 5672 laetum
401 5614 446 5680 sit,
460 5622 488 5669 et
501 5613 535 5669 dc
560 5621 691 5683 tenpore,
704 5614 814 5683 quando
838 5614 881 5669 ia-

88 5706 357 5775 etumsit,ctdelooo
370 5707 415 5763 ubi
430 5703 530 5761 lactum
545 5703 589 5769 sit,
605 5711 634 5760 ct
645 5703 678 5760 de
689 5704 770 5759 modo
784 5719 881 5773 quent-

932 3022 1039 3079 lucrant
1051 3025 1200 3090 exstincta,
1222 3027 1255 3080 ab
1266 3027 1367 3081 eisdem
1380 3028 1538 3082 custodibus
1553 3029 1724 3098 postmodum
1806 3082 1828 3111 ,ἱ

932 3114 1084 3173 illuminata
1101 3126 1206 3188 reperta
1222 3117 1323 3172 inisse:
1346 3119 1418 3187 quod
1436 3119 1544 3187 quidem
1564 3118 1724 3175 miraculum

931 3222 985 3261 non
1010 3207 1135 3278 imaginis
1148 3207 1300 3276 cuiuslibet,
1326 3208 1373 3263 scd
1394 3210 1481 3265 salicti
1501 3210 1551 3265 loci
1573 3211 1725 3266 reuerentia

931 3297 1033 3353 laetum
1046 3297 1128 3354 luisse
1138 3300 1304 3370 perhibetur.
1326 3300 1353 3354 Si
1368 3316 1432 3371 ergo
1444 3301 1470 3355 id
1481 3302 1640 3356 nriraenlum
1651 3301 1726 3372 quod

929 3390 1129 3447 Ascalonitenm
1139 3393 1260 3447 ecclesie
1274 3394 1415 3463 presbyter
1430 3408 1494 3462 erga
1516 3392 1661 3461 imaginem
1677 3406 1727 3462 ap-

930 3483 1053 3553 paruisse
1076 3483 1167 3538 rctulit
1192 3484 1227 3537 ob
1254 3484 1376 3538 earndem
1400 3483 1544 3552 imaginem
1567 3482 1726 3553 apparuisse

931 3580 1077 3638 constaret,
1100 3589 1153 3627 non
1166 3574 1227 3627 ideo
1240 3574 1370 3644 imagines
1382 3574 1526 3628 adorandae
1538 3573 1641 3640 iurent,
1658 3589 1726 3643 quo·

931 3665 1004 3718 niam
1017 3679 1070 3719 non
1080 3663 1171 3718 omniu
1183 3678 1232 3732 per
1243 3678 1304 3733 quae
1319 3662 1361 3717 rel
1380 3663 1407 3716 in
1424 3662 1523 3731 quibus
1538 3663 1669 3718 miracula
1680 3679 1727 3733 ap·

930 3767 1044 3826 paruere
1055 3755 1191 3811 adoranda
1202 3755 1362 3818 credentum
1374 3754 1397 3809 si
1410 3770 1474 3825 ergo
1484 3755 1575 3808 omnia
1586 3753 1614 3808 iu
1627 3755 1726 3824 quibus

931 3845 972 3900 rel
984 3861 1034 3915 per
1047 3861 1108 3915 quae
1127 3845 1256 3899 miracula
1274 3845 1398 3914 quaedam
1419 3859 1567 3914 apparuere
1585 3845 1725 3901 adoranda

930 3948 1003 4003 sunt,
1016 3954 1085 4008 pene
1098 3937 1165 3993 nibil
1178 3938 1327 3993 remanebit
1336 3937 1408 4008 quod
1422 3953 1474 3992 non
1485 3937 1613 3993 adoretur
1624 3955 1630 3991 :
1643 3938 1724 4008 quip-

930 4045 964 4101 pe
976 4046 1037 4085 cum
1049 4037 1089 4084 tot
1102 4029 1238 4099 teretisque
1250 4029 1338 4085 modis
1350 4043 1418 4098 pene
1434 4029 1462 4083 in
1476 4028 1601 4084 omnibus
1613 4037 1724 4084 creatu·

932 4125 969 4179 ris
989 4123 1079 4178 diuina
1093 4122 1223 4177 miracula
1235 4131 1343 4178 ostensa
1355 4123 1422 4186 sint,
1445 4121 1471 4176 in
1491 4121 1590 4190 quibus
1603 4120 1666 4177 buic
1677 4134 1726 4178 no·

931 4224 994 4267 stim
1015 4212 1188 4282 disputationi
1200 4211 1337 4266 immorari
1348 4211 1465 4265 otinsnm
1485 4220 1536 4273 est,
1551 4209 1678 4279 quoniam
1697 4210 1725 4265 in

931 4304 1117 4373 superioribus
1138 4301 1218 4371 bnjus
1239 4303 1329 4372 operis
1352 4301 1475 4371 partibus
1497 4316 1530 4357 ex
1552 4303 1604 4358 bac
1623 4316 1652 4357 re
1674 4301 1726 4356 ali·

896 4395 1089 4477 „quantulum
1105 4393 1218 4447 Domino
1235 4400 1371 4447 anirucnte
1389 4390 1554 4461 disputatum
1569 4399 1621 4446 est.

1223 4505 1338 4562 CAPUT
1358 4504 1426 4560 xlii.

932 4606 1008 4672 eruri
1021 4608 1076 4661 llice
1090 4605 1204 4676 egeredus
1223 4604 1372 4659 nullatenus
1389 4605 1548 4676 equiperari
1568 4601 1650 4687 poerit
1675 4598 1727 4655 lit·

966 4693 1046 4731 enne
1058 4677 1169 4747 synodo,
1188 4692 1338 4746 quenquam
1351 4677 1379 4729 in
1389 4676 1478 4729 eodem
1489 4676 1523 4729 rit
1533 4681 1634 4744 agitato
1647 4671 1723 4737 ioco,

965 4749 1032 4800 sicut
1044 4747 1160 4802 Joonner
1180 4746 1313 4816 presbyter
1334 4745 1475 4799 adulanter
1493 4745 1590 4799 diuisae
1607 4739 1726 4812 perbibe-

966 4827 1019 4881 tor,
1030 4818 1123 4887 quippe
1133 4833 1193 4871 ιιιιιι
1207 4816 1239 4868 ab
1250 4833 1280 4869 eo
1296 4832 1348 4869 nort
1370 4814 1454 4869 solum
1469 4817 1498 4870 in
1511 4813 1624 4878 celeria,
1643 4810 1689 4865 ard
1700 4818 1726 4866 cl

966 4887 993 4941 in
1008 4886 1123 4959 symbolo
1134 4887 1282 4955 discrepare
1296 4894 1427 4939 rioscnmr.

966 4977 1124 5046 Quianqnam
1139 4974 1221 5044 igilur
1236 4975 1294 5028 brec
1309 4973 1428 5042 synodus
1445 4973 1472 5027 in
1488 4972 1577 5027 Nicea
1592 4969 1726 5039 Bithyniae

932 5069 998 5121 rrrlre
1009 5067 1044 5121 sit
1054 5066 1165 5138 agitata,
1177 5077 1346 5133 nequaqnam
1358 5063 1504 5118 secundum
1517 5061 1623 5116 illorum
1636 5067 1725 5115 osten-

932 5158 1075 5219 tationcm,
1091 5164 1118 5210 el
1136 5154 1282 5209 secundum
1298 5153 1409 5208 loannis
1427 5151 1578 5224 presbyteri
1596 5149 1727 5205 adulatio-

932 5264 993 5303 nem
1010 5244 1169 5316 acquiparari
1190 5244 1260 5300 salet
1281 5253 1381 5300 sanetae
1395 5243 1510 5300 b'icaeum
1530 5241 1643 5313 synodo,
1661 5254 1727 5309 quo·

932 5342 1004 5396 iriam
1019 5355 1080 5395 enin
1096 5339 1124 5393 in
1140 5337 1263 5409 pluribus
1278 5339 1312 5392 ab
1328 5352 1360 5391 ea
1378 5334 1527 5401 discordet,
1546 5332 1638 5389 necin
1654 5346 1726 5402 sym·

932 5432 994 5487 bolo
1010 5429 1118 5501 quidem
1134 5430 1159 5485 ei
1177 5430 1287 5485 omnino
1304 5426 1458 5484 concordat.
1478 5427 1565 5483 Habet
1579 5426 1651 5480 enim
1667 5425 1726 5480 boto

933 5524 959 5577 in
978 5539 1033 5577 snae
1048 5521 1109 5576 srdei
1127 5518 1295 5590 professione
1310 5535 1378 5574 nora
1405 5519 1487 5575 rerba
1511 5532 1625 5588 quaeque
1643 5525 1670 5571 ct
1686 5516 1727 5573 in-

933 5614 1031 5669 usitata
1045 5627 1133 5682 quea
1148 5619 1242 5668 sancta
1257 5610 1364 5666 iiicmna
1385 5612 1487 5683 synodo
1506 5623 1675 5681 nequaquam
1697 5607 1724 5661 in

933 5702 1055 5776 symbolo
1077 5709 1140 5759 sunl
1161 5710 1304 5768 anomala,
1328 5701 1362 5758 de
1383 5702 1481 5774 quibus
1501 5701 1529 5757 in
1551 5699 1623 5755 tertii
1644 5696 1725 5767 buius
