3780 6120
34 988 39 996 ·
127 977 295 1031 notariorum
309 986 485 1048 congregatos
498 984 588 1044 patres
607 977 646 1030 sic
659 974 915 1044 alloquiturttds-
967 975 1047 1030 titalis

132 299 184 357 ⁶23
571 304 600 359 Β.
619 305 744 361 cattoit
765 304 869 360 tradit
890 303 964 359 ut‘l‘.
987 300 1075 359 eatts
1092 308 1113 362 Ι.
1137 304 1266 363 sectio.
1289 303 1328 361 tlt.
1705 298 1759 363 653

132 418 203 470 tione
217 416 292 484 imp,
310 425 340 470 ut
354 416 416 472 alibi
435 417 615 472 demonstrati
631 418 707 491 (diss.
733 418 757 481 l,
775 434 802 471 n.
827 418 873 481 ib,
886 432 914 486 p.
929 425 952 484 Α
967 419 1120 488 quindecim
1145 420 1342 474 ordinationem
1367 420 1518 488 precessit,
1535 422 1635 476 (liutius
1650 439 1759 492 quemue

130 487 191 556 bd),
212 495 239 539 at
253 486 312 540 sine
328 487 435 541 insolito
446 486 491 542 illo
504 488 645 557 principio,
664 503 759 556 taragna
772 504 832 541 cum
845 490 915 541 ιιιιιι-
967 488 1160 552 dilferendam,
1175 490 1226 543 nisi
1241 490 1387 559 periculum
1402 490 1467 545 Urbi
1485 491 1630 546 iiiimiuens
1643 510 1658 545 a
1673 494 1758 547 Sara·

131 559 167 610 tia
183 553 298 610 corrdato
313 572 348 611 ex
363 556 485 612 formulis
508 557 667 638 posterioris
681 557 731 611 aeri
760 572 767 610 :
795 558 915 626 idquam
967 559 1051 623 cenis,
1064 559 1322 682 neqligijussionem
1333 560 1462 630 principis
1477 562 1619 629 coegisset,
1629 573 1656 616 nt
1674 572 1758 617 testa·

128 627 260 695 apposite,
273 635 330 682 tate
343 628 428 682 tides.
439 627 567 696 Sequitur
578 628 627 682 sub
641 628 734 682 eodem
748 635 916 682 sacramenta
967 635 1011 681 tur
1024 628 1092 682 liber
1127 629 1280 684 ontillealis.
1293 628 1350 697 Qua
1366 632 1474 698 quidem
1486 630 1512 683 in
1524 631 1692 698 professione
1703 647 1758 687 tion

129 695 272 765 promissio
282 697 421 751 electionis
437 698 570 751 canonica·
588 706 611 750 et
628 697 719 765 justa.
738 696 773 750 ,ιι
787 711 836 766 ego
847 696 917 765 jam·
965 707 1006 751 est
1019 698 1130 751 dubium
1145 700 1209 768 quin
1229 714 1261 753 ea
1283 698 1337 752 leo
1354 699 1388 754 lv
1414 698 1557 765 atljeeerit,
1573 701 1670 769 quibus
1695 718 1759 757 euna

128 766 231 835 pridem
243 767 314 821 edidi
326 765 507 835 fragmentum
520 766 627 820 concilii
650 766 839 820 lateranensis
850 781 916 835 qua-
968 767 1099 821 sententia
1114 769 1289 836 diplomatum
1302 769 1457 823 corrreniret
1471 786 1477 820 ε
1493 768 1699 824 Prarrrissiancm
1710 788 1760 842 pra

127 849 188 890 tuor
199 845 226 890 et
233 839 402 907 septuaginta
415 836 492 891 annis
503 845 564 890 autc
577 835 761 906 pontificatum
773 836 884 917 Eugeuii
894 835 916 890 ll
965 841 1081 890 amnium
1094 838 1282 907 satisfactione,
1297 848 1320 891 et
1335 839 1424 908 fatam
1448 842 1657 906 conservatione,
1681 842 1760 896 aiunt

127 923 141 959 a
156 906 249 975 Stepb.
262 907 294 961 lll
307 908 402 972 babiti,
415 907 443 960 in
458 921 511 975 quo
524 905 734 974 christophorus
746 906 916 974 primicerius
965 904 1029 960 Οιιιι
1042 922 1068 960 er.
1081 907 1223 971 llcnricus,
1239 907 1343 977 qitalcm
1356 908 1458 961 dortnns
1471 918 1495 961 et
1507 910 1667 964 venerandas
1678 911 1760 980 spiri-

1082 987 1138 1029 atet·
1152 987 1239 1030 noster
1251 977 1303 1031 Lea
1320 988 1410 1048 spantc
1423 977 1516 1046 secisse
1530 978 1703 1048 dinnoscitur.

125 1045 205 1100 sertis
222 1048 249 1100 in
268 1048 361 1102 eadem
376 1048 455 1103 dotno
476 1045 632 1115 pusillitatis
646 1060 713 1100 meae
737 1045 915 1100 sacrosanctis
1002 993 1081 1115 1Βὲ
1093 1045 1750 1110 lllllll.blentiar,nisiadditioillabicindicatur

125 1115 224 1171 Christi
238 1124 365 1185 quattuor
388 1115 544 1197 evangeliis,
571 1124 597 1170 et
612 1115 757 1170 venerabili
776 1116 913 1181 crismate,
965 1130 1024 1183 qua·
1036 1121 1061 1169 iu
1074 1115 1240 1184 professione
1254 1126 1347 1172 eontra
1359 1117 1506 1171 indiculum
1516 1118 1652 1186 publicata
1664 1136 1680 1174 a
1692 1115 1762 1175 Gar·

126 1194 152 1240 et
162 1191 269 1242 caeteris
280 1188 327 1242 liei
350 1188 499 1258 mysteriis,
518 1194 716 1242 sacramentum
736 1193 829 1239 ruutuo
846 1198 915 1252 pra»
965 1185 1040 1238 arteria
1052 1195 1150 1249 exstat,
1165 1187 1211 1239 ubi
1222 1188 1255 1240 de
1264 1187 1390 1241 Ecclesiae
1400 1188 1480 1241 rebus
1492 1203 1544 1242 ιιοιι
1557 1189 1707 1244 alienandis
1718 1191 1761 1247 sic

124 1255 244 1322 balmas,
263 1258 334 1326 quod
349 1257 438 1312 nullus
452 1264 527 1311 extra
541 1257 622 1310 alium
637 1255 795 1309 electionem
806 1255 914 1323 pontili-
963 1256 1083 1324 pontifex
1097 1256 1238 1324 profitetur
1250 1279 1256 1309 :
1269 1256 1302 1309 lit
1313 1257 1484 1310 indiminutas
1502 1274 1541 1311 res
1558 1256 1684 1313 Ecclesiae
1696 1277 1761 1314 con-

123 1335 202 1380 catus
214 1329 323 1398 egisset,
336 1327 384 1382 sed
398 1341 470 1390 earm,
485 1340 565 1394 quem
582 1341 615 1378 cs
628 1340 677 1379 suo
699 1325 813 1379 consilio
825 1324 913 1379 diviua
963 1341 1067 1378 sentisse
1086 1330 1184 1394 (ireque
1202 1326 1330 1390 alienare,
1341 1340 1388 1380 seu
1404 1327 1430 1378 iu
1447 1325 1567 1390 feudum,
1579 1343 1701 1393 censum,
1718 1329 1760 1382 rel

124 1398 293 1465 providentia
308 1397 447 1451 tribuisset
459 1411 492 1451 eit
506 1410 619 1464 corpore
634 1402 733 1449 satrctae
748 1403 847 1448 nostae
860 1393 911 1446 Ee-
963 1395 1180 1465 cnrpbptbeusim
1201 1396 1275 1460 clare,
1299 1395 1515 1465 quomodolibet,
1535 1413 1568 1450 ex
1596 1413 1760 1468 quacunque

124 1466 223 1532 clesiae,
236 1466 362 1522 videlieet
373 1466 407 1521 de
418 1465 603 1521 sacerdotibus
619 1473 645 1519 ct
657 1464 824 1525 diaconibus,
835 1463 912 1531 juxta
963 1468 1055 1533 eausa)
1077 1474 1100 1518 et
1123 1475 1151 1518 nt
1170 1464 1334 1518 indiminute
1355 1465 1535 1519 custodiantur
1555 1483 1658 1536 apmam
1681 1469 1758 1523 darc.

125 1537 204 1605 liujus
217 1537 371 1606 apostolieae
385 1536 457 1591 sedis
476 1534 648 1589 traditionem
662 1534 740 1588 nobis
752 1533 912 1602 eligeremus
962 1534 1091 1598 Quarutis
1108 1535 1180 1588 euim
1191 1536 1281 1603 quarti
1291 1535 1389 1589 Lenrtis
1407 1544 1526 1602 teumore
1537 1536 1673 1591 lrauddum
1684 1539 1760 1593 feudi

124 1608 272 1662 antistitem
289 1615 338 1661 :et
350 1606 471 1675 prestito
481 1605 552 1659 inter
563 1621 612 1660 nos
622 1606 716 1659 eodem
732 1611 910 1668 sacrarmuto,
962 1619 1060 1657 ratttuen
1084 1605 1227 1668 olitincret,
1244 1606 1439 1674 posterioribus
1459 1613 1548 1659 tamen
1564 1607 1679 1672 saeculis,
1695 1624 1759 1663 cum

122 1693 217 1731 eortina
231 1676 393 1732 credidimus
406 1675 553 1744 sponsioni,
582 1674 746 1728 affirmantes
768 1683 794 1726 et
820 1674 871 1727 boe
883 1673 910 1726 ιιι
961 1672 1093 1741 professio
1106 1674 1157 1728 ista
1171 1690 1221 1729 usu
1236 1683 1342 1744 recepta
1356 1682 1425 1737 erat,
1439 1677 1552 1730 namatio
1564 1678 1644 1730 utrius
1654 1680 1760 1735 saerata

122 1749 217 1802 eodem
231 1746 393 1801 sacrarueuti
407 1745 443 1799 lm
454 1746 516 1805 lere,
533 1755 562 1799 ut
588 1745 724 1799 neminem
747 1744 910 1797 msticoram
961 1742 1032 1797 facta
1043 1744 1140 1807 fuit,ut
1150 1760 1193 1798 res
1201 1744 1398 1813 significantius
1408 1744 1728 1811 exprimet·etu1·.(2ertea

123 1816 200 1884 bitias
214 1817 341 1870 Ronranae
353 1816 427 1869 urbis
435 1814 629 1881 subiacentium
641 1822 791 1868 castrorum
803 1814 829 1866 in
841 1815 911 1867 licitae
927 1785 947 1840 Β
962 1814 1103 1881 partanior
1116 1816 1224 1869 occasio
1239 1816 1296 1869 lame
1307 1814 1450 1881 adjiciendi
1462 1831 1508 1883 pra
1520 1818 1636 1869 artasiam
1649 1766 1761 1942 satisfit:

122 1887 258 1941 ciuitatem
284 1886 388 1955 ingredi
406 1886 633 1954 permitteremus.
654 1905 664 1935 ι
695 1883 788 1938 Nonne
800 1893 827 1935 et
840 1883 911 1936 istud
962 1883 1045 1937 ctione
1065 1894 1088 1937 et
1111 1885 1201 1953 [mara
1222 1884 1423 1941 contrectatione.
1441 1898 1471 1938 se
1488 1901 1624 1954 nunquam
1648 1889 1713 1941 olrtu
1727 1890 1760 1954 ἰ,

122 1961 201 2025 lunge
225 1956 363 2025 antiquius
385 1963 583 2009 sacratrmntnm
609 1963 651 2008 est
676 1955 711 2008 de
733 1953 863 2007 carsotiica
884 1960 912 2006 et
961 1967 1042 2020 quam
1058 1954 1212 2022 postsergii
1225 1954 1760 2026 llpoutilieatum,queruincomptoad-

122 2025 192 2093 iusta
202 2025 350 2081 electione?
373 2023 476 2079 Eruditi
491 2024 527 2078 illi
542 2025 623 2094 igitur
646 2024 679 2077 de
694 2038 724 2076 re
736 2038 785 2077 usu
800 2021 856 2089 jam
870 2039 912 2075 re
962 2023 1069 2076 triadum
1080 2023 1429 2094 stylodescriptuuttidesis
1440 2025 1582 2094 ap.l'ignol
1595 2027 1759 2097 umpluast.

122 2105 198 2166 cepta
225 2095 422 2166 digladiantur,
448 2102 478 2148 at
499 2093 679 2163 imperatoriae
698 2092 832 2160 rnsrjestati
849 2091 911 2146 nori
961 2100 1026 2145 bini.
1038 2092 1069 2146 lll
1081 2094 1107 2146 in
1120 2095 1195 2162 Scap.
1208 2093 1251 2159 ll,
1263 2110 1314 2147 an.
1326 2093 1360 2146 td
1371 2094 1404 2147 ad
1414 2094 1460 2164 lb)
1471 2110 1518 2148 seu
1530 2096 1620 2165 potius
1629 2112 1663 2151 ex
1672 2114 1762 2152 ritem·

121 2166 232 2220 lrtnaris
243 2166 343 2235 aliquid
361 2165 488 2219 tribuisse
502 2164 652 2218 rideantur.
677 2162 754 2229 Quod
769 2178 868 2216 norum
883 2163 909 2217 in
960 2161 1051 2217 brasiis
1061 2163 1081 2216 F
1083 2164 1234 2218 arnesianis
1244 2163 1449 2232 diligentissime
1457 2174 1615 2233 escerptmu
1623 2167 1760 2223 aberudi·

118 2241 152 2288 ’aa
166 2235 533 2297 consarcinationeocciserit,
548 2244 589 2289 est
601 2249 665 2303 pars
676 2242 806 2296 extrema,
819 2232 912 2286 tideli·
961 2231 1020 2286 tiss.
1031 2233 1146 2303 praesule
1157 2233 1254 2287 Franc.
1268 2233 1434 2297 lilarrcbiuio,
1443 2249 1491 2303 per·
1501 2250 1544 2288 me
1555 2235 1618 2289 alibi
1630 2236 1659 2289 in
1669 2236 1760 2293 lucem

121 2317 164 2358 cet
183 2322 236 2360 non
261 2303 473 2359 consecrandum
501 2304 654 2372 ponitieem
684 2303 742 2357 siue
765 2303 910 2370 ptsrrserrtia
960 2301 1061 2356 editum
1074 2302 1118 2373 (G.
1136 2302 1213 2367 liiii,
1226 2319 1256 2428 p
1268 2303 1341 2374 292).
1354 2302 1555 2373 Qualiscunqae
1569 2315 1658 2359 antem
1675 2305 1762 2364 fuerit

122 2377 201 2430 tritius
215 2375 289 2429 missi
302 2375 459 2443 imperialis,
479 2385 503 2427 et
515 2373 722 2441 promissionem
737 2370 835 2425 factam
850 2388 910 2427 esse
960 2369 1092 2495 Britfessio
1105 2372 1223 2428 Leonisl
1250 2415 1257 2433 ,
1272 2390 1303 2428 ea
1316 2374 1407 2428 misis
1420 2374 1606 2443 imperialibus
1616 2380 1760 2446 praeseuti-

120 2455 210 2515 spante
219 2460 265 2514 per
278 2445 403 2514 scriptun
417 2446 450 2497 ab
463 2444 583 2514 Eugeriio
594 2443 624 2497 ll.
641 2444 705 2509 Quae
718 2443 864 2509 ceter-apii
877 2443 911 2498 ab
980 2457 1010 2494 us
1025 2452 1088 2497 ante
1101 2441 1332 2498 consecrationem
1346 2443 1404 2497 fleri
1418 2445 1573 2513 praecipitur
1591 2445 1617 2499 iu
1640 2456 1761 2517 utruque

120 2518 218 2569 tltttme
237 2525 265 2568 et
279 2515 393 2569 lletrrico
411 2512 470 2567 tam
492 2513 621 2583 arguitur,
641 2512 829 2567 substituenda
844 2512 911 2568 ilitos
961 2511 1116 2581 diplomate.
1132 2513 1229 2580 Qttam,
1245 2513 1308 2582 quia
1324 2514 1477 2568 successario
1491 2517 1592 2583 absque
1609 2516 1760 2573 missorum

124 2587 218 2638 sirltem
230 2585 327 2638 missos
346 2585 507 2653 imperiales,
534 2590 561 2637 ct
589 2583 795 2652 promissionem
817 2592 911 2650 sponte
960 2584 1104 2704 paesentis
1120 2583 1172 2638 Leo
1185 2585 1320 2652 praestitit,
1336 2593 1431 2653 sponte
1446 2583 1518 2638 illam
1533 2584 1630 2640 fecisse
1644 2587 1759 2643 dicitur.-

122 2657 221 2708 l'artam
236 2670 250 2707 a
264 2655 354 2708 Leone
371 2653 531 2722 liquamina
561 2661 686 2706 neutrum
701 2668 715 2705 a
731 2651 845 2705 veritate
863 2653 910 2707 ab·
977 2668 1024 2707 are
1043 2662 1133 2708 autem
1159 2670 1191 2708 ae
1211 2653 1309 2707 merito
1335 2655 1511 2722 iniquissimis
1534 2655 1569 2710 iis
1587 2657 1761 2726 temporibus

121 2727 224 2779 lrirrret.
250 2725 347 2779 Fateor
358 2725 482 2793 equidem
501 2723 573 2777 baud
593 2732 673 2792 captu
699 2722 816 2791 pusillae
839 2737 908 2785 esse,
961 2723 1147 2777 instaurantur
1164 2725 1272 2778 decreta
1285 2724 1397 2793 Eugenii
1413 2724 1434 2778 ll
1447 2726 1481 2779 de
1497 2726 1628 2781 eattartica
1643 2736 1672 2780 et
1681 2726 1761 2795 iusta

121 2794 310 2863 curejusmodi
322 2794 514 2866 suppositionis
527 2802 622 2847 artctor
636 2796 661 2847 iu
675 2808 704 2846 rc
722 2801 795 2846 certa
817 2791 911 2847 irretiti·
960 2794 1107 2859 electione;
1123 2803 1150 2848 ct
1168 2794 1265 2849 Leonis
1280 2793 1312 2849 lt
1327 2795 1359 2848 de
1379 2795 1583 2850 consecratione
1597 2812 1690 2851 coram
1706 2798 1762 2853 itu·

120 2865 221 2919 tussit.
237 2864 348 2919 Surnma
364 2864 435 2917 cuim
458 2863 606 2933 discipliuae
621 2878 673 2917 tana
691 2863 839 2930 cademque
857 2871 908 2916 est.
960 2862 1106 2932 perialibus
1130 2863 1235 2933 legatis.
1257 2863 1324 2917 Naar
1343 2873 1488 2933 aittequaur
1508 2865 1534 2918 iu
1558 2865 1685 2921 diuttuna
1710 2868 1759 2923 itta

120 2934 254 2988 l‘netetea
266 2933 386 2987 Lotbarii
401 2932 444 2987 len
455 2943 539 2997 certa,
551 2948 631 3001 quam
645 2935 701 2986 lere
713 2930 794 3013 184
803 2946 910 2986 ornnem
962 2933 1103 2987 uacatione
1125 2933 1231 3002 imperii
1247 2934 1337 2989 saeculi
1363 2934 1460 2989 declini
1482 2934 1609 2991 Ecclesia
1627 2935 1761 2994 Romanae

120 3004 194 3069 Otto,
206 3012 234 3056 ct
247 3003 378 3057 llenrieus
391 3019 439 3057 suo
450 3004 563 3072 quisque
573 3001 711 3071 diplomati
726 3009 907 3066 irrseruerant,
961 3001 1103 3069 disciplina
1117 3003 1205 3058 antitis
1219 3005 1448 3072 pessumdaretur,
1464 3003 1581 3060 loannes
1595 3006 1631 3060 lx
1651 3017 1760 3063 utrum-

121 3073 382 3129 muisareiua¹iarreiu
397 3073 474 3126 istam
490 3074 598 3141 penitus
615 3071 751 3125 amandat.
961 3086 1013 3140 que
1028 3072 1176 3143 collapsum
1195 3073 1222 3127 in
1243 3073 1365 3129 llomauo
1387 3075 1501 3130 concilio
1524 3077 1677 3142 restituere,
1692 3077 1760 3132 licet

158 3143 237 3197 xxti.
258 3141 362 3212 begam
375 3158 428 3197 riou
448 3143 544 3203 ausim,
563 3142 597 3196 ab
621 3140 741 3209 Eugenio
763 3136 785 3194 lt
809 3132 945 3207 aliquidC
962 3142 1152 3212 nequidquam,
1174 3142 1253 3199 rrixus
1277 3153 1335 3198 erat
1350 3144 1438 3214 (Diss.
1460 3144 1486 3207 ἲ,
1511 3161 1538 3198 n.
1561 3145 1606 3210 fb,

120 3214 181 3267 riori
192 3213 368 3268 coristitutum
382 3228 441 3267 esse
452 3227 532 3281 snper
541 3211 696 3279 juramento
710 3226 726 3263 a
740 3209 813 3264 clero
827 3223 911 3287 popu-

124 3285 203 3353 lnque
219 3285 339 3337 ltotaano
350 3282 504 3352 praestando
523 3282 556 3336 de
580 3280 669 3334 futura
684 3278 815 3334 electione
834 3287 910 3346 Juxta

122 3369 254 3418 «arronem
275 3362 303 3406 at
318 3353 449 3421 siquando
461 3367 476 3405 e
489 3352 542 3405 situ
556 3359 633 3406 eruta
648 3348 799 3417 hujusmodi
809 3351 912 3404 consti·

121 3425 190 3478 tutio
203 3429 330 3492 etrierget,
345 3432 450 3477 certum
464 3422 520 3476 scio
534 3437 593 3477 eam
605 3420 715 3475 ntinime
728 3419 910 3473 exhibiturum

121 3502 321 3548 sacramentam
332 3491 631 3562 fidelitatisimperatori
640 3490 829 3559 prsmtandum.
843 3488 909 3543 Nam

120 3568 183 3618 lltto
196 3572 223 3618 et
239 3563 370 3617 lletrricns
383 3563 523 3633 perspicae
537 3563 650 3623 docent,
666 3560 693 3613 ιιι
707 3575 740 3614 eo
754 3560 835 3613 situm
850 3574 910 3614 esse

119 3635 184 3689 cleri
201 3633 344 3703 populique
363 3643 572 3696 sacramentum,
586 3639 615 3684 ιιι
629 3631 725 3685 electio
739 3631 863 3683 carranice
886 3638 910 3711 et

121 3706 188 3770 inste
207 3704 269 3774 (itit,
288 3720 348 3773 quae
360 3714 420 3759 erat
432 3704 536 3759 indoles
550 3704 622 3757 illius
641 3701 690 3755 reri
704 3700 730 3753 in
755 3699 910 3781 capitulari·

120 3777 180 3840 liris,
192 3775 304 3843 aliisque
315 3775 495 3829 tironumeatis
507 3787 644 3842 expressa,
660 3773 732 3840 quod
743 3769 909 3824 cruditorum

123 3846 257 3898 iieiiainem
277 3844 359 3899 latere
373 3845 499 3899 arbitror.
520 3842 554 3897 [ι
575 3854 664 3897 autem
679 3841 813 3921 elerus'et
824 3853 910 3922 popu-

121 3916 162 3968 las
174 3930 206 3969 en
219 3925 389 3969 sacramenta
400 3928 429 3968 se
444 3915 636 3982 astringerent,
649 3910 779 3981 imperiali
794 3918 910 3964 aucton-

122 3995 176 4038 tate
196 3983 346 4051 irrjrtuetmu
365 3985 416 4039 sibi
441 3998 501 4039 csse
524 3998 578 4039 non
602 3983 774 4053 ignorarent,
802 3993 910 4062 necesse

120 4064 188 4108 erat.
206 4055 313 4110 lltinaru
327 4054 434 4109 fortuna
446 4055 540 4109 eadem
555 4069 603 4108 usa
619 4068 671 4105 aon
682 4059 753 4105 essct
767 4064 911 4118 promissio

122 4142 136 4177 ’.ι
150 4125 239 4180 Leone
251 4123 283 4178 lt
303 4133 397 4193 sponte
407 4124 479 4178 facta
496 4140 543 4194 pra
558 4123 674 4175 anisium
684 4120 872 4188 satisfactione,
885 4128 910 4172 et

125 4196 214 4262 latitia
228 4196 431 4248 castseraatiane.
445 4194 482 4246 Ea
493 4192 635 4260 siquidem,
649 4190 701 4243 nisi
716 4189 777 4260 quis
790 4186 854 4241 uelit
864 4204 910 4244 ne

122 4281 184 4317 ιιιιιι
200 4274 281 4332 atque
294 4262 442 4316 inatrilitum
459 4263 539 4316 ιιιιιιιι
562 4261 588 4314 ιιι
613 4260 777 4314 creationem
797 4256 909 4312 Romani

158 4334 257 4387 utillcis
271 4333 463 4396 introductum,
479 4330 611 4401 professio
630 4339 702 4394 erat,
716 4343 775 4398 quae
789 4328 816 4380 iu
840 4326 910 4381 libro

133 4404 222 4456 iittrtrn
237 4401 312 4455 stridit
329 4400 472 4453 iudicialem
497 4401 627 4470 paraliticis
653 4398 778 4470 (Garner.
806 4396 906 4466 capi,

962 3210 1069 3280 aliaque
1083 3213 1109 3266 iu
1122 3213 1239 3268 concilio
1249 3214 1383 3268 llareutne
1397 3216 1488 3268 liabito
1496 3216 1568 3285 (liar.
1585 3161 1647 3279 aas,
1660 3234 1687 3271 ιι.
1706 3148 1760 3286 1³3⁹

962 3280 1052 3336 Laltbc
1066 3293 1130 3336 lirin.
1145 3282 1190 3348 lx,
1204 3298 1231 3353 p.
1247 3283 1311 3354 aba)
1323 3287 1487 3339 atterebatur
1499 3302 1557 3353 cap.
1572 3302 1609 3342 un
1625 3287 1759 3345 uiolatum

961 3366 1021 3405 esse.
1042 3352 1158 3421 diploma
1180 3354 1318 3423 imperiale
1332 3301 1459 3410 kl'idonis
1475 3365 1501 3409 et
1516 3355 1651 3412 Latirbeiti
1666 3358 1728 3430 ‹lrrg
1747 3395 1758 3412 .

961 3422 1116 3486 alienando,
1138 3438 1184 3476 seu
1206 3423 1232 3476 in
1250 3438 1361 3478 cerasum
1380 3425 1421 3477 ml
1443 3425 1638 3495 ciriplryteusim
1665 3377 1759 3483 claritis

961 3491 1087 3545 Ecclesiae
1101 3493 1170 3546 botta
1182 3493 1264 3565 (liiss.
1281 3495 1308 3558 l,
1322 3511 1350 3548 ιιι
1360 3494 1421 3559 bl);
1437 3497 1610 3563 (litaittlolttctit
1623 3499 1657 3551 ab
1668 3497 1758 3568 inrpe-

960 3570 1050 3616 ratore
1070 3562 1178 3630 :aliquod
1196 3563 1344 3618 remedium
1367 3564 1455 3618 afferri
1478 3565 1651 3633 elllagitabat.
1677 3567 1759 3625 Unde

960 3640 1033 3701 patet
1046 3648 1127 3700 quam
1140 3634 1291 3687 neccssaria
1309 3643 1381 3689 esset
1393 3635 1425 3688 iis
1440 3636 1603 3704 temporibus
1619 3637 1758 3693 instaura·

961 3703 997 3754 tio
1017 3703 1162 3771 imperialis
1181 3704 1367 3765 auctoritatis,
1386 3718 1420 3757 ne
1444 3706 1539 3759 liorrrm
1558 3705 1656 3760 similia
1679 3722 1757 3762 corit-

960 3773 1142 3835 mltterentur,
1156 3774 1234 3827 modo
1248 3773 1362 3844 Augusti
1377 3773 1529 3829 Germaniae
1549 3774 1675 3831 Carolunr
1700 3777 1758 3832 tta-

960 3858 1041 3912 gaum
1057 3851 1230 3911 posterosque
1250 3842 1308 3911 ejus
1327 3843 1441 3899 fuissent
1456 3845 1568 3907 imitati,
1580 3846 1712 3911 seientes,
1727 3863 1760 3905 se

960 3911 1111 3982 suscepisse
1125 3910 1220 3966 Ueiens
1242 3913 1366 3967 diuinitas
1378 3914 1583 3984 gubernandam,
1598 3927 1622 3968 ct
1640 3915 1757 3973 lintrem

960 3984 1075 4035 amninm
1094 3981 1263 4035 ecclesiarum
1280 3983 1334 4043 bct,
1348 3983 1548 4052 defendendam,
1571 3996 1647 4055 atque
1672 3987 1758 4041 sabli-

960 4051 1094 4172 ptatsdam,
1110 4061 1139 4105 ut
1160 4052 1249 4106 aiebat
1271 4052 1422 4108 ludovicus
1444 4053 1464 4107 ll
1480 4055 1506 4107 in
1526 4056 1605 4123 epist.
1621 4056 1654 4110 ad
1678 4057 1757 4112 Basi-

971 4137 1037 4174 ιιιιιι.

995 4189 1088 4243 xxti.
1110 4189 1175 4256 Quae
1202 4201 1366 4260 sequuntur,
1381 4191 1438 4260 J'am
1462 4192 1516 4246 dixi
1540 4192 1566 4247 ιιι
1589 4195 1758 4263 precedenti

959 4260 1147 4314 dissertatione
1161 4261 1298 4330 tlestuupta
1314 4277 1416 4317 esseest
1429 4262 1548 4316 Lotbarii
1559 4264 1759 4323 coristitutiune

959 4329 1077 4399 Eugeuio
1098 4330 1118 4383 ll
1144 4334 1328 4385 comentiente
1347 4347 1417 4386 :irrito
1439 4331 1501 4395 eat,
1526 4332 1621 4387 ordine
1645 4342 1756 4391 tautum

960 4415 1050 4454 rerum
1069 4401 1218 4463 iarrnutato,
1235 4403 1376 4470 teclamque
1392 4403 1552 4470 quandoque
1565 4403 1625 4458 aliis
1646 4405 1758 4460 adbibi-

121 4482 140 4524 t.
156 4473 172 4525 b
186 4474 194 4541 )
208 4482 262 4525 eta
281 4471 378 4524 seculo
400 4485 415 4522 t
436 4470 564 4591 appellari
585 4469 666 4536 capit
683 4468 828 4538 professio,
848 4483 908 4537 qum
923 4479 946 4541 ι)
961 4470 1004 4523 tis.
1020 4468 1107 4524 listram
1134 4471 1177 4523 liic
1199 4471 1264 4524 iiiiii
1289 4473 1439 4526 addendum
1455 4488 1515 4526 esse
1529 4473 1617 4538 rideo,
1637 4473 1756 4544 l’agium

120 4541 282 4609 sequebatur
301 4539 439 4594 decretum
456 4540 605 4603 eeetionis,
619 4538 685 4601 sire,
706 4544 736 4589 ιιι
760 4537 856 4616 ιιιοιιιιε
868 4537 908 4591 di-

122 4625 194 4675 cam,
209 4609 419 4664 eorisecrationis
429 4609 536 4662 initium
549 4617 620 4671 erat,
638 4619 789 4662 necessaria
805 4606 908 4662 scilicet

123 4695 198 4734 irrora
213 4679 369 4748 interposita
389 4680 526 4735 :breviori
540 4720 547 4744 ,
562 4680 624 4733 dum
643 4675 810 4755 consecratio
824 4675 908 4731 libera

121 4748 261 4805 boriiiuieo
286 4757 388 4803 tautum
418 4750 461 4804 die
480 4750 513 4803 ab
539 4748 669 4803 electione
686 4746 906 4813 distringentum

121 4818 253 4890 longiori,
278 4821 340 4875 ditm
357 4818 459 4874 decreti
485 4819 654 4874 eoribrrnatio
673 4815 907 4884 exspui·=abatui·a

123 4890 258 4960 principe,
287 4889 399 4959 ejusque
427 4889 574 4960 legatorum
602 4889 742 4941 ailteattts.
762 4885 908 4954 Utratmprc

122 4976 179 5014 iera
199 4962 375 5030 temporibus,
390 4961 467 5082 queis
480 4973 628 5021 versamur,
648 4962 821 5010 monumenta
835 4970 907 5009 eoin·

121 5031 245 5099 probaut.
258 5031 369 5085 Adriani
379 5045 395 5084 e
406 5030 537 5084 eetioneni
553 5044 624 5082 antro
643 5027 712 5090 772,
741 5040 802 5080 cum
820 5026 908 5081 clerus

122 5111 149 5152 et
165 5099 279 5169 populus
296 5101 372 5170 plena
392 5099 517 5154 libertate
532 5101 686 5162 utebantur,
710 5104 739 5150 ut
752 5095 842 5150 ridere
865 5104 907 5150 est

121 5186 165 5239 ap.
183 5170 365 5226 blabillouium
377 5169 424 5240 (lt.
437 5168 499 5222 ltal.
513 5180 578 5222 tom.
593 5169 611 5227 l,
625 5183 683 5236 par.
699 5182 728 5231 n,
745 5165 831 5246 925⁸)
844 5180 908 5219 can·

123 5241 264 5308 tiaunpost
274 5241 412 5295 decretum
424 5240 567 5302 ordinatio,
582 5245 802 5291 settconsecratto
815 5243 907 5289 secuta

122 5320 185 5362 est:
207 5329 215 5360 ι
232 5311 345 5380 Explicit
361 5309 468 5365 electio.
485 5308 543 5379 lpse
560 5310 641 5362 etiam
652 5321 712 5360 ven.
735 5305 869 5382 Adrianus
881 5306 907 5359 in

124 5379 200 5433 initio
212 5381 388 5437 ordinationis
399 5395 453 5435 suae
467 5379 613 5434 indiculum
634 5386 714 5431 recita
739 5376 799 5429 fidei
815 5375 908 5443 braguis-

124 5449 195 5501 modi
207 5453 357 5519 composuit
372 5470 377 5504 z
396 5450 462 5521 Ego,
470 5459 539 5505 cte.»
555 5449 718 5503 Econlrario
732 5446 827 5501 electio
840 5445 907 5500 ben·

123 5519 165 5572 nis
175 5519 217 5581 lll,
232 5523 294 5587 quia
308 5520 451 5591 Sergiusll
468 5520 636 5590 privilegium
650 5517 779 5573 batinario
801 5531 909 5571 carices·

123 5596 210 5652 serat,
232 5599 262 5644 ut
279 5606 353 5645 rurore
370 5591 484 5662 pristina
501 5593 638 5645 decretum
658 5588 797 5643 electionis
811 5588 908 5668 confir:

124 5666 219 5719 ritaret,
239 5674 390 5728 novitasque
416 5660 442 5713 in
469 5674 571 5715 araurem
593 5661 695 5729 legatos
720 5657 847 5720 auritteret,
862 5671 908 5725 qut

121 5728 319 5784 consecrationi
337 5730 472 5798 adessent,
486 5731 589 5786 duobus
612 5729 748 5784 iriensibus
760 5727 909 5795 metuisque

960 4540 1084 4593 videlicet
1106 4541 1279 4609 eruditosque
1303 4541 1379 4605 cilios,
1400 4543 1446 4610 qni
1470 4557 1529 4595 carru
1552 4543 1755 4609 conditionem,

960 4610 1031 4661 sulca
1055 4611 1082 4663 in
1100 4611 1218 4663 orrrrtilras
1236 4621 1361 4680 pinestute
1375 4622 1474 4675 nostra,
1489 4621 1553 4674 etc,
1566 4613 1600 4666 ad
1611 4614 1758 4683 smenon

963 4678 1043 4747 186
1060 4678 1188 4741 referunt,
1207 4681 1262 4734 ictu
1276 4681 1385 4749 atreipiti
1401 4697 1460 4750 qua·
1471 4682 1626 4750 pratrcedunt
1646 4692 1675 4737 et
1694 4702 1758 4756 qum

961 4759 1110 4815 sequuntur
1128 4749 1276 4804 destruere.
1294 4749 1321 4802 Si
1336 4751 1408 4804 enirn
1427 4752 1602 4820 liuperatores
1616 4768 1758 4820 quascun-

961 4833 1012 4939 que
1024 4831 1066 4871 res
1077 4817 1146 4886 juris
1159 4820 1299 4889 apostolici
1311 4820 1495 4886 cortfirmatas,
1507 4836 1633 4890 supremo
1647 4834 1757 4880 tatrtum

960 4888 1080 4942 torriinio
1090 4888 1139 4941 sibi
1153 4899 1288 4944 reservato
1299 4891 1325 4943 in
1338 4890 1478 4945 ducatibus
1486 4891 1589 4946 fumiae
1597 4899 1623 4946 et
1638 4892 1757 4963 Spoleti,

960 4958 1113 5011 conditione
1130 4958 1175 5012 illa
1198 4959 1427 5030 complectuntur,
1453 4959 1530 5014 fallax
1549 4961 1631 5031 igitur
1654 4965 1758 5019 courde-

961 5028 1044 5081 matin
1066 5037 1117 5082 est.
1134 5027 1162 5081 lu
1190 5029 1305 5083 lloruani
1328 5038 1418 5084 atatem
1442 5030 1577 5100 pontilicis
1601 5035 1757 5101 creatione,

960 5112 1010 5151 nec
1024 5097 1124 5151 decreti
1139 5098 1279 5154 electionis
1295 5099 1482 5163 confirmandi,
1500 5115 1550 5156 nec
1563 5101 1669 5173 legatos
1690 5106 1751 5161 mit-

961 5167 1043 5229 tendi,
1063 5187 1071 5216 ι
1090 5167 1134 5236 qui
1151 5169 1305 5223 violentiam
1320 5177 1347 5222 et
1359 5171 1484 5224 mitridati
1501 5171 1527 5224 in
1538 5171 1596 5239 ejus
1609 5188 1759 5231 coirseera·

961 5239 1033 5291 tione
1051 5253 1102 5292 uon
1126 5240 1270 5305 pemittant
1283 5240 1351 5304 litai,
1375 5261 1383 5291 ι
1401 5249 1429 5294 ut
1450 5243 1604 5296 decernitur
1619 5243 1648 5298 in
1664 5246 1758 5300 corici-

960 5307 997 5361 lio
1012 5305 1107 5360 loanni
1123 5308 1158 5362 lx
1172 5319 1291 5378 potestas
1308 5310 1362 5364 tilla
1385 5311 1595 5381 imperatoribus
1616 5326 1757 5379 remanet,

959 5378 1006 5433 sed
1028 5380 1225 5434 corisceratioui
1248 5381 1376 5435 duntaxat
1396 5383 1525 5436 interesse
1546 5383 1678 5442 sidentur
1693 5401 1755 5442 euin

959 5448 1031 5502 clero
1043 5457 1070 5502 et
1084 5449 1191 5519 populo,
1207 5450 1338 5505 incertum
1353 5467 1406 5520 quo
1415 5449 1476 5519 jure
1489 5451 1601 5507 Roaiam
1615 5457 1755 5511 uenerint.

959 5519 1129 5574 Eisontrario
1140 5521 1163 5575 si
1176 5521 1295 5576 conditio
1306 5520 1349 5574 illa
1368 5521 1502 5576 referretur
1522 5523 1556 5577 ad
1576 5526 1754 5581 constitutio.

960 5604 1021 5642 nem
1033 5589 1142 5658 Eugenii
1159 5591 1179 5645 ll
1195 5602 1222 5645 et
1238 5606 1433 5654 suceessorum,
1449 5609 1501 5663 qua
1514 5593 1650 5661 imperiali
1662 5608 1750 5652 aucto·

959 5660 1040 5713 ritate
1054 5659 1143 5715 cleras
1166 5670 1193 5715 et
1210 5661 1324 5731 pupulas
1336 5671 1504 5717 sacramento
1518 5663 1712 5736 astringuntur
1721 5666 1756 5721 ad

959 5728 1116 5783 carronicatu
1131 5738 1156 5784 et
1175 5729 1275 5796 iustam
1292 5731 1463 5797 electionem,-
1476 5741 1498 5785 el
1517 5732 1554 5789 ad
1573 5744 1754 5809 spontaneam
