3780 6120
81 338 135 395 379
232 340 313 398 coit.
335 340 474 398 otendit.
496 375 530 384 —
550 344 698 415 ttoxutt,
720 350 809 418 ETC„
830 352 897 410 SEU
916 353 1032 412 GODEX
1050 355 1257 419 caueamus.
1283 394 1316 406 -
1335 365 1410 422 EPP.
1433 369 1584 428 inuitat.
1682 372 1738 438 636

80 454 222 513 ιιιιιιιίιιιε
245 455 426 525 reperientes,
444 457 516 514 illico
533 459 658 533 benignae
679 465 827 522 voluntatis
843 484 887 525 ve-
902 476 924 534 Α
941 470 1023 540 regali
1031 474 1190 531 excellentia
1201 488 1327 548 gerentes
1342 482 1482 549 babemus,
1501 489 1583 544 nimis
1592 500 1737 561 exspecta.

77 547 294 611 cremandam,
307 547 781 622 sicutsolitis'umus,implevimusr.
794 555 881 623 Quem
939 560 1007 616 biles
1022 578 1134 629 snmus,
1161 567 1233 623 sicut
1254 570 1332 635 uobis
1345 583 1489 642 poscentes
1511 576 1677 647 direximus,
1702 584 1737 640 de

77 635 196 706 petimus
219 652 273 710 pro
291 652 385 693 amore
409 638 482 695 beati
503 639 577 695 Petri
598 642 780 712 apostolorum
800 645 884 718 409
938 652 1080 712 savinensi
1098 661 1281 727 territoriob,
1296 671 1325 718 ιιι
1346 681 1378 721 ea
1392 668 1569 742 quoquot.
1591 672 1654 726 odd.
1674 671 1736 747 pro]

76 729 218 801 principis,
228 729 348 787 fautoris
357 731 454 797 rosan,
466 740 592 787 ctuostra
604 734 719 789 invicem
727 735 805 791 tirma
815 738 883 792 dile·
937 747 1063 803 mercede
1087 750 1185 807 anima
1196 751 1279 824 Mo
1291 762 1407 822 vestrm,
1430 760 1588 832 pariterque
1603 762 1735 832 spiritalis

75 820 882 893 mioneinomuibuscumtenentesampliusillumexnltarc
933 833 997 891 filiae
1010 851 1110 895 nostum
1124 851 1206 911 atquc
1230 846 1402 913 commatris,
1429 863 1480 904 nec
1502 866 1554 906 non
1572 860 1671 908 resino
1683 869 1734 910 ιιι).

75 913 236 983 dignemini.
253 912 301 969 Sic
315 919 390 970 enim
400 917 487 981 decet,
499 925 529 970 ut
543 918 589 987 qni
604 918 639 972 ab
654 920 801 989 apostolica
815 921 880 976 sede
931 931 1070 988 bilissimas
1086 933 1184 1003 pmlis,
1206 935 1287 991 beaw
1306 937 1388 994 petro
1409 943 1592 1011 apostolom,
1614 944 1729 1017 minen„

72 1004 218 1060 ordinatus
243 1004 337 1068 suerit,
364 1008 490 1062 omuibus
518 1008 545 1062 in
562 1009 664 1063 honore
688 1012 826 1066 cataoniam
842 1012 881 1067 in·
931 1026 958 1080 qn
986 1025 1288 1096 i1qegp000110035151qs,
1315 1030 1463 1101 aqqmpqere
1488 1048 1537 1104 pe,
1554 1034 1730 1094 qdeqssqmm

73 1094 236 1160 otrnrioots,
249 1096 331 1152 sicuti
350 1111 409 1152 mos
432 1098 582 1169 antiquitus
596 1097 656 1164 luit,
681 1102 804 1170 partibus
826 1103 879 1158 illis
930 1115 1027 1171 missos
1046 1124 1160 1180 rastros,
1177 1118 1223 1186 qui
1243 1125 1270 1174 ot
1290 1134 1400 1175 causam
1415 1139 1449 1177 cx
1463 1132 1540 1194 parto
1552 1127 1728 1183 examinare·

71 1186 222 1255 Wloeffll·
248 1184 385 1254 Qlffllilffl
405 1191 477 1243 essim
498 1191 625 1246 fidlll'ifflss
639 1200 721 1260 al‘1¹¹0
740 1192 879 1264 610766ῑο·
929 1215 1002 1270 runt,
1028 1206 1098 1261 siout
1115 1216 1143 1261 et
1166 1207 1315 1276 antiquitus
1331 1207 1395 1274 luit,
1417 1220 1444 1267 et
1465 1216 1626 1271 contradere
1648 1214 1728 1274 uobis

71 1294 135 1333 uem
162 1279 192 1333 in
216 1288 310 1336 restra
330 1283 460 1350 praecisa
483 1282 566 1353 regali
581 1285 702 1354 potentia
726 1286 873 1350 babemus,
924 1294 1055 1363 jobeatis,
1065 1297 1104 1350 uti
1120 1297 1153 1350 ab
1168 1297 1226 1366 lpse
1238 1300 1313 1369 regni
1326 1301 1457 1356 coelerum
1468 1305 1605 1376 clavigero
1617 1306 1726 1376 dignam

70 1368 165 1443 lingua
190 1380 222 1426 ut
247 1388 311 1427 reor
325 1373 442 1427 hurmuo
463 1371 513 1428 lari
533 1390 585 1428 noo
608 1383 715 1444 potest;
741 1384 878 1446 quatenus
927 1387 1133 1442 retributionem
1145 1387 1193 1442 bie
1207 1396 1236 1442 et
1258 1389 1286 1443 in
1299 1389 1390 1445 tuturo
1405 1392 1528 1463 recipere
1547 1397 1722 1452 mereamini.

69 1458 201 1529 iiselam
223 1459 297 1517 salus
314 1463 412 1518 Pelius
432 1465 671 1520 illefssssllsslsslus
690 1477 717 1521 Θῑ
736 1469 875 1524 5366ῑὶ56·
961 1478 1107 1535 Enimvero
1133 1482 1279 1551 pradictus
1306 1482 1403 1540 Petrus
1427 1487 1669 1543 reverendissimus
1696 1499 1724 1544 et

68 1566 133 1606 mats
154 1550 245 1607 irater
268 1560 296 1608 et
311 1555 486 1625 coepiscopus
507 1563 600 1611 noster
613 1556 751 1613 insinuare
773 1569 870 1628 potest,
924 1568 1110 1624 sanctissimus
1133 1568 1219 1625 irater
1237 1578 1264 1626 et
1285 1572 1461 1643 eoepiscopus
1486 1584 1600 1639 noster,
1624 1575 1723 1632 obtulit

65 1650 173 1710 ‘imma
202 1643 307 1698 ²¹³⁰*ss
331 1642 465 1700 millii
494 1661 542 1700 ⁰⁰¹
574 1655 698 1702 ¹¹⁰⁵le
727 1649 755 1703 5¹¹
780 1659 873 1706 lesit&
923 1659 1002 1715 nobis
1028 1661 1309 1732 pseudopyctacium
1329 1664 1471 1720 aPaulino
1497 1668 1567 1722 sient
1590 1666 1662 1724 latus
1681 1678 1725 1727 est

65 1732 319 1805 triumphatissima
341 1737 525 1805 precellentia
540 1739 584 1794 die
605 1753 741 1811 noctuque
759 1743 869 1809 existit3
922 1764 972 1821 pro
985 1749 1138 1806 Theodosio
1147 1753 1283 1821 quondam
1299 1753 1543 1824 interpretatnmd,
1559 1765 1586 1812 et
1602 1774 1616 1812 a
1633 1769 1722 1815 restra

64 1833 94 1880 rt
119 1824 187 1881 dum
206 1834 312 1883 tantam
334 1827 462 1885 fiduciam
476 1831 510 1888 de
532 1840 650 1890 vestran
671 1836 727 1892 Deo
751 1845 875 1908 protecta
891 1834 1085 1896 Bexeellentia
1105 1843 1183 1898 nobis
1203 1843 1351 1913 directum;
1378 1846 1482 1903 habeus
1499 1847 1611 1918 insuper
1627 1866 1643 1904 a
1661 1852 1732 1907 scri·

62 2009 201 2071 mierum,
223 2014 253 2062 at
265 2021 408 2090 pomerum
422 2015 591 2091 anteponunt
604 2010 781 2081 sexagesimae
795 2020 872 2068 octa·
922 2014 1082 2083 episcopum
1103 2021 1219 2085 petens,
1233 2029 1322 2085 neque
1332 2016 1456 2098 pontifex
1476 2004 1607 2075 contiuuo
1620 2036 1724 2080 morem

60 2095 106 2134 rae
129 2078 350 2148 aepraecedrntr,
377 2085 532 2160 atpatetnt
550 2079 638 2146 naba3
664 2097 728 2135 nam
740 2084 870 2138 territorii
920 2098 1018 2153 gerens
1039 2086 1166 2166 peierati,
1185 2100 1273 2154 neque
1296 2101 1441 2156 episcopus
1465 2087 1559 2144 donnae
1579 2090 1724 2150 ominatos

63 2149 200 2205 Sobirren.
222 2164 333 2204 causam
344 2159 480 2213 coqrnuam
497 2165 554 2218 er
569 2166 629 2206 esse
646 2168 662 2206 a
679 2153 771 2208 missis
788 2155 871 2222 regiis
920 2155 982 2210 riori
1020 2155 1379 2227 undpiamincadiscipiina
1398 2159 1724 2229 cognoreruntfflarne-

61 2221 143 2304 (pota
171 2218 298 2302 ilitherio
316 2228 344 2274 et
364 2218 524 2291 biangiraaiio)
548 2229 680 2288 testatur,
704 2225 870 2294 eosdemque
919 2224 978 2279 rius
991 2170 1099 2308 (itinero.
1115 2223 1192 2278 Rom.
1208 2240 1267 2294 cap.
1281 2227 1309 2291 3,
1322 2227 1363 2280 tit.
1384 2227 1426 2286 8).
1439 2228 1558 2284 indiculo
1572 2230 1658 2284 sancti
1673 2231 1725 2289 Bo·

62 2288 440 2347 immmortalitatem.
785 2314 787 2319 ·
920 2293 1011 2351 ulfacii
1032 2293 1074 2348 hio
1093 2294 1290 2352 untiniiiomae
1307 2306 1468 2352 consecrato
1522 2301 1722 2358 ucabaeesub-

99 2375 114 2402 ⁸
127 2359 255 2417 iiotarnda
276 2358 504 2431 disciplinatam
527 2368 659 2417 statutum
680 2373 739 2430 erat
759 2363 869 2421 Niemno
915 2362 986 2432 jicit,
1002 2378 1032 2420 se
1045 2309 1172 2420 videlicut
1191 2364 1324 2420 formulas
1350 2366 1475 2434 lnnjnsmo
1495 2370 1502 2422 i
1526 2370 1674 2434 exhibere,
1693 2383 1724 2429 ut

61 2431 165 2488 concil.
181 2432 256 2503 (tou.
280 2430 310 2501 6)
330 2430 576 2502 continuatumque
600 2433 628 2488 iu
649 2433 710 2489 aliis
733 2434 867 2500 conciliis,
918 2435 1088 2505 intelligatur
1108 2435 1172 2505 quid
1199 2436 1362 2491 discriminis
1383 2437 1518 2492 interesset
1539 2440 1568 2495 r'n
1591 2441 1725 2510 ejusmodi

62 2517 187 2575 quorum
199 2516 319 2557 cauom
330 2503 366 2557 ab
377 2502 443 2571 ipsis
456 2501 587 2558 liomunis
599 2503 774 2573 poulitlcibus
786 2507 869 2562 toties
918 2516 1099 2571 auctomento,
1121 2521 1180 2561 root
1194 2506 1233 2560 nel
1252 2506 1285 2561 ob
1312 2506 1423 2569 Italico,
1439 2508 1478 2562 nel
1503 2511 1721 2581 ohonqobortlo,

61 2569 254 2656 servarejussi
268 2583 347 2627 erarii
364 2572 495 2642 episcopi,
508 2583 640 2629 statutum
652 2584 726 2640 erat,
743 2575 864 2647 inquam,
918 2575 957 2630 nel
974 2575 1006 2629 oi
1026 2574 1079 2629 olio
1092 2588 1168 2630 estro
1185 2574 1295 2630 ltoliom
1307 2576 1392 2646 posito
1406 2587 1587 2648 praestaretur.
1608 2580 1677 2637 vide
1695 2591 1723 2638 et

62 2660 119 2700 nou
132 2643 303 2699 ordinandos
319 2642 462 2766 episcoqos
476 2643 535 2700 sine
555 2645 775 2714 metropolitano.
790 2645 866 2702 Prae-
918 2644 1091 2701 Thomassin.
1107 2645 1150 2715 (li,
1162 2662 1193 2710 ιι,
1209 2660 1260 2716 cap
1278 2646 1334 2714 30).
1355 2646 1395 2700 io.

63 2723 192 2771 tereres
205 2729 244 2769 nu
273 2728 309 2768 ra
327 2713 414 2783 discip
425 2713 470 2768 ina
490 2723 548 2769 tum
573 2716 602 2770 in
622 2715 740 2786 Anglia,
765 2727 821 2773 tum
839 2717 866 2771 in
954 2720 966 2752 ¹·
979 2715 1048 2771 ilinc
1065 2716 1168 2772 inferre
1180 2716 1521 2785 potueruottlointius,i>a
1542 2719 1593 2786 ius,
1606 2721 1721 2792 aliique,

62 2785 226 2841 monaruhia
268 2800 414 2839 raucorum
429 2785 556 2840 instituta
571 2785 702 2841 Bonitacii
717 2786 866 2858 hloguntini
917 2795 1079 2856 presentem
1100 2786 1243 2857 epistolam
1257 2786 1349 2841 datam
1363 2801 1423 2843 esse
1438 2797 1501 2858 post
1511 2735 1587 2845 ifiam
1602 2796 1657 2863 lep.
1672 2792 1720 2860 67,

62 2870 159 2926 φατι,
188 2855 730 2927 metropolitaeanteacceptumpallium
753 2861 867 2929 ahapo·
916 2855 952 2911 al.
973 2855 1018 2927 69)
1041 2872 1122 2926 quam
1142 2857 1263 2912 omnium
1293 2856 1410 2926 primam
1425 2859 1458 2913 de
1483 2860 1621 2917 territorio
1640 2861 1719 2917 Sabi-

63 2927 128 2983 stol.
149 2925 217 2981 sede
230 2940 285 2981 non
302 2925 625 2996 ordinabautepiscopos
641 2927 731 2994 Quare
747 2928 866 2984 loannes
917 2928 994 2982 oensi
1020 2928 1077 2998 ipse
1092 2927 1174 2981 ctiam
1195 2925 1273 2981 attuli
1297 2926 1432 2997 superiori
1447 2944 1528 2984 anno.
1548 2930 1584 2984 At
1597 2945 1657 3001 quae
1672 2948 1717 2989 se-

63 2997 135 3060 ldl,
149 2996 360 3067 aliquantopost
374 2996 432 3052 hzce
446 3005 567 3067 tempora
580 2997 635 3070 (ep.
649 2998 695 3069 97)
704 2998 864 3063 mirabatur,
917 3004 1039 3066 quuntur
1056 2998 1090 3054 de
1102 2996 1271 3053 discussione
1295 2995 1366 3066 juris
1383 2999 1515 3068 antiquio
1530 3003 1622 3057 missis
1635 3003 1722 3071 regiis

63 3084 94 3123 se
104 3069 223 3122 abusum
237 3067 374 3122 iuvenisse
384 3066 411 3122 iu
423 3065 528 3131 Galliis,
547 3069 619 3137 qnod
630 3083 727 3138 nempe
736 3079 866 3140 metropo-
917 3067 989 3124 iacta
998 3077 1025 3122 et
1033 3068 1230 3126 decorumdcm
1242 3083 1310 3122 nora
1319 3068 1462 3137 legatione,
1471 3071 1540 3126 bona
1549 3087 1612 3127 cum
1623 3087 1721 3130 eorum

63 3138 117 3193 iirae
132 3146 278 3220 onteqrrom
300 3135 440 3209 pollione
458 3136 518 3192 aede
539 3138 682 3209 apostolico
704 3140 863 3210 suscipiunt,
917 3139 1007 3204 venia,
1034 3138 1112 3193 binas
1133 3153 1180 3194 eas
1207 3138 1313 3192 litteras
1337 3138 1453 3193 inuuunt
1467 3156 1535 3210 quas
1548 3143 1605 3212 ipse
1632 3158 1718 3213 nuper

64 3216 289 3264 resurretionem
312 3206 400 3277 locere
414 3218 586 3279 prosuerunt.
604 3208 638 3264 Et
658 3208 767 3279 quidem
789 3206 863 3275 lure,
916 3208 1015 3274 attuli,
1041 3218 1123 3278 atque
1141 3209 1177 3262 illi
1202 3209 1292 3264 minus
1307 3217 1382 3265 recte
1404 3219 1624 3280 postposuerunt,
1645 3214 1717 3283 qumi

65 3294 126 3335 nam
145 3279 333 3348 predecessor
347 3275 406 3345 eius
428 3277 555 3334 Nicotaus
569 3278 658 3351 (Bnlq.
681 3296 748 3350 resp.
762 3280 807 3350 75)
825 3288 865 3335 te·
879 3288 904 3353 c
919 3279 1017 3349 legenti
1030 3280 1119 3348 palam
1132 3278 1188 3334 det.
1205 3278 1244 3332 lo.

66 3359 152 3404 status
164 3356 225 3403 erat
238 3346 388 3405 Golliorarm
398 3365 497 3413 omaus,
508 3358 533 3402 et
543 3347 702 3413 Gereonium,
714 3359 739 3404 et
750 3347 865 3404 oliorum
953 3359 964 3387 ⁰
984 3348 1022 3403 De
1036 3351 1161 3420 pyttacio,
1175 3349 1293 3420 pittocio,
1309 3351 1419 3421 potatio.
1457 3349 1580 3416 ittotiolo,
1593 3360 1657 3413 etc..
1671 3369 1716 3409 ca-

66 3420 202 3490 recimer
230 3418 440 3489 archiepiscopos
467 3427 529 3474 ante
560 3418 634 3490 pallii
666 3434 745 3475 susce
766 3412 880 3476 tieraem'
918 3420 980 3475 dem
999 3419 1108 3475 notione
1124 3420 1201 3489 plura
1214 3427 1359 3488 suppetunt
1376 3368 1628 3489 apusbocanoum
1640 3422 1717 3478 Glor-

67 3503 229 3545 merare
252 3486 395 3559 episeopus
415 3503 469 3544 non
484 3489 667 3546 consuevisse.
686 3435 867 3547 litationibus
917 3507 972 3543 aur.
998 3487 1078 3545 Plora
1097 3490 1161 3543 item
1186 3491 1267 3544 babet
1289 3488 1447 3546 Gotlioired.
1468 3491 1521 3617 jod
1552 3464 1570 3545 f.
1601 3509 1620 3546 ιι
1648 3491 1714 3550 Coo.

69 3574 113 3615 rer
123 3558 249 3615 ordinari
261 3558 419 3630 episcopum
429 3560 505 3629 petit,
520 3558 642 3630 pontifex
654 3561 867 3616 continuoillum
918 3557 1017 3614 Tlreod.
1032 3561 1064 3615 ote
1076 3559 1157 3628 Eroq.
1170 3560 1247 3612 oritit.
1271 3562 1407 3630 orooro).
1425 3561 1465 3616 lln
1485 3562 1651 3624 ediscimus
1667 3579 1716 3620 an-

69 3637 219 3685 tmsecrat.
247 3628 314 3697 Quis
340 3644 394 3685 uon
416 3637 540 3700 stupeat,
567 3646 645 3686 novae
677 3639 867 3702 argumentum
916 3629 1095 3699 tiquisinisse
1112 3627 1236 3693 indicem,
1254 3631 1717 3703 comtemnendam,brevemquein·

70 3699 217 3786 discipliuae
246 3709 304 3755 tam
328 3699 488 3769 antiquum?
514 3700 549 3756 Et
567 3716 633 3759 vero
646 3700 743 3757 florere
766 3710 824 3756 tum
839 3702 867 3757 iu
916 3701 1101 3770 scriptionem,
1121 3697 1270 3767 eujusmodi
1283 3699 1366 3754 etiam
1379 3700 1458 3756 doliis
1480 3702 1577 3772 apponi
1602 3719 1715 3760 consuc-

70 3769 161 3827 Gallias
173 3768 357 3827 Wdrhariom
371 3770 615 3841 archiepiscopum,
629 3769 867 3841 eujusjurisdietio
916 3769 965 3824 vit.
978 3769 1037 3837 Quo
1055 3784 1136 3824 senisu
1157 3769 1201 3822 bic
1218 3768 1315 3824 debeat
1338 3769 1463 3840 intelligi,
1481 3787 1525 3827 res
1547 3771 1574 3825 in
1601 3788 1635 3827 eo
1649 3790 1716 3829 con-

70 3842 100 3893 ιι
112 3840 237 3897 Adriano
256 3840 284 3895 in
300 3840 457 3910 hispaniam
474 3840 641 3906 adusserat,
653 3842 866 3912 nupervidimus
916 3847 997 3896 teuta·
1025 3840 1222 3904 demonstrant,
1246 3853 1306 3907 quae
1337 3853 1398 3894 cum
1422 3850 1512 3895 essent
1542 3843 1714 3913 apocryphae,

68 3916 119 3981 top.
142 3908 189 3976 77,
213 3911 250 3964 at.
264 3909 309 3974 96,
324 3920 382 3965 not.
397 3910 411 3950 b
424 3909 460 3980 tl.
480 3910 677 3968 bituricensem
696 3927 804 3983 quoque
822 3929 866 3968 ar·
915 3909 1121 3981 pseudoprttacii
1139 3922 1236 3963 noman
1250 3908 1274 3962 ei
1299 3918 1502 3977 compararunt.
1518 3909 1629 3965 Litterae
1642 3912 1715 3968 sciti-

66 3983 300 4063 driepiscopatum
323 3996 369 4034 ao.
382 3980 434 4034 786
447 3995 507 4036 esse
522 3981 704 4037 instauratum
720 3982 866 4037 traditione
914 3988 958 4035 cet
966 3995 1016 4049 pro
1028 3927 1208 4034 'ibeodosioli
1220 3979 1290 4034 datae
1300 3979 1519 4050 etcouipendium
1531 3981 1625 4050 synodi
1637 3980 1718 4037 Chal-

64 4051 139 4121 pallui
153 4050 235 4107 ctihi
248 4051 487 4120 deprehendimus,
502 4060 530 4107 et
541 4051 611 4108 inira
626 4052 733 4121 planius
747 4052 793 4107 tlet
808 4052 863 4124 (ep.
914 4049 1075 4106 eedoueusis
1110 4048 1137 4102 in
1166 4048 1390 4119 pseudopyttacio
1413 4049 1467 4104 isto
1492 4050 1715 4108 coratinehantur.

61 4121 113 4185 66,
142 4120 182 4177 al.
202 4119 265 4194 67),
288 4131 455 4191 caeterasque
474 4122 639 4193 metropoles
664 4122 718 4177 alio
743 4130 865 4192 tempore
913 4120 1079 4192 ltaqueerat
1104 4117 1221 4184 libellus,
1242 4116 1392 4187 etdusmodi
1416 4120 1589 4176 aliosvidere
1611 4130 1653 4177 est
1678 4122 1718 4178 ab

60 4193 131 4247 alias
142 4189 314 4262 postiiruinio
322 4198 462 4247 reuocatas
473 4199 589 4247 constat.
604 4193 688 4248 Sectis
700 4200 791 4249 autem
804 4201 865 4248 erat
914 4189 1180 4260 utroqueiiincmaro
1190 4189 1368 4258 conscriptos.
1377 4188 1547 4245 Pittociolom
1558 4188 1596 4244 ait
1604 4189 1716 4248 hincm.

57 4262 95 4318 de
116 4261 321 4333 episcopalibus
348 4261 470 4316 sedibus.
497 4261 602 4333 Ubique
625 4262 698 4319 enim
717 4271 864 4318 occurram
914 4261 1027 4316 Romen.
1043 4259 1102 4384 ¹glap.
1129 4258 1191 4314 Bm.
1216 4259 1279 4323 877,
1302 4275 1330 4315 u.
1356 4258 1391 4315 88
1413 4258 1502 4384 sen.)
1518 4260 1631 4316 missum
1660 4261 1714 4317 sihi

56 4333 197 4403 episcopi,
223 4339 253 4387 et
271 4329 449 4386 bituricensis
470 4332 528 4401 ipse
550 4333 598 4402 qui
620 4333 731 4402 pallium
746 4333 864 4388 obtinuit
913 4332 1022 4387 esseab
1069 4331 1150 4385 iucm.
1168 4329 1325 4386 Lauduueu.
1347 4330 1420 4400 quod
1456 4329 1548 4386 tellao
1564 4346 1579 4384 a
1594 4330 1716 4388 Rarouio

56 4402 159 4458 Ruoac
178 4409 244 4457 aute
259 4402 405 4456 triennium
417 4413 593 4458 consecratus
607 4401 696 4459 luerat
712 4403 739 4458 io
755 4402 860 4459 Galliis.
913 4401 1073 4512 apgallatur,
1087 4414 1174 4470 neque
1185 4401 1219 4456 ah
1234 4400 1354 4470 epistole
1371 4399 1458 4455 lorma
1475 4401 1587 4456 abludit.
1600 4400 1639 4456 ln.

51 4472 201 4529 rmore·
226 4472 363 4528 Adrianus
386 4473 620 4541 praeeminentiam
643 4474 688 4528 isti
712 4474 863 4530 accessisse
976 4471 1131 4526 Gentilotus
1154 4487 1186 4526 er
1212 4486 1263 4525 ms.
1282 4471 1400 4526 restitnit
1421 4470 1555 4541 imprimo:
1570 4486 1655 4540 quare
1678 4470 1713 4526 li·

51 4544 98 4599 ait
123 4543 347 4599 exordinatione
362 4543 433 4611 apud
455 4551 576 4598 sancum
601 4545 709 4607 sedem,
726 4552 754 4598 at
774 4560 807 4599 uc
831 4560 862 4599 ea
913 4541 1047 4609 bellieius
1062 4556 1168 4597 snunroa
1196 4539 1281 4596 luisse
1303 4541 1411 4596 uidetur
1431 4549 1478 4596 aut
1501 4541 1638 4596 accusatio
1664 4549 1713 4598 aut

162 4612 309 4684 rpraaierri
319 4611 418 4668 debere
429 4613 563 4682 episeopis
572 4614 706 4670 ordinatis
715 4615 741 4669 io
754 4558 860 4670 initiis.
877 4612 1035 4697 „apologia
1049 4628 1064 4666 a
1077 4611 1189 4666 Paulino
1201 4610 1273 4666 lacta
1284 4627 1333 4680 pro
1343 4611 1494 4667 Theodosio
1504 4611 1625 4667 iuniore.
1633 4610 1713 4679 Quod

170 4694 199 4740 et
217 4683 308 4739 Roma·
320 4699 336 4738 a
349 4680 476 4752 pontifice
490 4683 651 4740 universalis
674 4684 802 4740 Ecclesiae
815 4700 861 4739 ea·
913 4686 947 4736 ab
961 4682 1079 4737 Adriano
1100 4683 1299 4750 quodammodo
1319 4683 1503 4744 contirmatur,
1525 4682 1624 4750 reiecto
1640 4682 1714 4736 inter

47 4757 133 4829 pite,
152 4752 347 4810 etOceidontis
363 4752 518 4824 patriarcha
533 4755 730 4809 ordinabantur
752 4755 861 4823 provin·
914 4769 928 4806 a
950 4769 996 4808 oer
1007 4754 1083 4822 'phos
1095 4769 1128 4807 co
1146 4751 1245 4817 libello,
1260 4768 1293 4808 ae
1315 4752 1470 4807 substitutis
1499 4751 1596 4807 Leonis
1611 4752 1713 4806 litteris

46 4827 171 4883 εἰπιιιιι
181 4824 310 4895 episcopi,
329 4831 357 4879 et
374 4839 390 4878 a
405 4822 671 4894 metropolitisjuata
685 4824 796 4879 delinita
830 4841 861 4880 cr
939 4769 1058 4878 lieotiosii
1079 4823 1159 4878 iidem
1180 4823 1390 4877 vindicantibus.
1403 4823 1445 4877 Ad
1470 4820 1611 4876 Paulinum
1637 4821 1710 4889 quod

44 4907 194 4954 canones
226 4894 280 4950 beo
305 4893 414 4964 quidem
440 4893 551 4964 Magnus
576 4896 773 4950 Viennensibus
794 4841 859 4949 oiim
913 4894 1020 4958 attinet,
1039 4901 1096 4948 erat
1118 4890 1197 4960 hujus
1224 4892 1343 4948 nominis
1367 4893 1409 4946 vir
1430 4891 1523 4946 litteris
1544 4890 1662 4946 omuihro
1684 4900 1708 4945 et

42 4966 200 5041 fisemis
213 4962 267 5034 (ep.
286 4964 332 5028 86,
346 4979 408 5032 cap.
424 4962 451 5034 6)
463 4964 575 5020 aiebat:
592 4984 601 5016 ι
618 4963 676 5019 Nou
692 4965 765 5019 euim
781 4965 860 5020 ciebis
914 4962 1007 5033 scranto
1025 4972 1157 5018 ecorrstote
1171 4961 1472 5033 conspicnur,Eodoclae
1489 4961 1606 5041 opprime
1618 4975 1707 5025 coms,

41 5034 252 5096 ordinationes
275 5043 427 5089 uestrarum
451 5035 653 5104 provinciarum
677 5034 856 5102 defendimus,
912 5040 942 5087 ut
977 5033 1015 5087 ait
1041 5032 1234 5102 Theophanes,
1257 5048 1338 5115 quem
1360 5031 1433 5101 pomi
1465 5030 1605 5099 quttsdam
1625 5045 1708 5084 cansa

42 5107 135 5180 quod
158 5115 248 5176 potest
270 5103 384 5159 ιὀιιιιιιι
408 5103 443 5158 ad
469 5104 657 5174 depravandos
675 5114 773 5161 vestre
795 5120 857 5159 san·
881 5115 883 5120 ’
911 5110 1067 5172 suspectum
1082 5103 1251 5158 'lirendosius
1268 5119 1295 5157 ιιι
1310 5100 1507 5171 Cappadociam
1522 5099 1708 5180 categoricae

43 5176 170 5236 corath
183 5175 289 5231 animos
311 5172 430 5230 ilihrius
444 5189 494 5244 pro
518 5190 568 5232 suo
583 5189 658 5231 more
677 5175 797 5240 mentiri,
811 5175 859 5231 sed
911 5173 1040 5229 trucidari
1052 5171 1143 5241 jussit,
1164 5180 1192 5227 ut
1204 5182 1361 5230 constanter
1376 5171 1462 5227 Gnaei
1484 5177 1708 5237 omncsscrapto·

44 5248 143 5307 mais
169 5261 218 5317 per
237 5256 360 5300 nostram
387 5244 596 5301 sollicitudiuem
617 5245 795 5309 vindicamus,
824 5259 859 5300 ne
911 5259 955 5299 res
973 5244 1092 5298 traduat.
1105 5243 1134 5298 id
1152 5251 1242 5297 numm
1257 5242 1356 5395 Ριῗίιιι
1378 5241 1567 5297 animadvertit
1583 5239 1709 5293 creabas

44 5316 127 5391 quid
142 5316 258 5372 ulterius
271 5316 353 5372 liceat
365 5315 495 5383 nociati,
510 5330 562 5371 nec
576 5318 766 5387 presumptori
782 5316 858 5371 locus
911 5330 982 5369 anuo
1002 5312 1055 5369 titt
1069 5312 1124 5384 (ao.
1141 5313 1203 5376 lib,
1217 5328 1245 5367 u.
1261 5312 1295 5367 li
1309 5354 1317 5377 ,
1329 5312 1505 5383 quamohrem
1519 5308 1632 5365 Paulino
1644 5309 1708 5366 huie

46 5389 137 5446 ιιΙιη
152 5384 212 5455 jam
268 5395 323 5443 teat
343 5383 484 5456 priuilegia
503 5394 593 5441 vestra
618 5384 754 5442 cassandi.
779 5406 788 5438 ι
815 5384 859 5439 hit
911 5383 1034 5453 magistri
1054 5382 1204 5441 officiorum
1228 5382 1359 5451 dignatate
1381 5380 1707 5453 praestantiminuseom-

46 5458 140 5517 uim
157 5401 301 5528 pontiffccs
313 5456 466 5513 habueruut
480 5456 619 5526 antiquius
629 5472 710 5526 quam
728 5453 790 5524 iura
802 5470 860 5510 me·
912 5456 990 5509 unode
1000 5453 1079 5508 tribui
1093 5460 1181 5522 potest
1194 5452 1301 5508 libellus
1312 5453 1356 5508 hie
1370 5459 1545 5513 memoratos,
1560 5464 1708 5575 raccqmu-

50 5526 208 5659 πίσω
221 5528 249 5582 in
266 5525 391 5584 mociliis
407 5525 526 5582 stabilita
542 5535 570 5582 et
583 5526 724 5598 priuilegia
746 5526 780 5582 ab
796 5541 860 5596 apo·
912 5532 969 5579 tum
983 5523 1128 5605 diligentia
1146 5523 1325 5587 adhibuerim,
1345 5522 1429 5577 alium
1446 5522 1533 5590 reperi
1547 5518 1594 5591 qui
1638 5520 1707 5577 heo-

114 5601 161 5655 ’ω
172 5598 237 5654 sede
246 5598 328 5653 alicui
339 5612 434 5653 eorum
445 5612 575 5654 concessa
587 5597 734 5652 rinilicare.
753 5597 789 5650 ar
798 5597 860 5666 quis
912 5593 1017 5650 dosiurn
1032 5609 1089 5661 Jaru
1107 5603 1244 5648 mortuum
1259 5593 1332 5665 (riam
1352 5591 1495 5664 quondmn.
1516 5591 1579 5663 imp.
1595 5588 1706 5661 dicitur)

54 5672 142 5728 mun
155 5680 264 5724 mouere
270 5668 367 5724 iisdem
377 5667 460 5733 ausit,
473 5664 860 5737 stqmnooqoejursatotone
912 5664 1047 5720 thoanarit
1060 5680 1107 5720 sen
1117 5662 1278 5719 detenderit.
1290 5663 1363 5718 Dnos
1373 5661 1451 5718 rideo
1461 5661 1588 5719 Paulinus
1598 5661 1706 5734 episce-

56 5744 90 5797 ιιι
118 5740 217 5796 alianis
240 5737 390 5808 provinciis¹
413 5737 465 5809 ipsi
489 5746 600 5793 utautor
620 5754 668 5794 sana
689 5752 771 5807 quam
798 5736 858 5791 aliis
911 5749 970 5803 pes,
985 5733 1268 5806 Theodosiopunum,
1282 5733 1399 5790 alterum
1410 5733 1578 5805 hpamcoum
1591 5731 1706 5789 concitae

58 5810 286 5868 muunuuicautl
302 5809 382 5867 Certe
396 5823 484 5880 ueqoc
497 5824 543 5864 rex
558 5807 722 5864 i'rarncoruau
738 5805 857 5864 ordinari
910 5802 1121 5861 Clralccdoocusi
1134 5807 1264 5860 interesse
1279 5819 1286 5860 :
1301 5812 1327 5860 at
1338 5798 1448 5861 riaittime
1459 5804 1590 5860 illustrent
1603 5802 1693 5872 cpiseo
