3780 6120
130 172 196 241 tut

494 162 497 167 ’
563 176 591 234 u
610 174 735 234 ernon
753 170 860 231 uren
877 173 953 230 oar.
975 175 1064 232 rans
1083 130 1117 232 u
1136 176 1257 235 suerro
1278 178 1309 238 n.

1706 162 1772 238 iasa

129 298 190 366 cipe
206 280 247 351 de'
260 290 345 358 coelo,
361 296 390 346 ct
401 289 489 360 diligis
499 289 595 354 Deam
609 291 670 412 poia
683 295 709 344 et
720 289 748 342 in
762 296 833 341 terra
846 287 917 358 spurici
932 292 956 350 Α
970 290 1238 359 stantirrupolitamnu
1251 293 1354 348 directa
1382 293 1466 366 Epist.
1484 294 1539 379 ts),
1557 295 1636 351 inter
1647 306 1764 351 catera:

129 365 259 435 sempisti
273 365 306 419 de
318 360 388 416 cmlo
398 369 449 414 est.
466 361 494 413 ln
509 368 580 414 terra
592 359 612 413 C
625 360 716 412 tristus
726 357 806 418 dedit,
828 358 874 410 scd
885 357 919 412 ‹lc

129 437 199 492 coelo
211 444 253 489 est
267 433 312 502 qni
326 431 408 488 dedit.
427 429 473 484 llic
487 431 559 484 enim
579 429 652 483 dedit
666 429 712 500 elai
727 427 760 481 dc
785 426 855 482 eaelo
870 427 919 481 de-

130 505 244 567 seendit,
260 512 313 558 etc.
329 521 339 555 r

165 572 291 642 Ejusdem
316 572 402 628 sancti
419 570 563 641 Augustini
586 569 619 622 de
646 566 822 627 Pentecoste,
849 566 920 621 iuter

129 654 228 701 caetera
242 659 249 696 :
269 643 420 697 «Desinant
434 654 551 709 natuque
563 638 721 706 insipientes
736 636 859 698 blandiri,
872 651 920 689 no-

129 715 225 783 bisque
241 713 354 767 dicere:
380 712 450 777 Quid
469 708 605 778 accepturi
629 723 737 769 sumus,
756 721 818 759 eum
843 705 919 760 robis

129 784 333 841 accesserimus,
347 797 408 836 eum
417 776 807 848 jamnosbaptismnmCluisti
821 776 920 830 halece

128 853 285 909 ›lacaruintt
310 851 529 920 llespondcarnus
543 848 602 903 eis:
622 846 732 901 Habetis
756 845 919 926 bapstisarunr

129 924 245 987 Christi,
272 922 362 977 uenite
389 930 418 975 ut
451 920 573 974 habeatis
598 924 625 972 et
649 916 780 985 Spiritum
805 916 917 968 tiluasn.

131 994 236 1048 Timete
246 993 318 1062 quod
330 991 460 1060 scripturn
473 999 534 1044 est·:
551 987 675 1057 Quisquis
688 997 774 1038 cutem
791 984 919 1054 Spiritum

130 1063 228 1118 Christi
245 1079 297 1116 uoa
310 1061 397 1124 babet,
408 1061 450 1113 irie
459 1076 510 1112 non
523 1069 559 1113 est
571 1057 628 1126 ejus
640 1055 729 1136 thorn.
745 1056 815 1136 strip
831 1053 920 1134 ludui-

129 1134 180 1188 stis
193 1132 331 1187 Christum
344 1129 430 1184 lorma
444 1127 621 1192 sacramenti,
647 1127 748 1180 induite
769 1133 920 1179 rrrrrtanoae

129 1218 208 1258 exem
229 1203 256 1256 li.
280 1222 289 1253 r

165 1219 337 1341 litpcjusdem
358 1270 445 1327 sancti
464 1267 605 1340 Augustini
630 1266 676 1320 lih.
693 1281 719 1318 ru
735 1265 805 1332 (carp,
823 1262 867 1334 to)
887 1264 920 1318 de

131 1341 273 1406 Trinitate,
291 1343 361 1398 inter
375 1349 492 1397 caetera:
509 1357 518 1388 r
536 1335 837 1406 Ncepossumusdicere
848 1334 919 1402 (girol

130 1411 248 1482 Spiritus
266 1420 415 1467 sanctuset
436 1425 452 1465 a
476 1407 544 1462 Filio
568 1423 622 1460 non
646 1405 775 1475 procedat
799 1421 806 1459 :
832 1417 919 1474 neque

129 1483 202 1536 enim
212 1480 313 1535 trustra
328 1481 398 1537 idern
412 1479 528 1548 Spiritus
538 1485 565 1531 et
575 1476 663 1529 Patris
675 1483 701 1529 ct
719 1474 778 1527 Filii
804 1473 919 1541 Spiritus

129 1552 238 1605 dieitur.
260 1550 352 1620 Neque
367 1550 444 1604 rideo
455 1548 519 1618 quid
534 1545 606 1600 aliud
619 1545 771 1615 signiticare
793 1545 917 1608 soluerit,

972 377 981 408 r
998 359 1060 413 llco
1074 369 1100 413 et
1112 360 1210 415 clausis
1222 363 1255 415 ad
1269 363 1371 434 discipu
1382 379 1414 419 os
1423 363 1517 432 januis
1530 366 1662 422 introivit
1688 366 1766 421 laert.

969 434 1024 496 aa),
1045 438 1071 482 et
1082 429 1145 484 ltatu
1161 446 1210 485 suo
1223 431 1302 486 dabat
1314 434 1444 502 Spiritum
1456 446 1596 499 sanctum,
1620 445 1649 492 et
1707 446 1768 495 rratr

969 499 1151 569 intelligentiae
1164 500 1272 564 lumine,
1281 511 1437 569 sanctarum
1443 503 1765 576 Scripturarumoemua

968 569 1112 637 pandebat,
1128 571 1281 640 etreliqua.
1302 592 1311 624 r

1003 637 1115 693 inanes
1130 640 1388 710 sermoneejusdem
1407 644 1495 701 saneti
1512 644 1618 701 Leonis
1635 643 1765 719 praecipui

969 709 1087 763 ductoris
1097 710 1131 764 de
1143 711 1309 776 l’entecoste,
1322 713 1394 767 inter
1406 722 1504 769 caetera
1519 729 1528 769 a
1547 733 1558 767 r
1573 714 1680 772 Omnes
1692 732 1765 799 ergo,

968 779 1145 844 dilectissimi,
1162 779 1207 848 qui
1218 779 1245 834 in
1258 781 1401 837 Dominum
1412 781 1506 839 iesum
1519 785 1709 851 crediderant,
1723 803 1767 843 uu

968 846 1057 904 tirsum
1071 849 1121 903 sibi
1134 850 1268 904 habehant
1286 851 1414 931 Spiritum
1429 862 1566 919 sanctum,
1588 865 1618 911 et
1629 857 1765 912 remitten-

970 919 1066 974 dorum
1079 928 1253 989 peecatorum
1273 932 1355 977 etiarm
1379 932 1443 978 tune
1458 925 1575 993 apostoli
1602 936 1764 996 accepemus

968 998 1148 1058 potestatem,
1165 1005 1226 1044 cum
1242 998 1304 1058 post
1328 994 1554 1049 resurrectionem
1571 1010 1652 1049 suam
1674 997 1763 1052 Domi·

968 1073 1019 1113 nus
1035 1059 1187 1130 irrsuplacit,
1204 1069 1228 1113 et
1243 1060 1309 1114 dixit
1324 1077 1332 1114 :
1347 1063 1461 1133 Accipite
1482 1062 1615 1135 Spiritum
1632 1077 1764 1133 sunctum:

967 1144 1078 1198 puerum
1092 1129 1243 1183 remiseritis
1254 1141 1370 1200 peccota,
1384 1133 1603 1188 rearittuntureis
1625 1151 1636 1189 .·
1657 1147 1683 1189 et
1702 1154 1763 1208 pua-

969 1214 1027 1251 rmn
1042 1198 1211 1263 retinueritis,
1225 1210 1323 1255 retentu
1337 1210 1407 1266 strat,
1427 1210 1479 1257 ete.
1495 1222 1505 1255 r
1521 1204 1617 1275 (locri.
1632 1207 1696 1274 xx.)

1007 1267 1081 1322 Unde
1093 1275 1121 1322 et
1131 1269 1256 1338 egregius
1273 1270 1433 1338 praedicator
1449 1281 1530 1342 atque
1556 1275 1706 1331 mctttttous
1722 1276 1763 1331 do

969 1347 1028 1392 etur
1038 1347 1149 1392 sanetus
1163 1337 1309 1410 Gregorius
1319 1355 1389 1422 papa
1403 1341 1429 1395 in
1443 1344 1529 1397 sancti
1547 1343 1693 1414 Evangelii
1718 1347 1763 1402 lro·

969 1408 1042 1461 milia
1056 1409 1100 1473 ab,
1121 1409 1192 1461 inter
1207 1419 1305 1464 nemra
1318 1412 1405 1480 iuquit
1421 1425 1429 1465 τ
1445 1430 1454 1462 r
1472 1411 1537 1466 Cura
1559 1415 1662 1468 uenerit
1683 1414 1764 1469 Purr-

969 1477 1060 1542 rietus,
1072 1494 1148 1548 quem
1162 1478 1321 1547 epo‘mittum
1338 1481 1408 1535 cobis
1420 1499 1436 1534 a
1448 1481 1529 1536 Putre
1545 1481 1641 1554 (dona.
1658 1485 1718 1609 urp-
1735 1484 1764 1542 Sl

969 1562 1041 1601 cnrzu
1068 1547 1138 1601 mitti
1164 1548 1333 1604 solummodo
1348 1550 1483 1605 incarnari
1508 1553 1621 1608 deleret
1639 1553 1763 1627 inteligi,

129 1621 201 1689 qttcd
212 1620 322 1675 suiilans
330 1621 370 1674 ait
386 1637 393 1676 ι
414 1618 528 1688 Accipite
550 1616 678 1686 Spiritum
693 1624 810 1667 setectum
826 1614 916 1684 liora.
936 1635 956 1695 p
970 1627 1079 1672 satietas
1091 1616 1184 1686 procul
1195 1617 1276 1672 dubio
1288 1618 1405 1689 Spiritus
1423 1621 1496 1676 nullo
1520 1623 1604 1678 niodo
1628 1624 1765 1680 diceres„

129 1690 187 1760 xx).
211 1690 302 1759 Neque
316 1690 388 1744 enirn
414 1689 492 1742 llatus
506 1686 550 1741 ille
567 1700 723 1754 corporeae,
748 1699 808 1737 curu
837 1699 918 1737 seasu

129 1761 308 1829 corporaliter
317 1760 442 1829 tangendi
456 1757 605 1827 procedens
615 1770 779 1822 excerpere,
794 1754 919 1808 substan-

130 1831 167 1883 tia
195 1829 312 1899 Spiritus
328 1829 414 1884 saneti
439 1828 489 1881 luit
504 1844 510 1879 :
525 1824 572 1880 sed
586 1824 781 1879 demonstratio
795 1838 843 1892 per
855 1838 919 1878 eon·

129 1915 224 1969 gruum
239 1898 473 1970 significationem,
489 1911 541 1950 non
557 1903 661 1949 tantum
677 1893 799 1958 al’atre,
825 1893 870 1947 sed
891 1901 919 1947 et

128 1985 145 2023 a
158 1969 225 2023 Filio
239 1970 386 2049 procedere
401 1967 530 2037 Spiritum
542 1973 675 2019 sanctum.
690 1963 756 2030 Quis
776 1963 849 2016 eninr
875 1963 918 2017 de

129 2040 313 2095 attentissimus
324 2038 436 2102 dixerit,
463 2036 547 2090 alium
569 2033 660 2090 iuissc'
675 2033 820 2103 Spiritum,
837 2048 917 2102 quern

129 2109 239 2164 snhlaus
245 2110 326 2173 dedit,
340 2116 367 2163 et
378 2108 469 2169 alium,
480 2120 560 2176 quem
571 2114 632 2175 post
642 2104 827 2158 ascensionem
841 2117 917 2157 suam

128 2180 219 2234 misit?
232 2177 307 2234 Unus
320 2179 392 2233 eninr
407 2178 522 2259 Spiritus
533 2183 580 2239 est,
598 2174 713 2245 Spiritus
729 2172 787 2237 Dei,
803 2172 917 2242 Spiritus

129 2247 220 2303 Patris
232 2259 256 2303 ct
268 2247 343 2313 Filii,
360 2248 475 2319 Spiritus
487 2255 592 2300 reactus
604 2245 649 2316 pui
658 2253 781 2315 operetur
791 2243 879 2296 omniu
889 2243 917 2296 ta

128 2319 259 2382 ouruibus,
273 2327 326 2373 ete.
345 2339 353 2370 r
376 2317 402 2390 (i
416 2317 477 2373 Cor.
493 2314 557 2385 ru.)

163 2390 229 2443 ltem
244 2387 363 2457 ejusdem
376 2387 461 2442 saneti
474 2381 617 2456 Augustini
637 2382 664 2437 in
677 2381 724 2438 lib.
740 2396 774 2434 av
785 2380 855 2453 (capr.
871 2381 917 2452 Dii)

128 2458 162 2514 de
175 2456 320 2522 Trinitate,
337 2457 516 2511 intercutem
532 2454 609 2509 :rDe
621 2462 736 2522 utroque
751 2462 841 2506 autern
856 2467 917 2521 pro-

127 2529 224 2583 tedere
245 2529 284 2584 sie
296 2528 417 2592 docetur,
433 2529 496 2610 (guia
516 2527 573 2596 ipse
590 2523 609 2578 F
612 2524 673 2578 ilius
690 2523 729 2576 ait
748 2536 755 2575 ι
774 2522 812 2575 De
837 2520 918 2575 Patre

127 2597 243 2668 procedit
257 2599 348 2669 (toea.
362 2597 419 2669 ur).
435 2597 542 2651 luteum
556 2593 749 2648 resurrexisset
761 2609 776 2646 a
792 2592 916 2658 mortuis,

127 2674 156 2722 et
172 2669 341 2754 apparuisset
352 2667 489 2736 discipulis
501 2666 567 2729 saie,
579 2664 752 2744 insufflantes
763 2663 801 2715 ait
821 2678 830 2716 :
845 2663 919 2714 Acci·

126 2738 180 2808 pite
193 2738 321 2808 Spiritum
330 2748 450 2791 sunctum
463 2737 554 2808 (ioan.
569 2733 632 2804 xx),
649 2740 678 2786 ut
692 2741 774 2787 cuam
800 2746 862 2786 euin
884 2734 918 2786 de

126 2820 157 2861 se
170 2809 317 2876 procedere
330 2809 493 2862 ostenderet.
510 2805 544 2859 lit
570 2805 624 2876 ipse
639 2811 677 2856 est
689 2804 788 2866 uirtus,
812 2816 871 2872 quc
885 2801 917 2855 de

127 2876 174 2931 iiio
184 2877 280 2942 eaihm,
297 2877 367 2932 sicut
377 2877 476 2933 ieviter
490 2877 517 2929 iu
531 2873 686 2945 Evangelio,
702 2883 725 2926 et
738 2873 848 2926 sanaim
861 2887 917 2926 onr-

127 2962 183 3000 κει.
202 2965 212 2998 r
231 2947 307 3018 (huc.
323 2950 373 3018 rr.)
400 2949 433 3001 ht
456 2954 615 3016 postpauca
632 2961 638 2996 :
663 2962 672 2995 r
692 2943 748 2997 lloe
761 2941 916 3013 significans

127 3016 257 3071 Dominus
268 3015 356 3081 iesus,
368 3017 491 3073 hisdctit
499 3015 628 3086 Spiritum
637 3021 762 3068 sanctum
775 3030 782 3066 :
794 3011 877 3066 semel
889 3013 916 3066 in

128 3094 211 3149 terra,
220 3087 505 3167 propterdilcetionem
516 3083 647 3156 proximi;
658 3084 789 3139 etiterum
796 3083 915 3148 decisio,

127 3163 237 3226 propter
252 3156 422 3211 dilectionem
434 3157 493 3210 Dei.
511 3177 521 3208 r

163 3225 228 3279 item
242 3224 275 3279 de
299 3226 432 3281 sententia
458 3224 545 3279 saneti
567 3221 660 3295 Cyrilli
676 3221 916 3293 (Anatbemruismo

127 3296 207 3376 norro)
222 3294 401 3351 intercaetera
428 3312 461 3346 :r
483 3295 512 3348 Si
526 3294 587 3364 quis
610 3307 682 3356 eum,
699 3292 744 3362 qui
769 3305 838 3345 uirus
858 3300 914 3356 est,

128 3364 271 3418 Dominum
285 3364 377 3420 lesum
395 3364 533 3421 Christum
553 3360 732 3432 glorificatum
756 3376 816 3415 csse
828 3376 844 3413 a
858 3362 918 3432 Spi-

127 3434 180 3489 ritu
193 3443 286 3491 sancto
305 3444 433 3505 tauquam
447 3434 533 3490 aliena
558 3431 694 3504 potentia,
722 3446 774 3500 quta
789 3446 837 3500 per
854 3446 916 3486 eum

126 3506 231 3574 opremri
240 3504 625 3575 possetaovcrsusiauumudos
631 3502 752 3570 spiritus,
764 3513 790 3555 et
797 3515 916 3580 pereum

127 3574 252 3644 implesse
265 3576 355 3630 diuina
367 3575 454 3647 signa,
472 3583 500 3630 et
511 3590 565 3629 nou
591 3585 678 3642 mags
696 3571 834 3643 proprium
857 3586 916 3640 eJus

125 3660 186 3699 esse
199 3644 331 3715 Spiritum
345 3647 436 3711 dicat,
452 3658 596 3717 perquem
615 3642 692 3713 signa
713 3651 840 3712 operatus
862 3651 913 3707 est,

125 3715 268 3770 anathema
285 3716 330 3780 sit,
344 3724 396 3772 cte.
415 3736 424 3769 r
625 3769 628 3775 ,

161 3784 227 3840 leem
239 3784 360 3854 ejusdem
372 3785 459 3841 sancti
469 3784 562 3857 Cyrilli
575 3783 609 3839 ad
621 3782 753 3838 loannem
769 3781 916 3837 Antioche-

124 3868 201 3921 uum,
212 3856 283 3909 inter
293 3866 390 3912 caetera
406 3871 414 3909 a
428 3855 469 3910 Nc
486 3855 630 3925 transferas
649 3854 913 3919 castrametemur,

125 3942 189 4006 prees
202 3936 345 3996 paruerunt
356 3936 444 3997 putres
462 3926 500 3979 tui
513 3926 602 3997 (Dect.
612 3921 746 3995 xri).Non
756 3923 828 3977 eninr
838 3930 915 3978 eraut

126 3996 177 4065 apsi
188 3995 343 4066 loquentes,
366 3997 413 4051 scd
430 3995 547 4064 Spiritus
560 3995 608 4049 Dei
631 4003 659 4049 ct
680 3991 778 4056 Patris,
793 3993 839 4063 qui
852 4008 916 4061 pro·

125 4066 197 4119 cedit
210 4067 319 4134 quidem
331 4081 365 4120 er
377 4066 445 4136 ipso,
471 4082 524 4120 uon
538 4072 579 4119 est
593 4072 683 4118 aarum
698 4078 712 4116 a
727 4062 796 4118 Filio
809 4062 914 4120 alienus

124 4140 272 4191 secuudum
286 4137 409 4191 essentiae
426 4137 568 4191 rationem.
582 4135 616 4189 Et
630 4134 664 4188 at
679 4133 730 4188 hoe
747 4148 796 4188 nos
809 4142 915 4189 saneto-

125 4219 201 4270 ram,
224 4207 271 4276 qui
286 4207 414 4278 mysteria
429 4207 606 4268 tradiderunt,
620 4204 690 4258 dicta
701 4205 872 4258 mnllrrnant.
885 4204 914 4259 ln

124 4275 238 4330 Actibus
250 4277 321 4331 euim
345 4276 527 4346 apostolorum
543 4276 675 4344 seriptum
692 4283 756 4329 est:
780 4271 913 4327 Venientes

124 4355 212 4400 uatem
228 4348 298 4401 cirea
323 4345 452 4417 Dpsiurrr,
468 4345 603 4401 tentabant
617 4345 656 4398 ire
667 4344 694 4397 in
708 4343 875 4414 Ditlrprrinrn,
889 4329 953 4397 etD

417 4415 706 4487 amalasuintam).
721 4414 820 4467 Scribit
830 4415 912 4466 etiarn

121 4485 320 4540 etrenerabiiis
332 4485 387 4540 Pau
400 4503 430 4540 us
446 4502 453 4540 ε
469 4486 520 4552 Qui
535 4495 622 4538 autem
635 4485 663 4537 iu
681 4500 760 4536 carne
771 4493 843 4546 ararat,
859 4483 913 4537 Deo

122 4555 226 4636 placere
238 4572 289 4608 nott
301 4566 419 4636 possunt.
438 4555 487 4609 i'os
498 4564 585 4609 autem
596 4570 648 4607 nort
660 4555 721 4606 estis
733 4553 761 4605 iu
770 4568 858 4616 corne,
867 4553 913 4606 sed

122 4641 153 4678 tn
166 4626 268 4695 spiritu,
282 4641 305 4678 ar
318 4635 406 4678 tomen
426 4625 541 4696 Spiritus
554 4623 601 4676 Dei
616 4623 715 4676 habitet
736 4623 764 4676 iu
776 4621 856 4676 cobis.
883 4621 914 4678 Sr'

123 4697 184 4766 pais
193 4705 280 4748 autern
287 4694 416 4766 Spiritum
426 4693 523 4749 Christi
532 4708 583 4747 nou
590 4692 675 4757 babet,
684 4693 726 4746 irie
737 4708 789 4746 aorr
799 4701 834 4746 cst
844 4693 912 4762 ejus,

122 4775 177 4820 cte.
193 4784 202 4816 r
217 4764 394 4837 (liutmun).

158 4836 225 4890 ltern
249 4836 334 4891 sancti
353 4834 446 4906 Cyrilli
461 4836 494 4890 de
517 4832 635 4903 Spiritus
653 4832 773 4897 cultura,
796 4846 830 4887 ex
844 4832 913 4889 libro

121 4907 228 4976 primu,
250 4907 321 4960 inter
338 4917 459 4962 caetera:
479 4924 489 4956 r
506 4905 592 4959 Sicuti
616 4911 658 4959 est
681 4903 742 4966 Dei,
763 4911 791 4957 et
807 4902 911 4968 Patris,

122 4977 203 5032 sirnul
229 4986 256 5032 et
280 4976 342 5031 Filii
371 4975 605 5039 substantialiter,
626 4991 659 5030 ex
680 4983 815 5041 utroque,
840 4974 914 5028 ride-

122 5048 185 5172 licpt
199 5063 234 5106 ex
253 5046 333 5103 Patre
357 5063 406 5117 per
433 5047 550 5112 lilium,
569 5045 733 5118 procedente
749 5043 866 5115 Spiritu.
885 5052 914 5100 et

121 5121 268 5174 relicta.»

158 5136 223 5245 {tim
240 5189 359 5258 ejusdem
389 5188 476 5242 sancti
501 5186 594 5258 Cyrilli
621 5201 655 5240 ex
680 5185 750 5240 libro
776 5184 912 5239 acclama·

123 5263 192 5314 torio
211 5261 243 5315 ad
264 5259 444 5316 Theodosium
468 5259 678 5327 imperatorem,
705 5256 911 5321 interemerat,

125 5350 134 5381 r
158 5330 250 5400 traque
268 5331 320 5387 etsi
341 5329 445 5385 dicetur
475 5329 629 5396 ubieunque
653 5325 790 5379 viriheare
816 5324 910 5391 Pater,

121 5410 248 5469 operator
261 5403 312 5457 hoc
323 5400 432 5457 omnhto
447 5411 497 5471 per
510 5396 606 5451 Filium
618 5395 670 5470 [in]
679 5395 783 5469 Spiritu
797 5406 890 5450 saneto
903 5434 911 5462 ,

122 5480 174 5524 ete.
198 5491 208 5524 t

121 5546 124 5551 ’
156 5540 220 5595 beu
236 5557 269 5596 cs
288 5540 400 5611 epistola
421 5537 559 5610 encyclica
585 5536 642 5591 sire
668 5535 797 5606 synodica
824 5536 911 5592 sancti

122 5609 218 5667 Lrurris
249 5627 324 5682 papa·
348 5612 381 5667 ad
400 5609 558 5664 Flavianum
584 5607 818 5677 arehiepiscopum
840 5607 910 5663 Con-

124 4432 177 4469 noa
189 4432 232 4470 eos
239 4417 355 4486 permisit
367 4415 413 4538 Sps

970 1689 1050 1751 mitti,
1065 1688 1110 1757 qui
1125 1702 1293 1758 nequaquam
1302 1692 1458 1746 incantatus
1469 1701 1521 1747 est.
1534 1692 1591 1747 Sed
1599 1692 1663 1762 ejus
1674 1696 1763 1750 nrissio

970 1757 1026 1826 ipsi
1040 1758 1177 1827 processio
1190 1764 1244 1821 est,
1264 1773 1317 1828 qua
1331 1762 1363 1815 de
1382 1760 1461 1816 Patre
1481 1764 1608 1833 procedit
1628 1773 1659 1818 et
1686 1764 1761 1821 Filio.

969 1826 1045 1882 Sicut
1060 1828 1149 1898 itaque
1162 1827 1279 1896 Spiritus
1293 1830 1362 1884 mitti
1375 1831 1483 1896 dicitur,
1499 1832 1564 1902 quia
1578 1835 1713 1904 procedit,
1728 1837 1761 1891 ita

968 1906 995 1951 et
1009 1898 1092 1952 Filios
1103 1914 1156 1951 uon
1167 1899 1314 1968 incongrue
1325 1901 1394 1954 mitti
1408 1901 1516 1965 dicitur,
1529 1905 1595 1974 qrtia
1607 1914 1760 1975 generabar.

969 1967 1026 2022 lior
1041 1984 1099 2021 cum
1115 1969 1239 2032 dirisset,
1253 1979 1277 2022 ct
1292 1970 1439 2040 insufflanit,
1452 1982 1476 2026 et
1494 1973 1614 2028 diatreta
1629 1977 1761 2048 :Accipite

969 2036 1097 2108 Spiritum
1108 2049 1227 2092 sanctum
1239 2038 1329 2106 (Aaou.
1346 2040 1402 2110 xx).
1426 2041 1609 2108 Quaerendum
1623 2045 1706 2101 nohis
1723 2055 1761 2102 est

968 2108 1093 2176 quidest
1113 2108 1185 2177 quod
1212 2108 1343 2178 Spiritum
1366 2121 1488 2165 sanctum
1509 2111 1644 2169 Dominus
1671 2125 1761 2172 uostm

967 2184 994 2258 et
1002 2178 1089 2300 ¹semel
1101 2178 1173 2233 dedit
1185 2178 1212 2232 iu
1224 2189 1296 2233 terra
1308 2182 1468 2248 consistens,
1483 2190 1511 2238 ct
1520 2183 1608 2239 semel
1618 2185 1760 2258 eoelopras

967 2261 1000 2302 ιι.
1009 2264 1066 2303 eus.
1080 2266 1089 2298 r

1002 2318 1068 2371 ltem
1079 2319 1198 2387 ejusdem
1210 2318 1297 2373 saneti
1310 2318 1432 2390 Gregorii
1447 2336 1522 2392 papae
1545 2338 1579 2378 ex
1603 2322 1677 2379 libro
1687 2341 1757 2380 xsru
1812 2354 1820 2368 ·

967 2387 1122 2456 superios,
1138 2389 1319 2444 intercutem
1342 2403 1349 2442 ε
1372 2409 1383 2440 r
1401 2391 1438 2446 Dc
1461 2408 1516 2462 pao
1529 2391 1654 2449 loarrnes
1672 2398 1756 2450 dicit:

969 2459 1063 2511 Orrrrria
1080 2476 1126 2529 per
1147 2460 1231 2528 ipsum
1252 2458 1324 2528 [actu
1347 2470 1407 2513 suat
1423 2460 1514 2534 (ioca.
1529 2461 1563 2534 1).
1579 2462 1619 2519 ita
1635 2464 1718 2520 etiam
1730 2481 1758 2521 os

967 2527 1077 2592 dicitur,
1090 2544 1122 2583 ac
1135 2529 1157 2582 si
1170 2527 1226 2583 oris
1236 2529 1618 2598 nonriuepatenterdiceretur
1630 2534 1757 2603 Verbum,

967 2596 1036 2651 sicot
1051 2614 1099 2653 nos
1109 2612 1216 2668 qnoque
1227 2613 1276 2668 pro
1292 2601 1381 2656 uerbis
1393 2599 1512 2672 linguam
1523 2603 1618 2660 dicere
1630 2606 1757 2675 solemus,

967 2678 996 2720 ut
1005 2684 1067 2721 eum
1078 2669 1200 2723 Graecam
1211 2668 1253 2723 rel
1267 2668 1654 2743 Latinamlinguamdieimus,
1666 2674 1757 2731 Latina

966 2736 1009 2817 rel
1029 2737 1123 2793 Graeca
1142 2739 1223 2793 rerba
1236 2753 1427 2797 monstremus.
1453 2739 1489 2796 Os
1502 2757 1569 2814 ergo
1584 2744 1695 2801 Domini
1708 2763 1758 2803 nou

968 2809 1123 2862 rurrneritoi
1144 2824 1204 2864 sum
1218 2811 1374 2879 accipimus,
1390 2826 1439 2881 per
1461 2827 1542 2882 quem
1566 2816 1649 2871 nohis
1672 2818 1757 2871 omnia

966 2875 1094 2946 loquitur.
1107 2825 1175 2934 iiiuc
1188 2891 1228 2933 est
1243 2879 1315 2934 enim
1328 2883 1400 2951 qnod
1409 2884 1539 2952 propbeta
1552 2885 1593 2939 ait
1614 2902 1622 2941 a
1642 2884 1680 2941 Os
1694 2888 1757 2941 cuiae

930 2946 1074 3029 cDomiai
1096 2948 1211 3002 locutum
1231 2960 1268 3004 cst
1283 2951 1350 3018 hcc,
1364 2961 1417 3006 etc.
1435 2972 1444 3003 r
1465 2952 1534 3076 pisa.
1559 2957 1654 3028 ertit.)
1667 2955 1720 3012 Sed
1733 2963 1757 3010 et

967 3026 1061 3072 sarreia
1073 3019 1206 3074 catholiea
1216 3027 1244 3074 et
1256 3021 1402 3091 apostoliea
1416 3021 1469 3077 Eee
1479 3023 1536 3079 csia
1547 3025 1582 3080 ah
1598 3025 1657 3094 ipso
1667 3037 1757 3082 macto

967 3087 1098 3158 Gregorio
1116 3103 1185 3160 papa
1200 3089 1322 3146 ordinem
1346 3092 1509 3160 missarum,
1535 3094 1755 3162 solemnitatum,

968 3160 1120 3214 orationum
1136 3161 1296 3229 suscipiens,
1311 3161 1402 3232 plures
1415 3163 1493 3218 nohis
1509 3164 1597 3221 edidit
1610 3167 1755 3231 orationes,

967 3229 1012 3282 ubi
1027 3228 1155 3298 Spiritum
1169 3240 1292 3286 sanetum
1309 3246 1358 3301 per
1370 3232 1514 3287 Dominum
1528 3242 1655 3291 nostrum
1668 3236 1755 3292 iesum

967 3296 1104 3353 Christum
1120 3299 1233 3367 inArndi,
1247 3310 1326 3370 atque
1338 3300 1480 3370 illustrari,
1496 3310 1524 3359 et
1538 3305 1697 3362 confirmari
1711 3321 1755 3362 oct

967 3369 1124 3447 suppliciter
1136 3379 1227 3438 petere
1244 3372 1344 3428 docuit.
1361 3390 1370 3424 r
1395 3373 1460 3428 ltem
1483 3375 1573 3430 sancti
1595 3374 1754 3446 Sophrouii,

967 3453 1044 3506 cinus
1054 3441 1202 3495 orthodoxa
1216 3443 1341 3512 dogmata
1356 3443 1382 3496 in
1400 3453 1493 3498 saucta
1506 3453 1584 3500 sexta
1596 3448 1699 3518 syuodo
1714 3462 1753 3502 re-

967 3518 1105 3574 nerantur,
1121 3513 1190 3565 inter
1199 3513 1333 3581 plurima:
1350 3511 1465 3567 «Omnia
1482 3517 1556 3569 enim
1568 3531 1619 3586 per
1634 3516 1753 3588 unigeni-

967 3587 1024 3633 tum
1040 3578 1139 3634 l'iliunr
1151 3580 1230 3636 Pater
1245 3583 1272 3636 iu
1282 3591 1375 3638 saneto
1389 3582 1453 3638 lecit
1465 3582 1580 3654 Spiritu,
1597 3596 1696 3653 onaeut
1714 3601 1754 3642 sa·

966 3650 1050 3774 piputi
1059 3651 1365 3722 procidentiamutinct,
1376 3653 1547 3711 atDeussuis
1556 3657 1754 3728 operibusprrc

967 3722 989 3774 si
1009 3736 1067 3785 eus,
1083 3728 1136 3776 etc.
1152 3740 1162 3773 a

1186 3812 1221 3868 ΙΝ
1240 3812 1358 3868 slusa
1376 3811 1535 3870 ACTIONE.

1001 3923 1066 3978 Cae.
1087 3939 1117 3977 n.
1136 3953 1171 3963 -
1200 3922 1383 3995 Reprehensio.
1415 3922 1511 3980 Utrum
1538 3923 1751 3985 Tlreodorusar-

966 3995 1154 4062 elriepiseopus
1166 3992 1413 4064 Hierosolymorum
1426 4002 1499 4048 recte
1511 3996 1621 4062 sentiat,
1636 3999 1682 4068 qni
1695 4014 1750 4056 cunr

966 4064 1074 4120 Patrem
1091 4079 1149 4118 sure
1175 4064 1308 4133 principio
1332 4064 1439 4134 penitus
1458 4073 1485 4118 et
1505 4068 1700 4134 sempiternum
1725 4083 1750 4124 se

965 4136 1076 4191 eredere
1088 4134 1170 4198 dixit,
1191 4134 1307 4196 Filium,
1323 4136 1414 4190 neseio
1427 4135 1477 4189 sub
1499 4150 1553 4205 qua
1573 4139 1686 4210 ambage
1699 4153 1750 4194 rer·

965 4206 1077 4269 borum,
1091 4219 1145 4258 non
1165 4204 1237 4259 aliud
1254 4204 1413 4275 principium
1435 4220 1516 4274 quam
1540 4205 1651 4263 Patrem
1675 4223 1750 4281 agno

965 4282 1096 4399 poentem,
1110 4284 1136 4328 et
1148 4288 1182 4328 es
1195 4275 1253 4345 ipso
1271 4274 1475 4331 subsistentiam
1504 4276 1662 4346 habeatem,
1690 4295 1749 4351 pro·

975 4359 1052 4400 essas
1070 4346 1115 4400 sit.

1002 4415 1155 4485 Responsio.
1179 4413 1232 4469 lste
1248 4414 1405 4470 Theodoms
1421 4415 1579 4485 patriarcha
1600 4417 1749 4490 llierasaly-

964 4500 1086 4545 morum,
1103 4501 1163 4540 carru
1176 4485 1281 4541 cacteris
1296 4485 1437 4555 precipuis
1448 4486 1621 4555 partriarchis,
1632 4488 1749 4544 videlicet

964 4557 1062 4611 Cosam
1073 4555 1253 4619 Alexandriae,
1266 4564 1292 4609 et
1307 4554 1449 4610 Theodoro
1465 4556 1520 4610 alio
1532 4556 1691 4621 Antiochiae,
1705 4559 1749 4613 dn-

963 4625 1027 4679 dum
1040 4625 1231 4694 praedecessori
1245 4633 1337 4679 nostro
1347 4633 1447 4679 sauctae
1462 4628 1661 4684 reeordationis
1673 4644 1749 4697 quoa

964 4697 1025 4750 darn
1046 4695 1128 4750 l‘anlo
1150 4710 1235 4764 popm,
1256 4695 1536 4816 mimmntpmpriarn
1554 4711 1649 4752 eorum
1675 4708 1749 4753 reete

964 4766 1026 4820 ildei
1038 4765 1215 4837 synodicam:
1233 4767 1260 4819 in
1277 4771 1371 4834 quaet
1407 4779 1423 4818 c
1445 4767 1639 4823 sacratissimis
1658 4769 1748 4838 imagi·

963 4837 1043 4891 nibus
1068 4835 1159 4890 subtili
1182 4836 1352 4899 narmtione,
1366 4834 1482 4903 qualsster
1500 4852 1554 4890 uua
1574 4853 1637 4892 eam
1662 4848 1748 4893 nostra

964 4914 1057 4961 saneta
1090 4905 1221 4959 catholiea
1241 4913 1268 4958 ct
1289 4905 1435 4974 apostoliea
1461 4906 1609 4962 unirersatt
1634 4909 1747 4962 hornam

964 4976 1083 5031 Ecclesia
1098 4975 1251 5044 ipsissimi
1271 4973 1422 5030 orientales
1434 4977 1578 5032 orthodoxi
1598 4979 1713 5047 eriscopi
1723 4984 1747 5032 et

962 5047 1132 5102 Christianus
1144 5046 1258 5115 popalus
1269 5045 1399 5108 sentiunt,
1424 5054 1452 5099 et
1469 5047 1495 5100 iu
1513 4996 1668 5104 eammiiem
1690 5063 1748 5101 san-

963 5127 1066 5171 ctarum
1080 5116 1227 5188 imaginum
1238 5116 1409 5170 ueneratione
1420 5116 1527 5172 siucero
1541 5120 1639 5174 trientis
1655 5118 1747 5174 assem

962 5186 1098 5242 feruentes
1118 5187 1145 5242 in
1163 5186 1214 5240 ilde
1228 5187 1357 5250 esistunt,
1374 5185 1536 5241 studuerunt
1560 5188 1744 5243 intimandum.

963 5256 1049 5323 Quam
1076 5256 1231 5328 synodicam
1251 5257 1277 5310 iu
1296 5255 1393 5310 Latino
1417 5254 1621 5326 interpretatam
1645 5259 1747 5328 eloquio

960 5327 1145 5396 piredeeessor
1158 5335 1250 5381 noster·
1262 5327 1396 5395 quondam
1413 5326 1602 5384 sanctissinms
1627 5331 1745 5385 doctrinas

963 5398 1116 5466 Stephanus
1139 5411 1206 5467 papa
1220 5397 1247 5451 iu
1267 5412 1316 5452 suo
1330 5395 1453 5457 coneilio,
1478 5400 1550 5466 quod
1569 5409 1599 5455 et
1622 5402 1678 5471 ipse
1699 5414 1746 5470 pro

962 5469 1047 5522 sacris
1076 5467 1236 5538 imaginibus
1262 5482 1314 5521 utra
1342 5481 1404 5521 enm
1428 5467 1542 5523 ‹lirersis
1564 5472 1697 5540 episeopis
1720 5470 1744 5524 ia

962 5538 1083 5601 parrtibus
1109 5537 1230 5592 l'raneim
1251 5552 1297 5592 seu
1326 5536 1408 5591 ltaliae
1430 5534 1507 5600 lecit,
1525 5542 1703 5629 suscipientes
1716 5553 1745 5594 are
1809 5598 1813 5608 ,

963 5607 1126 5679 relegentes,
1140 5609 1300 5678 placuerunt
1316 5617 1370 5662 tam
1386 5608 1418 5662 dc
1445 5609 1560 5667 dirersis
1585 5612 1743 5669 irascamur
