3780 6120
124 261 180 326 777
568 268 598 326 a.
626 268 751 327 canoni
771 267 878 327 uacui
902 265 977 326 ore.
997 263 1087 326 7777
1107 267 1128 326 t.
1154 262 1276 326 secato
1296 263 1347 326 in.
1592 224 1602 235 ..
1714 273 1770 332 ato

125 378 203 455 lieo,
228 378 263 433 ad
281 393 332 433 nos
357 370 497 436 absolvere
515 381 692 437 'reverendum
717 380 918 436 sanctissimum
933 386 956 442 Α
969 381 1118 452 Propterea
1131 395 1224 436 eoram
1239 382 1295 437 ttco
1312 382 1373 437 uiro
1393 382 1595 452 deprecamur,
1622 383 1694 441 utin
1718 385 1770 443 hoc

125 468 238 524 fratrem
256 477 382 525 nostrum
403 483 416 510 ⁸
437 470 582 543 Georgium
602 473 767 544 episcopum,
781 479 862 544 atque
880 473 920 528 di·
970 486 1067 542 preces
1081 481 1189 528 nostras
1204 475 1342 537 erairdias,
1357 483 1385 528 ct
1396 475 1469 544 ipsos
1484 474 1625 531 ahsolrere
1637 475 1768 544 jubeatis.

124 559 209 616 lectos
227 560 298 618 illios
311 569 419 618 nostros
443 562 576 618 llarinum
602 573 631 619 et
643 564 755 620 Petrum
780 567 921 636 777777777-
970 562 1116 634 lpsisenim
1130 563 1329 619 revertentibus
1335 562 1418 634 258
1425 575 1487 619 cum
1501 577 1597 636 magna
1611 564 1706 622 latitia
1720 582 1771 624 cos

125 666 180 716 ros,
192 653 238 722 qui
249 652 284 707 ad
297 660 415 708 rostram
439 654 648 725 praecellentiam
673 670 688 710 a
706 662 799 711 nostro
817 657 920 724 praede·
971 654 1159 723 suscipiemus,
1174 661 1201 709 ct
1213 655 1311 710 cliaros
1324 655 1350 708 in
1362 656 1463 710 nostris
1475 655 1626 713 visceribus
1639 658 1769 728 amplecti

124 761 232 802 cessere
248 747 357 802 domino
383 747 466 803 Paulo
483 765 550 820 papa
577 749 674 806 directi
698 759 774 817 sunt;
799 751 920 821 quotidie
971 745 1153 812 studebimus;
1184 746 1371 816 episcopatum
1395 746 1468 800 enim
1494 755 1521 802 ct
1548 747 1770 821 Ecclesiasticus

124 839 196 894 enim
207 854 268 895 cum
281 855 377 910 magno
388 840 493 911 plot-am
505 843 917 912 eommparentgsnosadeunt‚
970 842 1064 889 tenere
1074 835 1408 891 videbanturinordinatae
1435 852 1522 907 usqlle
1545 838 1677 896 1777777775
1704 856 1770 897 con·

124 937 155 985 ut
168 939 287 985 vestram
301 945 316 984 a
331 931 385 985 lieo
403 931 555 986 institutam
569 931 756 987 excellentiam
779 931 918 1002 deprecari
970 924 1083 991 sistunt;
1098 939 1211 995 77077110
1231 923 1325 993 jubeat
1335 924 1494 981 effluentia
1510 930 1768 1001 777577777877011770,

124 1022 438 1092 777777777777777777
465 1024 644 1090 absolutione,
657 1025 739 1079 etiam
755 1040 807 1080 non
825 1040 919 1096 possu-
969 1015 1217 1086 quatenuspraciati
1235 1016 1286 1070 iili
1312 1017 1346 1071 id
1373 1025 1474 1072 mmm
1499 1020 1650 1077 037777777ῑὲ
1672 1038 1770 1079 eorum

123 1122 291 1169 musmomm
308 1114 580 1185 lacrymassutsem,
595 1115 649 1170 per
674 1123 700 1171 ie
724 1115 797 1169 enim
814 1156 821 1180 ‚
849 1115 920 1170 hone
970 1107 1229 1178 revertantur,t1uia
1246 1107 1323 1162 adest
1344 1115 1488 1178 tempusiit
1501 1111 1604 1180 pariter
1621 1128 1683 1168 cum
1711 1117 1770 1172 suis

123 1202 379 1260 mwiwgpsgpme
393 1218 450 1269 mx,
469 1205 534 1260 sapa
559 1205 648 1261 oggeri
665 1214 745 1271 suni,
761 1213 788 1260 01
803 1221 818 1259 a
833 1205 920 1260 mant.
969 1198 1138 1269 parentibus,
1153 1206 1181 1253 et
1196 1214 1249 1253 nna
1272 1198 1413 1253 nobiscum
1438 1202 1465 1254 in
1484 1201 1598 1257 homino
1620 1205 1768 1272 exsultent,

122 1296 175 1352 ltus
185 1296 372 1368 persequentis
385 1297 494 1352 liherati
505 1297 666 1354 consistant,
694 1296 770 1352 Unde
782 1311 878 1365 inagna
891 1297 919 1350 in
970 1303 1072 1358 nosque
1096 1288 1194 1342 merilli
1211 1303 1259 1357 hs⁰
1274 1288 1339 1354 lili,
1354 1296 1381 1343 θῑ
1398 1289 1584 1346 isswlssmilale
1601 1302 1690 1349 vestra
1705 1294 1770 1350 fun·

123 1388 193 1444 ctelo
206 1388 284 1443 vohis
295 1387 414 1456 reposita
430 1395 472 1442 cst
490 1387 625 1442 mercedis
646 1402 766 1450 corona,
790 1386 918 1457 quoniam
969 1377 1033 1437 dere
1045 1380 1292 1451 iuhemusprcoes.
1306 1379 1409 1453 [777777.
1422 1380 1486 1435 odd.
1495 1379 1601 1438 Codicis
1611 1385 1770 1454 epistolaris

123 1477 254 1547 scriptum
278 1485 340 1531 est:
363 1475 415 1542 Qtt
438 1475 539 1542 777777,
569 1486 694 1548 tuaquom
726 1477 771 1548 gaii
793 1476 917 1546 7777777777.
968 1471 1189 1544 emolimenta]

158 1620 172 1649 ¹
191 1609 270 1667 hono
288 1608 486 1674 7657777777,
515 1609 669 1679 iterumque
699 1624 769 1664 anno
795 1609 916 1679 sequenti
968 1604 1136 1660 Francorum
1148 1620 1240 1676 regern
1251 1614 1279 1661 et
1289 1613 1410 1662 sanctam
1437 1607 1540 1664 aedem.
1559 1609 1703 1666 Postremo
1725 1626 1769 1666 re·

122 1679 177 1753 (cp.
192 1679 236 1744 59,
253 1679 302 1745 t0;
315 1680 350 1734 al.
368 1679 401 1733 lt
417 1688 445 1735 et
456 1679 501 1746 76)
515 1678 616 1735 Paulus
628 1678 787 1763 efflagitanti
803 1678 919 1733 Franco
969 1677 1092 1730 stitutum
1105 1691 1177 1730 anno
1192 1671 1243 1730 767
1268 1677 1296 1730 77
1314 1677 1459 1746 pristinum
1479 1680 1609 1736 honorem
1633 1683 1668 1736 ad
1687 1681 1766 1736 Pauli

121 1760 216 1805 ronir
250 1750 414 1814 iconcessit,
430 1758 460 1805 iit
475 1746 621 1821 Georgium
646 1752 798 1805 Ostiensem
812 1749 916 1818 episco-
933 1733 1064 1815 Bpreoes
1076 1746 1179 1827 abipso
1191 1745 1324 1828 Ι7>777777;
1341 1762 1445 1802 necnon
1464 1748 1620 1819 pontillcem
1638 1750 1770 1822 lacrymis

120 1829 225 1892 puroet
256 1821 547 1944 etrum-preshgxterum
560 1819 726 1875 cardinalem
738 1820 808 1889 apud
832 1834 918 1874 sere·
970 1823 1073 1871 motum
1084 1824 1180 1870 matris
1191 1815 1263 1871 ilhus
1277 1816 1403 1873 desolate
1414 1833 1447 1873 ae
1457 1819 1531 1875 orbae
1541 1818 1643 1876 lumine
1655 1836 1770 1891 rogasse

121 1891 231 1946 tineret.
268 1890 419 1960 Utrumque
467 1906 558 1946 oniam
589 1891 701 1945 rediisse
722 1898 784 1960 post
810 1888 916 1959 Pippini
969 1887 1094 1941 eumdem
1112 1901 1214 1956 regem,
1231 1895 1260 1940 ut
1271 1902 1332 1942 eum
1351 1889 1503 1944 remitteret
1513 1889 1626 1945 Romam
1640 1891 1764 1961 (777777,

121 1970 239 2017 mortem
253 1968 358 2016 eertum
377 1963 487 2024 scimus,
504 1961 567 2031 quia
588 1958 646 2015 Geo
681 1959 735 2014 ium
760 1960 855 2014 adesse
878 1959 918 2013 ii-
969 1954 1005 2009 al.
1020 1955 1077 2028 57).
1094 1955 1165 2023 Quid
1175 1964 1266 2012 eutem
1287 1958 1339 2012 sibi
1355 1958 1418 2012 relit
1434 1958 1605 2030 pseudopapa
1650 1962 1768 2016 riratain

122 2032 218 2086 demus
231 2030 322 2086 Later.
337 2032 453 2086 coneilio
481 2048 525 2085 an.
554 2027 605 2086 769
630 2031 767 2085 ceehrato
786 2030 917 2084 adversus
968 2028 1049 2081 unius
1059 2041 1169 2082 causam
1179 2026 1213 2080 ad
1227 2027 1294 2082 alios
1308 2026 1376 2083 duos
1387 2030 1602 2094 extendendam
1660 2030 1769 2086 udando

121 2100 361 2157 huneiiirasoiem
376 2110 477 2157 sancta
503 2101 627 2160 sedicet
648 2100 759 2169 ¹Petrum
776 2114 847 2153 anno
865 2098 917 2153 7777
968 2093 1373 2167 Pippinum,guodomnescos
1394 2098 1518 2153 liberarit
1533 2115 1548 2153 a
1566 2101 1768 2171 manihirsper·

121 2168 254 2241 legatione
271 2170 391 2226 iunctum
413 2171 460 2225 Ste
480 2172 542 2225 hani
559 2170 590 2225 lll
619 2186 681 2225 cum
706 2169 846 2241 Pamphilo
868 2171 916 2224 dc·
971 2181 1000 2221 sc
1020 2168 1110 2222 uentis
1135 2183 1189 2222 non
1207 2167 1337 2238 intelligo.
1365 2168 1392 2222 ld
1414 2184 1497 2224 unum
1521 2172 1677 2240 percepisse
1699 2169 1768 2225 mihi

120 2240 229 2297 tensare
242 2242 296 2313 (cp.
312 2241 363 2307 lt),
379 2241 414 2296 al.
428 2188 478 2312 ⁴55
499 2243 534 2296 ad
554 2240 680 2314 Carolnm
704 2249 731 2295 ct
745 2239 919 2295 caroloman·
971 2183 1073 2318 rifleor,
1091 2236 1607 2308 777777077717777777777777777777777
1618 2240 1769 2297 mendaciis

122 2327 187 2366 nuni
200 2311 393 2382 regesPippini
408 2310 487 2366 illios.
513 2311 554 2365 ild
571 2308 702 2366 llarinum
728 2318 819 2365 autem
843 2309 919 2379 guod
971 2314 1131 2377 ineptusque
1141 2307 1249 2377 plenam
1262 2308 1289 2362 in
1301 2307 1403 2362 calcem
1416 2308 1654 2377 todicisrejectain
1671 2309 1767 2374 luisse,

121 2381 228 2445 attinet,
248 2382 323 2436 card.
339 2383 381 2436 tit.
402 2382 487 2436 sancti
501 2381 670 2452 Chrysogoni
691 2388 800 2450 patente
821 2381 918 2435 eodem
970 2392 1059 2460 neque
1076 2376 1249 2432 movendasa
1264 2393 1308 2432 me
1321 2377 1406 2432 inisse
1427 2379 1579 2448 hujusmodi
1603 2380 1708 2456 sordes.
1730 2381 1770 2434 At

121 2448 370 2521 Pippiiiocreatiim
384 2466 542 2521 essetisque
561 2452 598 2507 ah
612 2465 683 2505 aniio
697 2449 758 2516 757,
775 2465 824 2505 777
839 2450 919 2505 docet
972 2456 1041 2503 ratio
1053 2447 1184 2517 temporis
1196 2448 1230 2501 ad
1257 2447 1281 2501 id
1297 2450 1480 2517 praestandum
1501 2464 1544 2504 me
1557 2449 1654 2518 coegit.
1671 2450 1711 2504 hc
1733 2450 1770 2505 tle

123 2521 179 2591 (ep.
205 2522 253 2586 76,
284 2522 319 2577 al.
337 2522 394 2584 adt.
418 2521 518 2576 hcinile
543 2535 604 2575 eum
633 2522 758 2576 norimus
785 2521 838 2591 (ep.
867 2520 915 2582 ta,
970 2528 1086 2589 utraque
1101 2519 1168 2573 setis
1185 2531 1318 2586 superque
1330 2525 1373 2572 est
1385 2519 1487 2574 dietum
1498 2520 1526 2573 in
1539 2521 1651 2584 monito,
1668 2519 1703 2574 ad
1720 2519 1767 2574 hi-

122 2591 158 2646 71.
176 2592 222 2662 titt)
241 2608 292 2647 una
319 2608 380 2648 etim
409 2591 572 2647 adversariis
595 2592 781 2647 machinatum
808 2588 917 2646 esseio
971 2589 1083 2642 storiam
1099 2603 1190 2642 rerum
1205 2587 1278 2656 quod
1292 2597 1407 2658 spectat.

1418 2734 1761 2752 ——nm

505 2824 587 2897 259
605 2822 650 2883 ΙΝ
673 2822 869 2884 STEPHANI
890 2822 934 2882 111
955 2820 1173 2884 setsroets
1192 2820 1370 2897 QUlNQUE

845 2939 1044 2998 7777770777770.

156 3175 178 3231 l.
191 3172 299 3230 Sedatis
312 3168 632 3241 reipiihlicetumnltihus
639 3171 732 3238 variis,
740 3187 872 3243 pinnaque
880 3171 957 3242 ahc
971 3173 1075 3228 naclius
1092 3171 1315 3245 Erigolismensis.
1342 3174 1458 3232 Uhiiiam
1473 3172 1578 3248 legatus
1602 3195 1649 3236 cos
1664 3197 1771 3253 repere·

122 3246 202 3303 lectis
215 3259 308 3299 eorum
328 3242 493 3304 cinctorium,
510 3241 620 3295 minime
638 3250 733 3297 sanata
751 3252 829 3298 erant
844 3253 917 3299 atro·
971 3244 1018 3308 rit,
1034 3244 1104 3313 apud
1118 3243 1292 3299 Anastastuin
1307 3260 1361 3300 oon
1380 3245 1479 3318 legitur
1492 3265 1498 3301 :
1512 3246 1538 3303 id
1553 3257 1673 3318 eertum,
1695 3255 1771 3322 quod

121 3317 164 3373 cia
178 3314 290 3369 uulnera
302 3306 432 3368 Ecclesiae
447 3311 557 3365 indicta.
575 3311 679 3367 invasio
693 3312 828 3383 siquidem
853 3326 917 3384 apo·
970 3313 997 3367 in
1011 3328 1090 3370 suurn
1106 3323 1219 3384 regnum
1232 3312 1346 3370 Parisiis
1358 3325 1473 3387 uterque
1487 3329 1671 3388 processeram
1689 3323 1770 3379 ideo·

121 3387 223 3443 stulicae
234 3385 316 3450 sedis,
332 3383 519 3438 ordinationes
541 3381 645 3436 illicitas
669 3382 703 3437 ah
719 3383 814 3438 codem
840 3384 918 3439 777777
970 3399 1023 3453 que
1034 3382 1166 3455 Sergius«
1186 3394 1304 3453 eoeptiim
1320 3386 1446 3454 gradiens
1463 3388 1515 3442 iter
1526 3390 1650 3459 peruenit
1663 3391 1771 3462 adeius

122 3458 302 3527 impietasque
329 3454 450 3510 Orientis
464 3452 563 3507 niiruin
583 3452 610 3506 in
634 3453 743 3508 modum
758 3462 837 3508 aucta
857 3470 919 3525 per·
970 3454 1050 3519 lilios,
1070 3473 1079 3506 i
1105 3452 1216 3509 lactura
1240 3455 1350 3524 quidem
1371 3456 1462 3512 levis:
1484 3474 1547 3512 nam
1571 3459 1668 3517 litterar
1688 3477 1771 3520 suum

122 3536 267 3584 suaserunt
281 3524 411 3594 pontitici,
424 3531 454 3578 ut
467 3530 644 3606 congregaret
670 3524 802 3594 synodum
815 3524 841 3578 in
864 3540 918 3595 qua
970 3532 1123 3579 consecutae
1133 3533 1195 3580 sunt
1208 3524 1344 3591 effectum,
1360 3527 1502 3583 duodecim
1526 3544 1560 3582 cx
1574 3527 1688 3587 Francia
1710 3535 1772 3603 epi-

122 3597 210 3652 7777777
227 3595 299 3651 serio
309 3611 341 3650 ac
355 3595 492 3663 sapienter
501 3592 710 3648 discuterentur.
735 3593 918 3661 Quamobrem
971 3596 1070 3664 scopis,
1082 3594 1138 3650 fere
1150 3596 1277 3650 omnihus
1288 3597 1396 3651 urbium
1404 3598 1669 3667 metropoleon,iere
1678 3604 1771 3672 primo

124 3675 194 3725 etex
206 3665 282 3720 ltalia
300 3674 328 3720 ct
343 3680 376 3720 ex
395 3664 483 3719 amieo
497 3663 664 3718 Francorum
679 3679 763 3736 regno
777 3664 919 3735 episcopos
971 3665 1034 3719 antri
1048 3662 1187 3735 sequentis
1198 3664 1272 3730 779,
1299 3665 1414 3721 Romam
1428 3669 1600 3725 venientibus
1608 3671 1691 3743 200
1704 3689 1771 3730 cnm

122 3750 289 3807 congregare
308 3735 486 3791 deliberans:
511 3752 520 3786 i
550 3733 577 3788 ln
599 3735 711 3790 exordio
739 3735 919 3791 ordinationis
971 3735 1075 3806 Sergio.
1096 3734 1163 3791 heiu
1181 3743 1297 3790 testatur
1308 3735 1444 3793 Adrianus
1459 3739 1485 3793 in
1498 3739 1627 3794 Tractatu
1638 3742 1673 3798 ad
1685 3744 1773 3800 71777-

122 3824 195 3874 stiae,
211 3814 242 3862 ut
255 3812 297 3861 est
309 3806 379 3876 apud
390 3805 583 3870 Anastasium,
614 3819 668 3875 quo
684 3805 755 3860 idem
776 3806 917 3862 sanctissi·
971 3805 1026 3860 lum
1043 3820 1133 3875 regern
1146 3816 1227 3931 super
1245 3805 1319 3861 cultu
1341 3822 1482 3863 sacrarum
1508 3809 1657 3881 imaginum
1671 3812 1771 3880 (Lalih.

123 3895 183 3934 mus
196 3876 295 3950 praesul
310 3873 482 3945 pontihcatus
504 3874 608 3946 apicem
627 3876 794 3945 assumpsit,
819 3874 920 3932 ditexit
971 3873 1147 3930 darrihtom.
1192 3875 1572 3947 71,7.979,777,977,757)7
1590 3901 1599 3932 7
1617 3880 1773 3940 Praedeces

123 3950 150 4004 77
162 3948 285 4003 Franci-e
298 3955 390 4017 partes
402 3946 436 4001 ad
455 3946 570 4000 eximios
581 3945 655 4001 viros
665 3946 820 4016 Pippiniim,
835 3947 920 4002 Caro-
971 3961 1016 4001 sor
1032 3955 1135 4012 noster,
1152 3946 1285 4017 iuquiens,
1301 3958 1404 4003 sanctae
1419 3951 1616 4007 recordationis
1632 3955 1770 4021 quondam

123 4021 177 4074 him
191 4026 219 4074 et
235 4016 463 4074 carolomannum
480 4032 558 4086 reges
572 4015 739 4071 Francorum
755 4025 783 4071 et
791 4018 920 4086 patricios
971 4017 1086 4072 domnus
1098 4016 1252 4087 Stephanus
1261 4032 1332 4087 papa
1346 4018 1470 4073 similiter
1489 4035 1552 4074 cum
1563 4022 1698 4094 episcopis
1707 4040 1772 4093 par-

124 4091 309 4146 llomanoruin
326 4087 450 4158 Sergium
476 4085 692 4141 secundicerium
716 4095 743 4140 ct
767 4088 920 4142 nonrenela-
970 4088 1039 4158 tiiiin
1064 4088 1187 4160 Francia
1213 4095 1295 4158 atque
1321 4087 1404 4144 ltaliae
1425 4089 1584 4159 presidens,
1597 4102 1650 4147 etc.
1677 4112 1686 4145 i
1718 4095 1771 4162 Qui

123 4170 211 4216 torem
228 4158 272 4214 illo
290 4166 410 4227 tempore
423 4155 594 4218 existentem,
609 4155 919 4278 deprecansatguehor
969 4158 1052 4212 ctiam
1083 4157 1213 4212 beneficio
1240 4159 1341 4213 codicis
1375 4153 1545 4232 Veronensis,
1566 4162 1675 4218 nomina
1711 4165 1771 4235 ipsa

122 4240 185 4287 tans
200 4244 294 4284 corum
305 4226 490 4283 excellentiam
498 4240 548 4296 per
558 4240 622 4279 suas
635 4225 796 4293 inpostolieas
813 4227 918 4294 itteras,
970 4241 1065 4283 eorum
1084 4227 1226 4283 duodecim
1252 4229 1439 4300 episcoporum
1454 4238 1482 4285 et
1497 4233 1675 4304 iiiiadraglnta
1689 4235 1773 4292 ltalo-

123 4311 154 4356 ut
169 4301 322 4370 aliquantos
336 4297 477 4367 episcopos
491 4310 600 4367 gnaros,
615 4303 643 4348 et
662 4296 688 4350 in
706 4295 831 4352 omnihus
852 4298 920 4352 diri·
971 4313 1041 4361 rum,
1054 4297 1101 4380 qui
1114 4294 1298 4354 interfuerunt
1319 4300 1442 4366 coneilio,
1457 4301 1537 4356 hodie
1554 4302 1684 4360 hahemus
1712 4314 1772 4362 tum

123 4373 167 4426 nis
181 4371 233 4425 scri
255 4369 323 4422 turis
331 4375 413 4436 atque
427 4375 582 4421 sanctorem
601 4380 733 4420 canonum
745 4366 920 4423 institutioni·
971 4367 998 4423 in
1011 4367 1130 4424 editione
1140 4369 1262 4424 Romana
1274 4385 1319 4424 an.
1329 4369 1409 4434 7755,
1428 4381 1483 4425 tum
1500 4372 1527 4426 in
1542 4371 1658 4430 Liiocnsi
1671 4391 1774 4447 nuper-

122 4443 173 4496 hus
184 4385 304 4494 eruffitos
319 4452 351 4491 ac
363 4435 541 4505 peritissimos
553 4435 709 4506 dirigerent,
722 4438 755 4491 ad
766 4435 918 4493 laciendum
971 4438 1040 4493 rima
1052 4446 1118 4494 tom.
1130 4439 1160 4505 l,
1182 4437 1267 4495 addit.
1283 4441 1317 4495 ad
1342 4437 1463 4496 Concilia
1485 4442 1596 4497 Lahlici.
1623 4443 1662 4498 Ile
1689 4447 1774 4502 rebus

122 4511 149 4565 in
162 4511 213 4564 hac
228 4508 349 4590 hamana
359 4507 611 4590 urheuconcilium.»
624 4506 671 4560 777
682 4507 776 4576 7777777
787 4507 917 4578 Stephani
934 4535 958 4595 0
972 4509 1038 4578 ipsis
1059 4523 1120 4592 quie
1137 4510 1164 4564 in
1178 4510 1294 4566 concilio
1307 4519 1374 4564 actae
1389 4521 1453 4566 sunt
1469 4513 1625 4582 quatridui,
1652 4531 1774 4571 summa·

123 4580 221 4634 7777777
236 4592 324 4646 neque
339 4594 366 4631 in
376 4577 496 4632 codicem
523 4577 717 4642 honoralum,
742 4593 830 4648 neque
854 4579 919 4634 alihi
973 4579 1022 4634 tim
1040 4579 1142 4650 aliquid
1156 4579 1254 4644 dicam,
1272 4581 1389 4636 maxime
1412 4582 1519 4637 adrem
1544 4593 1665 4638 nostiam
1676 4601 1775 4641 neces·

102 4650 304 4720 Ι777777777777,
321 4647 495 4703 77777777777
509 4647 574 4703 Cod.
591 4646 662 4712 777,
678 4663 758 4716 quoni
773 4649 920 4706 Pani'inius
973 4650 1086 4716 sarium,
1102 4666 1156 4706 non
1170 4651 1298 4706 solnmut
1312 4651 1466 4706 litterarum
1483 4651 1589 4720 jactura
1611 4655 1704 4710 minus
1722 4657 1773 4713 do-

123 4720 264 4777 sevidisse
288 4726 422 4784 testatur,
445 4724 633 4788 argumentum
655 4718 758 4787 prolert
794 4735 838 4774 an.
856 4719 929 4784 777,
973 4719 1037 4784 7777,
1053 4721 1244 4775 verumetiam
1269 4729 1298 4775 ut
1313 4718 1398 4776 lacent
1445 4722 1571 4777 7777777777
1592 4723 1717 4780 dicendis
1741 4726 1775 4780 dc

123 4809 152 4846 n.
166 4790 213 4863 2):
234 4809 242 4842 i
262 4788 377 4860 Scripsit
390 4788 562 4858 pontideatus
577 4786 655 4843 initio
667 4788 701 4843 ad
715 4788 858 4859 Pippiniim
874 4806 921 4860 pe·
973 4790 1110 4860 pontificia
1124 4791 1235 4846 historia
1248 4804 1282 4846 eit
1299 4738 1474 4861 sequentigus
1495 4807 1510 4847 7
1530 4792 1616 4847 istolis
1638 4795 1773 4850 emenda.

124 4871 184 4917 tens
197 4860 320 4916 homines
335 4860 428 4915 doctos
444 4859 514 4913 mitti
528 4858 561 4913 ad
574 4859 705 4928 synodum
728 4858 888 4914 hoinanain.
908 4881 917 4914 i
1009 4860 1051 4915 lll.
1072 4859 1164 4915 Prima
1182 4861 1266 4932 igitur
1283 4863 1408 4925 actione,
1436 4809 1607 4933 pseudopapa
1631 4864 1659 4919 in
1683 4864 1775 4920 medio

124 4932 215 5000 Quare
226 4940 316 4986 autem
329 4931 356 4986 iii
368 4929 481 4985 Francia
504 4929 666 4994 interierint,
683 4944 770 5012 7777777
784 4946 832 4986 777
843 4933 878 4986 oh
894 4932 921 4987 id
949 4935 954 4945 '
974 4932 1162 5001 episcoporum
1173 4932 1340 4998 tonstituto,
1364 4931 1576 5002 Christophoius
1599 4934 1776 5004 primicerius

123 5003 237 5058 Carolus
252 5017 393 5057 recensere
414 5000 553 5070 potuerit,
572 4997 651 5055 facile
673 5009 798 5068 coniectu
824 5010 866 5058 777
885 5017 919 5057 cx
974 5002 1109 5071 pontilicis
1119 5001 1197 5071 jussu
1217 5011 1326 5058 enarrat
1337 5003 1495 5074 sacrilegam
1511 5005 1690 5070 invasionem,
1702 5003 1775 5074 ejus·

123 5089 216 5130 rerum
231 5070 603 5142 seriaquachacoceasionc
619 5079 778 5126 euenerunt.
974 5087 1027 5142 que
1040 5073 1196 5129 historicam
1224 5071 1382 5129 relationem
1403 5089 1483 5144 quani
1510 5074 1569 5128 heri
1593 5075 1774 5131 mandaverat

160 5146 191 5201 ΙΙ.
212 5144 246 5200 Et
265 5158 331 5199 sanc
345 5142 444 5197 missus
471 5157 518 5196 seu
544 5141 648 5210 legatus
675 5141 810 5210 pontilicis
835 5141 921 5197 lloina
974 5141 1115 5212 legendam
1126 5143 1249 5208 exhihct;
1266 5144 1304 5198 nil
1320 5159 1353 5199 eo
1363 5144 1406 5199 ilic
1419 5143 1585 5199 decernitur.
1607 5145 1775 5202 777777777-

143 5218 261 5273 77777777
271 5221 332 5284 post
346 5212 417 5268 diem
437 5213 579 5282 septimam
600 5211 713 5282 Augusti
728 5213 829 5267 mensis
849 5229 921 5267 anno
974 5220 1032 5268 tera
1047 5214 1219 5283 pseudopapa
1234 5214 1332 5268 iterum
1345 5214 1774 5286 sistiturineoneilio,aususque

125 5231 187 5351 εδδ,
201 5302 263 5342 oiim
275 5285 481 5355 Stephanusest
493 5289 677 5343 consecratus,
689 5282 752 5336 etin
779 5282 920 5338 Franciiim
975 5282 1143 5339 iiirasionem
1163 5284 1232 5338 tueri
1251 5285 1373 5354 exemplo
1395 5285 1525 5368 Stephani
1549 5285 1624 5340 ilueis
1647 5284 1774 5356 Neapoli·

126 5358 236 5412 venicus
250 5354 361 5412 Octohri
376 5367 478 5415 mense,
504 5352 646 5422 Pippinum
661 5353 695 5407 dc
715 5353 766 5408 hac
791 5354 847 5408 rita
870 5354 922 5407 mi·
974 5353 1044 5418 tani,
1055 5354 1100 5423 qui
1118 5369 1152 5408 ex
1165 5353 1235 5409 laico
1245 5353 1334 5408 777777
1346 5355 1620 5426 7777777777777777.
1632 5354 1685 5410 itit
1698 5356 1773 5411 cleto

127 5440 220 5496 grasse
234 5426 336 5483 invenit
355 5423 446 5479 diest
460 5423 627 5494 Septeiiihris
652 5422 747 5492 elapsi.
773 5424 921 5494 Propterea
973 5431 1001 5478 et
1018 5423 1117 5506 populo
1133 5431 1252 5494 petente,
1266 5424 1372 5479 viriste
1390 5424 1606 5496 Paolopontilicl
1628 5435 1656 5482 et
1669 5434 1773 5482 sanetai

127 5509 205 5566 reges
217 5494 287 5552 lllios
309 5497 384 5551 adire
407 5495 534 5566 oportuit,
547 5495 592 5564 qui
606 5502 667 5564 post
679 5494 760 5549 funus
776 5505 920 5564 paternum
950 5494 952 5501 '
972 5494 1029 5549 sedi
1044 5494 1225 5549 amicissimus
1238 5502 1347 5550 creatus
1359 5505 1418 5550 erat
1431 5497 1593 5620 7777777772,
1604 5497 1676 5553 male
1685 5497 1772 5553 habe·

127 5562 162 5618 ad
175 5571 285 5632 regnum
311 5567 426 5635 quisque
446 5581 569 5622 suumse
592 5564 786 5630 contulerant,
815 5565 867 5619 'ain
888 5580 922 5619 uc
971 5563 1162 5620 inreconcilii
1187 5566 1318 5635 patribus,
1334 5579 1464 5634 percussu
1500 5581 1534 5620 uc
1552 5569 1637 5638 napis
1658 5568 1696 5624 ah
1720 5566 1772 5624 Ea-

128 5633 201 5714 rcgia
216 5633 329 5716 insignia
347 5643 517 5705 sumpserant
543 5635 617 5692 dieii
637 5635 781 5701 Octobris,
808 5580 921 5692 &artatis
971 5635 1052 5690 clesia
1075 5634 1193 5705 ejicitur.
1222 5634 1396 5691 Postmodum
1423 5648 1485 5691 com
1504 5645 1563 5691 usta
1597 5638 1689 5692 omnia
1709 5651 1772 5708 quas

128 5701 295 5769 Noviomagi,
311 5703 456 5762 Suessione
469 5705 693 5783 carolomannus,
709 5716 740 5762 ut
765 5708 847 5762 tradit
866 5723 921 5763 ino·
970 5706 1073 5777 scripto
1096 5706 1222 5761 mandata
1240 5706 1348 5762 inventa
1374 5718 1437 5762 sunt
1460 5707 1598 5779 sacrilegae
1618 5707 1771 5765 7777777777
