3780 6120
73 293 143 350 rtet
208 308 212 313 c
241 313 246 319 ·
464 295 553 352 unm
569 295 741 354 caunum.
760 326 796 337 -
814 293 927 352 caetu.
949 295 993 351 ne
1011 294 1107 354 ιιιιι.
1126 328 1161 337 -
1180 280 1244 357 ιιι.
1263 297 1307 354 ιι.
1641 280 1710 363 tris

71 427 107 468 ne
123 410 281 483 populorum
300 419 405 468 mentes
419 410 555 469 satiendas
571 414 696 479 irruuunt,
712 411 772 469 ideo
789 411 861 483 ligna
877 409 990 479 AQuod
1010 413 1033 467 si
1053 413 1096 468 irae
1114 413 1201 468 resin
1220 414 1320 483 qrrihus
1344 415 1473 472 mintcnla
1496 433 1645 490 apparuere
1664 427 1714 481 uu.

71 501 864 574 adorandasuntiNunguidquiaserpentisaenoiittspertio,
915 504 1025 558 orandae
1047 518 1100 558 non
1119 510 1192 568 sont,
1211 503 1387 560 multominus
1412 506 1544 578 imagines
1568 511 1711 569 adorante

71 597 118 667 qui
130 594 231 651 Christi
245 602 360 649 mortem
374 593 557 666 praessguravit
573 593 601 648 in
614 593 688 663 ligno
706 590 865 664 populurna
915 595 1072 661 creduntur,
1092 597 1120 651 in
1138 596 1237 666 quibus
1255 597 1298 652 rel
1316 612 1366 668 per
1389 612 1457 668 quas
1479 600 1603 670 quaedam
1627 603 1726 662 mira-r

33 717 37 721 ·
70 696 227 757 serpentum
241 684 386 751 morsibus,
400 685 490 751 idest,
503 687 537 740 ab
552 685 695 756 spirituum
714 683 868 742 immundo·
915 684 975 741 cula
1005 685 1177 758 apparuisse,
1207 686 1280 742 nulla
1309 687 1465 745 authentica
1493 689 1609 748 lectione
1632 708 1710 749 mou-

70 793 132 831 rum
156 773 303 830 mortiferis
327 775 547 845 persuasionibus
572 775 703 842 salvarit,
732 774 792 832 ideo
818 784 867 832 aut
915 787 1030 836 stratur.

69 887 107 925 aes
124 878 170 924 aut
184 877 323 938 serpentes
336 867 465 924 odorandi
482 868 646 925 creduntur?
661 868 787 939 Nunquid
801 869 866 939 quia
1199 890 1314 949 ggpffl·
1328 889 1424 950 mg

69 979 198 1033 percussa
210 962 278 1017 siles
289 962 392 1017 exustis
405 963 430 1016 in
443 963 516 1018 arvis
526 963 635 1019 laticum
655 962 754 1018 liuenta
769 963 866 1034 produ·
917 969 919 973 ’
1118 963 1120 967 ’

70 1054 121 1118 xit,
142 1062 169 1108 et
188 1052 325 1108 sitientem
346 1052 475 1122 populum
500 1051 560 1106 sitis
583 1051 708 1108 ariditate
729 1051 864 1118 liberarit,
915 1048 994 1118 Quod
1007 1049 1158 1105 Tireorlorrts
1176 1048 1445 1134 liirertsisepiscopstt
1457 1049 1596 1106 ridiculose
1608 1060 1634 1106 et
1646 1068 1712 1122 pue·

68 1161 130 1214 quae
145 1145 272 1199 nimirum
286 1143 387 1199 Christi
400 1142 515 1212 liguram
527 1142 620 1214 gessit,
634 1142 679 1212 qui
692 1151 734 1198 est
746 1141 815 1214 lapis
831 1143 865 1199 de
951 1121 1035 1175 'mm
1047 1121 1138 1204 ‘lillis
1156 1121 1395 1203 tummim
1411 1121 1590 1176 mistim
1608 1130 1710 1177 imm·

69 1248 162 1295 monte
188 1238 311 1292 abscisus
336 1236 395 1290 sine
419 1234 544 1290 manibus
570 1234 789 1304 possidentium,
818 1235 865 1305 qui
934 1261 1021 1316 ¹,ug-L

69 1329 231 1401 erartgelice
242 1325 444 1398 praedicationis
458 1323 565 1381 fluentis
579 1325 652 1380 sitim
667 1324 865 1383 incredulitatis

68 1438 85 1476 a
109 1420 227 1476 bdelium
249 1418 385 1474 mentibus
403 1417 487 1489 sugat,
507 1404 553 1488 qui
569 1416 690 1488 quotidie
706 1417 820 1482 intonat,
841 1417 864 1473 si
950 1417 1017 1474 Cum
1036 1418 1064 1473 in
1081 1418 1176 1473 eadem
1193 1415 1321 1472 venietis
1341 1415 1458 1476 lectione
1475 1429 1556 1486 quam
1573 1414 1611 1471 illi
1626 1414 1709 1487 septi-

66 1513 127 1580 quta
140 1512 194 1565 sitit
208 1511 293 1565 aerios
307 1509 341 1564 ad
353 1525 394 1563 me
404 1519 429 1564 et
440 1509 510 1564 bibat
521 1507 612 1581 (toan.
624 1507 684 1580 vn),
697 1509 758 1565 ideo
768 1518 815 1564 aut
825 1508 865 1565 la·
913 1524 965 1564 mae
978 1507 1074 1580 synodi
1088 1506 1287 1576 nuncupatione
1300 1506 1405 1562 censeri
1424 1513 1548 1572 aestuant,
1567 1520 1636 1576 pene
1651 1521 1710 1562 om-

67 1603 146 1676 pidcs
161 1602 307 1657 creduntur
322 1599 441 1667 adorari,
459 1607 507 1655 aut
527 1599 640 1655 latices!
657 1598 783 1669 Nunquid
800 1597 865 1669 quia
914 1599 959 1664 pia
975 1598 1142 1654 somniomm
1157 1595 1395 1666 imaginationibus
1411 1604 1439 1653 et
1454 1595 1634 1666 phantasticis
1649 1596 1710 1668 qui-

67 1694 145 1764 rirga
156 1691 257 1757 Aaron,
271 1707 325 1761 qua
336 1691 424 1747 beate
435 1690 549 1762 uirginis
562 1699 656 1760 partus
673 1690 794 1747 innuitur
812 1707 862 1746 oa·
915 1691 1027 1746 busdam
1041 1687 1294 1746 obumbrationibus
1308 1687 1407 1744 similia
1426 1687 1490 1754 sint,
1510 1696 1538 1744 et
1555 1702 1624 1758 pene
1643 1688 1709 1745 nihil

66 1785 150 1839 turali
164 1784 224 1855 lege
237 1784 349 1849 calcata,
364 1783 438 1838 nulla
450 1784 576 1839 hnmanae
586 1783 752 1854 operationis
764 1784 863 1857 irriga·
878 1770 950 1837 Bsh
969 1782 1005 1838 ibi
1025 1782 1095 1852 quod
1114 1797 1168 1836 noo
1185 1787 1232 1836 aut
1250 1780 1348 1835 somnii
1363 1780 1522 1846 vanitatem,
1538 1789 1584 1836 aut
1598 1780 1710 1839 alterius

66 1880 142 1936 tione
156 1878 309 1944 fecundata,
321 1877 411 1935 lloruit
423 1885 451 1933 et
463 1875 594 1942 lmnduit,
605 1884 633 1932 et
644 1876 758 1946 pmtulit
769 1893 863 1945 nuces,
915 1869 1055 1941 cujusdam
1069 1871 1240 1939 deliramenti
1253 1870 1437 1927 hebitudinem
1451 1870 1580 1938 redoleat,
1596 1880 1709 1928 arura·

65 1969 129 2024 ideo
142 1969 225 2040 uirgae
239 1967 383 2023 adoranda
397 1967 561 2025 creduntur?
579 1965 706 2036 hunqrrid
720 1967 783 2046 quia
801 1983 864 2024 san-
915 1977 968 2035 que
979 1963 1102 2020 interiori
1114 1962 1207 2033 palato
1221 1962 1372 2034 degustata,
1392 1961 1543 2033 insapidum
1562 1963 1709 2021 insulsum-

66 2069 113 2115 eto
129 2059 273 2115 llierobaai
285 2059 357 2115 sicea
371 2074 434 2115 area
447 2058 556 2115 madido
569 2059 678 2125 vellere,
691 2067 739 2115 aut
752 2062 864 2118 madens
907 2046 967 2126 'que
979 2056 1124 2125 quemdem
1136 2068 1260 2125 saporem
1275 2051 1402 2119 celerant,
1416 2051 1526 2122 speciali
1541 2061 1633 2109 umen
1645 2053 1709 2111 deli·

66 2166 130 2206 area
152 2150 227 2207 sicco
253 2149 351 2206 vetlem
376 2150 517 2221 apparuit,
541 2166 595 2221 quo
621 2151 753 2208 miracuta
780 2154 865 2210 sottus
914 2156 1038 2203 ramento
1056 2146 1215 2202 Theodorus
1232 2145 1358 2201 hircosis
1375 2144 1518 2216 eptampur
1536 2145 1642 2200 munta
1664 2160 1710 2201 ar·

67 2242 161 2297 mundi
176 2241 355 2312 gentilitatem
367 2241 471 2297 eoelesti
486 2258 546 2298 rore
561 2242 710 2298 immunem
723 2244 864 2300 israelitici
914 2234 1064 2294 chidiaconi
1082 2237 1124 2293 tui
1141 2236 1240 2292 ibidem
1259 2235 1359 2308 legitur
1377 2234 1502 2291 tetulisse
1523 2242 1553 2291 ¹¹¹
1573 2249 1707 2305 ormnem,

67 2332 238 2389 solummodo
260 2331 382 2404 gesseris,
407 2331 492 2387 vellus
515 2333 653 2388 madidum
678 2333 762 2389 divini
787 2333 863 2390 rubi
903 2327 1216 2400 ,quomueodivinarom
1226 2326 1708 2399 Scripturammauctoritatihusuee

67 2421 165 2486 imbre,
188 2436 221 2476 ac
241 2420 412 2493 postmodum
434 2436 485 2491 pro
504 2422 582 2491 culpa
601 2421 722 2491 pertidia
738 2421 863 2476 euutdem
913 2419 976 2476 ullis
989 2428 1145 2477 sanctorum
1153 2417 1265 2475 Patmm
1278 2419 1409 2476 doctrinis
1423 2418 1469 2476 rel
1478 2420 1611 2492 exemplis
1623 2419 1708 2478 valuit

66 2512 196 2585 populum
210 2528 266 2568 sure
280 2510 448 2567 infidelitatis
461 2511 585 2568 siccitate
599 2519 737 2575 arentem,
753 2510 863 2567 mundi·
912 2512 1020 2580 fulcire,
1028 2512 1124 2569 saltem
1132 2513 1298 2570 somniorum
1306 2510 1597 2569 delusionibusralcret
1603 2524 1708 2570 estme-

66 2617 121 2671 que
134 2601 313 2672 gentilitatem
326 2616 412 2673 sacrm
425 2600 485 2656 lldei
495 2616 557 2656 rore
568 2599 705 2672 pertusam
715 2599 862 2672 significari
913 2619 953 2671 rc,
965 2604 1162 2661 necimmerito
1174 2604 1208 2659 ad
1219 2602 1411 2658 tamirirolum
1422 2613 1638 2674 tamquereeors
1649 2613 1707 2660 sta-

67 2691 242 2748 manilestum
256 2699 309 2757 est,
328 2691 388 2748 ideo
401 2699 539 2756 autorem,
553 2700 601 2747 aut
613 2692 713 2748 selleca
726 2690 863 2748 adoranda
911 2695 1061 2753 bilieudum
1081 2695 1219 2768 negotium
1235 2695 1361 2764 dignum,
1377 2703 1405 2750 et
1424 2708 1493 2765 pene
1508 2710 1559 2766 pat·
1577 2694 1708 2752 exitibens

66 2785 152 2840 sonti
174 2783 301 2853 Nunquid
321 2784 385 2854 guia
408 2781 523 2839 Samson
542 2782 699 2840 mandibula
713 2780 782 2840 asini
800 2782 863 2838 mil·
912 2787 1116 2845 adminiculum.
1128 2787 1287 2858 Quanquam
1302 2786 1385 2856 igitur
1396 2784 1562 2842 somniomm
1577 2800 1643 2843 usus
1657 2800 1708 2843 uae

65 2872 93 2928 le
117 2872 191 2927 siros
211 2872 339 2942 peremit,
366 2871 540 2941 ejusdemque
569 2872 731 2928 nraudihule
759 2871 862 2929 molare
914 2878 942 2936 iu
954 2888 1040 2935 totum
1052 2879 1089 2935 sit
1100 2879 1297 2949 approbandus,
1310 2877 1373 2947 quia
1384 2876 1543 2947 plemmque
1554 2877 1707 2934 daemouum

65 2962 160 3018 evulso
176 2978 306 3034 aquarum
328 2961 435 3018 httcntis
453 2963 567 3017 satiatus
583 2970 635 3028 est,
653 2970 744 3034 typum
765 2977 862 3034 gerens
912 2969 1027 3027 fallaciis
1041 2970 1196 3037 exhibetur,
1209 2984 1260 3025 nee
1276 2968 1303 3023 in
1320 2976 1405 3023 totum
1424 2965 1626 3037 impmbandus,
1643 2967 1707 3038 quia

66 3053 153 3107 oneri
179 3052 346 3115 mediatoris,
368 3052 413 3122 qrri
431 3060 519 3107 morte
538 3068 586 3107 sua
605 3053 694 3108 aerias
714 3059 862 3122 potestates
913 3060 1049 3117 turudum
1062 3076 1111 3132 put
1124 3076 1187 3116 eum
1203 3059 1327 3130 quadam
1343 3058 1473 3129 mysteria
1491 3057 1655 3125 rerelautur,
1671 3059 1707 3116 ad

64 3145 175 3209 devicit,
196 3154 223 3201 et
245 3143 410 3215 spiritalibus
427 3143 535 3199 liuentis
551 3144 685 3210 bdelium,
705 3146 752 3215 qni
769 3144 862 3215 utique
875 3114 900 3177 c
914 3154 1074 3209 usuuuuuus
1087 3160 1177 3208 rumen
1189 3166 1234 3207 rus
1245 3150 1355 3216 dubias,
1365 3160 1433 3206 urea
1444 3166 1504 3221 qum
1515 3149 1541 3205 iu
1552 3151 1707 3208 mummio.

65 3240 190 3295 membra
215 3237 273 3307 cius
298 3246 375 3303 sunt,
399 3238 503 3292 arentia
530 3238 613 3293 corda
638 3238 774 3307 irrigarit,
801 3237 862 3294 ideo
912 3258 978 3301 aem.
992 3241 1418 3311 rettiuutallirmandanunqunm
1432 3241 1545 3296 idoneus
1560 3241 1707 3298 invenitur.

65 3330 239 3394 nmrrdihulze,
249 3338 295 3384 aut
306 3329 423 3385 molares
432 3329 562 3385 adorandi
571 3331 652 3384 senti
662 3329 787 3401 Numquid
798 3331 861 3401 uuis
912 3335 979 3404 Quis
994 3337 1074 3392 enim
1085 3351 1203 3405 unquam
1222 3335 1328 3389 sonitus
1346 3348 1395 3390 suo
1412 3348 1469 3388 rem
1489 3332 1597 3389 dubiam
1619 3334 1708 3391 valeat

63 3421 141 3478 Elias
164 3422 245 3492 pallio
265 3438 324 3488 suo,
345 3437 394 3492 per
414 3423 485 3492 errori
501 3421 647 3478 Dontiniee
667 3422 862 3478 incarnationis
911 3426 1056 3491 affirmare,
1074 3441 1136 3480 cum
1155 3434 1246 3480 utrum
1266 3424 1303 3479 ita
1321 3432 1352 3478 ut
1369 3437 1399 3479 se
1417 3423 1517 3479 vidisse
1532 3422 1654 3494 prolatur
1668 3425 1707 3480 si-

64 3514 225 3585 rnysterium
248 3513 391 3584 figuratum
416 3521 467 3577 cst,
490 3496 539 3583 per
558 3513 631 3583 quod
651 3511 793 3577 iordanis,
815 3515 863 3569 ha·
912 3516 996 3580 derit,
1008 3515 1107 3570 nudius
1121 3515 1198 3569 testis
1213 3513 1369 3569 testimonio
1383 3513 1471 3568 caleat
1485 3515 1645 3585 appmhare.
1664 3516 1707 3571 hd

64 3607 202 3676 prismatis
210 3607 333 3662 videlicet
341 3607 422 3671 unda,
434 3606 570 3669 introitur,
582 3604 726 3661 iordaneru
738 3604 862 3660 divisisse
911 3623 970 3663 rem
983 3621 1048 3676 ergo
1060 3604 1180 3669 dubiam,
1193 3611 1221 3660 et
1234 3619 1295 3674 qum
1308 3603 1335 3658 in
1348 3604 1526 3673 questionem
1539 3605 1614 3662 venit
1626 3607 1707 3663 rebe-

64 3697 175 3766 iegitur,
201 3696 261 3751 ideo
284 3696 363 3766 pallia
387 3696 523 3751 arlnrarulo
549 3697 712 3754 creduntur?
735 3696 862 3766 Nunqttitl
911 3701 1034 3765 rendam,
1062 3713 1117 3754 non
1142 3696 1308 3752 somniorum
1330 3694 1494 3751 ludificatrix
1514 3697 1630 3764 sanitas,
1652 3714 1706 3756 non

63 3785 129 3854 qrtia
145 3783 263 3839 Naarnan
283 3784 368 3856 Syrus
386 3785 412 3840 in
430 3784 557 3840 hunrineo
575 3785 683 3841 htsaero
698 3785 780 3858 lepre
794 3800 860 3842 con·
911 3791 1127 3861 apocryphorum
1138 3787 1311 3871 acerbissima
1321 3787 1484 3858 procacitas,
1498 3803 1552 3843 nou
1566 3787 1666 3844 levium
1677 3801 1706 3846 et

64 3878 139 3947 tagio
162 3877 270 3932 ablutus
290 3885 347 3942 est,
367 3892 416 3948 per
432 3864 512 3948 quern
535 3878 671 3950 gentilitas
691 3877 796 3935 Christi
814 3880 862 3936 ba·
910 3881 1047 3938 iuutilium
1059 3879 1203 3935 verborum
1216 3877 1329 3944 salsitas,
1345 3879 1393 3934 sed
1407 3878 1560 3936 divinorum
1572 3879 1704 3938 librorum

62 3969 190 4040 ptismate
220 3970 254 4022 ah
281 3969 416 4025 idolorum
439 3971 600 4042 curtogione
625 3972 720 4028 abhrtn
746 3972 859 4042 ligurata
910 3974 1174 4035 sirecathoiieomm
1185 3971 1296 4028 Patrum
1311 3971 1467 4027 authentica
1484 3979 1527 4027 est
1543 3972 1706 4044 requirenda

62 4072 116 4128 cst,
132 4063 191 4118 ideo
204 4062 314 4120 hrtruiua
330 4066 466 4122 aderanda
480 4067 560 4122 suut?
577 4065 704 4138 Nmrrpuid
719 4065 783 4137 quia
800 4067 859 4123 viro
910 4068 1069 4126 auctoritas.
1083 4065 1151 4135 Nam
1165 4064 1238 4122 sicut
1250 4079 1294 4120 res
1306 4061 1456 4135 profuturae
1470 4070 1498 4119 et
1514 4066 1706 4136 mysteriorum

62 4163 160 4211 sancto
178 4154 276 4212 Elisson
294 4156 413 4228 Spiritus
431 4158 522 4214 saneti
538 4158 669 4215 orirentur
688 4164 802 4214 eatenus
819 4159 860 4214 di·
910 4160 1018 4217 areanis
1030 4166 1155 4228 comptae,
1169 4171 1231 4213 cum
1244 4169 1293 4225 per
1306 4153 1411 4210 somma
1422 4154 1580 4223 innuuntur,
1595 4171 1645 4227 per
1656 4172 1706 4215 an-

62 4243 135 4300 latus
157 4255 208 4310 est,
233 4256 372 4316 urratcnus
393 4248 493 4319 psaltes
514 4248 704 4318 applicaretur,
725 4249 859 4319 applicato
910 4249 984 4324 gelos
1000 4249 1166 4313 revelantur,
1183 4246 1221 4301 ita
1238 4261 1254 4302 e
1269 4243 1417 4310 comrario,
1437 4244 1503 4301 dum
1521 4259 1566 4301 res
1578 4245 1665 4302 sosiae
1677 4254 1705 4302 et

63 4348 128 4389 sero
138 4336 224 4404 psalte
236 4336 354 4405 Spiritus
364 4345 475 4393 cinctus
485 4338 557 4393 iliius
567 4352 597 4393 se
610 4337 729 4409 proludit
742 4353 860 4408 pracer-
909 4341 984 4398 omni
998 4340 1114 4396 utilitate
1127 4344 1251 4395 carentes
1262 4350 1312 4406 per
1325 4334 1431 4391 somnia
1444 4334 1674 4403 demonstmntur,
1687 4353 1703 4393 a

62 4425 127 4489 diis,
137 4440 186 4495 per
198 4441 277 4496 quem
292 4427 421 4483 luduicus
432 4429 547 4499 populns
558 4428 725 4499 significatur
737 4430 783 4500 qui
797 4430 859 4501 Spi-
910 4431 1077 4489 demonibus
1087 4427 1266 4486 demonstrari
1276 4426 1434 4482 ereduntur.
1446 4424 1704 4495 Undesisomnium,

61 4517 131 4572 ritrrs
143 4519 233 4575 srneti
244 4518 387 4575 adventum
399 4520 460 4577 ideo
472 4538 544 4578 nrrne
555 4521 665 4577 rninime
677 4523 783 4593 recipit,
795 4523 858 4594 quia
909 4521 983 4592 quod
995 4520 1040 4575 ille
1052 4520 1080 4574 in
1089 4519 1192 4591 synodo
1202 4516 1304 4579 retulit,
1316 4516 1351 4571 ad
1360 4514 1506 4587 imaginum
1518 4513 1703 4574 adorationem

60 4622 91 4668 et
104 4613 321 4670 incarnationem
342 4616 532 4688 liedeurpteris
544 4617 656 4672 minime
675 4617 703 4672 in
721 4618 857 4676 eredendo
911 4610 1100 4669 stabilitndtm
1111 4609 1146 4665 ab
1158 4606 1253 4680 angelo
1267 4604 1457 4663 “lihidiifflssil
1469 4604 1528 4676 ‘31⁰⁸
1537 4606 1706 4666 dimisit&-

60 4705 186 4773 suscipit,
203 4721 283 4776 qoam
301 4722 363 4762 cum
381 4723 443 4761 ιιιοιι
463 4716 493 4763 ut
510 4707 583 4763 eirea
601 4708 693 4764 mundi
713 4710 858 4765 terminum
911 4713 969 4760 urm
982 4710 1035 4768 est,
1049 4701 1183 4771 imagines
1195 4701 1312 4758 adorare
1325 4699 1476 4775 prolicuum
1491 4700 1626 4767 est;,ct.si
1637 4701 1705 4757 ima-

60 4795 212 4866 percoperit
231 4796 350 4865 Spiritus
368 4797 455 4852 saneti
473 4797 589 4860 flamine,
609 4807 637 4853 et
654 4799 775 4854 omnium
793 4800 858 4857 eha-
910 4797 1113 4870 ginesadorare
1124 4795 1276 4866 proliacum
1296 4802 1353 4858 cst,
1367 4803 1640 4860 eeterasmsssnsu
1655 4809 1704 4848 ca-

61 4883 205 4939 rismatum
229 4886 307 4941 dortis
330 4887 517 4952 exornabitur,
543 4888 603 4943 ideo
623 4888 725 4959 psaltes
749 4891 858 4954 adorari
910 4897 1006 4951 nentes
1016 4887 1130 4943 adorare
1149 4885 1369 4957 proficuumest.
1391 4884 1439 4940 Est
1457 4890 1607 4938 astemres
1622 4897 1704 4939 sensu

59 4974 192 5030 debebit?
209 4975 335 5046 Nnnquid
353 4993 419 5048 ergo
437 4977 500 5047 quia
520 4977 625 5033 timbria
645 4979 794 5041 bantinioae
813 4996 859 5039 rs·
909 4990 1036 5039 carentes
1057 4981 1172 5037 adorare
1192 4977 1303 5035 noxium
1316 4996 1324 5029 ι
1336 4994 1392 5039 nun
1410 4976 1495 5047 igitur
1512 4975 1705 5032 archidiacone

59 5065 119 5131 stis,
140 5065 217 5135 cuius
236 5074 339 5121 attactu
358 5068 457 5123 henrina
477 5068 622 5125 sanitatem
640 5069 857 5140 reecpit„quam
908 5071 967 5142 eirts
978 5073 1112 5129 somnium
1125 5071 1197 5140 used
1212 5070 1304 5129 retulit
1315 5070 1349 5124 ad
1361 5069 1506 5141 imaginum
1514 5069 1704 5131 ,adorationem

59 5157 209 5213 bominieae
223 5158 416 5214 incarnationis
428 5159 615 5216 credulitatem
630 5176 775 5232 perquam
791 5177 856 5233 gen·
909 5165 1098 5222 stabiliendam
1117 5163 1151 5217 ab
1172 5161 1267 5234 angelo
1283 5160 1496 5218 demonstmtum
1513 5169 1565 5217 est.
1585 5159 1704 5232 Liquido

58 5249 145 5305 tilitas
167 5259 261 5306 sanata
279 5259 321 5307 cst
339 5251 492 5323 signttteare
512 5252 637 5322 superius
652 5250 710 5321 ianr
729 5252 857 5319 diximus,
908 5275 1025 5331 namque
1042 5266 1117 5329 patet
1132 5259 1160 5314 id
1182 5259 1217 5324 ei,
1237 5274 1300 5314 cum
1320 5258 1355 5312 ab
1374 5257 1470 5329 angele
1488 5256 1704 5313 demonstratum

10 5354 18 5385 ι
35 5346 38 5351 ’
58 5341 121 5397 ideo
136 5341 249 5399 limbriae
262 5345 405 5401 aderanda·
418 5346 508 5403 sueti
524 5343 579 5402 dist
591 5347 655 5416 utta
671 5346 743 5401 Petri
762 5347 857 5402 umbra
908 5367 962 5407 non
975 5351 1021 5413 sit,
1035 5350 1070 5405 ab
1081 5349 1220 5405 incentore
1232 5347 1329 5420 spiritu
1349 5347 1394 5417 qui
1413 5360 1528 5417 semper
1537 5345 1703 5402 mnitatiius

11 5435 19 5448 '
57 5428 161 5485 infirmi
188 5433 274 5487 sacrati
299 5440 377 5499 sunt,
403 5434 587 5492 iuooumbra
608 5434 752 5490 adorandae
776 5435 858 5491 suut?
909 5444 937 5492 et
951 5435 1033 5491 rebus
1046 5435 1135 5491 noxiis
1146 5434 1241 5500 instat,
1256 5433 1361 5489 illatum
1381 5432 1474 5488 luisse.
1496 5430 1572 5499 Quod
1590 5438 1621 5486 nt
1635 5430 1701 5486 luei-

58 5518 119 5576 Non
137 5522 229 5592 igitur,
245 5532 275 5577 ut
289 5526 414 5594 superius
426 5525 625 5594 premisimus,
640 5539 734 5581 emrres
751 5540 796 5581 res
809 5540 858 5596 per
908 5526 970 5583 dius
992 5535 1092 5597 pateat,
1118 5525 1269 5583 rationabili
1291 5531 1451 5596 argumento
1470 5521 1632 5580 nrnmduur
1649 5530 1701 5578 est.

57 5626 129 5683 quas
139 5613 180 5668 roi
191 5615 219 5669 in
228 5615 327 5686 mribus
340 5616 471 5677 miracula
485 5616 614 5685 quadam.
624 5617 675 5675 liei
685 5617 856 5675 ordinatione
910 5617 1043 5687 moniam
1055 5619 1078 5674 si
1093 5617 1215 5675 ineentm
1225 5617 1339 5688 spiritus
1350 5617 1377 5673 id
1387 5619 1411 5673 ei
1423 5616 1535 5673 minime
1544 5614 1647 5682 intulit,
1654 5629 1702 5673 aa·

58 5714 212 5771 monstrata
225 5716 298 5776 sunt,
317 5707 519 5779 quodammodo
537 5707 680 5772 adorande
699 5709 855 5766 ereduntur.
912 5707 987 5778 gelus
997 5709 1092 5787 procul
1106 5709 1187 5769 dubio
1201 5708 1324 5766 intulisse
1337 5709 1485 5771 crcdcutltts
1498 5716 1541 5766 est
1554 5723 1561 5765 :
1573 5715 1600 5767 et
1618 5707 1645 5771 si
1653 5720 1701 5768 stt·

950 1200 988 1245 ret
1007 1207 1110 1246 somate
1127 1190 1307 1246 archidiaconi
1325 1206 1367 1244 sat
1388 1191 1417 1246 in
1433 1191 1525 1246 eadent
1544 1191 1645 1263 synodo
1668 1207 1710 1246 rs-
1819 1258 1823 1264 Ι
