3780 6120
137 270 203 324 iisi
584 267 613 319 n.
635 265 758 321 canoni
779 263 888 318 iiiciu
906 263 980 320 ori.
1000 264 1089 321 erius
1108 266 1138 321 n.
1160 266 1281 325 suerio
1300 268 1332 323 ιι.
1697 276 1763 329 1122

133 383 252 452 tuooqne
268 383 289 436 si
305 379 373 435 sorte
396 379 493 450 aliquis
509 395 586 435 error
605 381 631 435 in
653 380 794 435 sententiis
812 379 845 434 ilc
871 377 958 440 lideA
974 393 1088 449 sequens
1105 391 1132 437 ct
1147 384 1254 439 vitanda
1267 383 1364 449 vitans,
1381 400 1434 440 non
1448 402 1510 442 cani
1523 391 1695 456 postmodum
1709 410 1763 462 pm-

138 473 248 545 prolatis
267 471 433 526 indiscussus
451 470 626 535 remanserit,
640 470 684 524 his
700 467 804 523 anobis
818 483 847 524 se
866 477 925 522 tuc-
974 471 1060 525 nitere
1072 480 1217 537 constaret,
1237 474 1283 528 sed
1298 474 1426 544 quidquid
1440 476 1474 531 de
1496 479 1548 534 bae
1568 496 1597 534 re
1616 480 1709 551 plures
1722 499 1763 538 se-

139 561 212 616 bitur
224 560 317 624 armis,
334 560 397 629 qnia
417 574 446 614 se
463 558 562 613 talibus
577 559 816 627 incompositarum
830 558 926 612 dictio-
974 561 1091 615 cundum
1119 563 1292 630 apostolicam
1326 564 1520 621 institutionem
1546 577 1640 624 tenere
1665 570 1763 627 ruteni

139 665 203 705 nuin
223 650 325 705 abdidit
341 648 501 713 involucris;
520 655 576 702 eta
594 648 672 702 nohis
691 647 751 701 ideo
761 645 924 716 deprehendi
974 650 1110 716 Ecclesiae,
1124 653 1180 720 ipsa
1193 669 1298 723 quoqne
1313 662 1433 722 teneret;
1454 668 1481 712 ei
1494 674 1555 730 qnae
1569 659 1691 730 pluribus
1701 678 1764 719 000.

139 741 268 811 nciquirit,
277 740 340 811 quia
353 741 443 795 adnos
455 736 609 794 difficultate
621 736 755 792 sermonis
765 736 842 807 quasi
854 748 924 805 quo·
973 740 1150 797 sentientibus
1168 745 1284 813 antiquis
1307 747 1520 804 institutionibus
1538 751 1623 806 obniti
1646 761 1764 810 tentaret

139 831 200 885 dam
219 831 300 901 pallio
310 830 414 885 obsitus
425 829 544 883 aduenit.
973 834 1000 880 et
1015 826 1148 883 obstinata
1160 841 1249 886 mente
1265 833 1298 888 ab
1310 835 1484 891 universitate
1501 837 1679 897 ecclesiastici
1701 858 1762 898 cor-

447 917 562 973 CAPUT
585 916 619 972 X.
974 915 1047 983 ports
1060 931 1089 971 se
1103 917 1229 973 dirimere
1241 919 1329 986 vellet,
1349 922 1419 979 lianc
1433 923 1606 982 detestationi
1626 931 1762 989 multaret.

143 1007 290 1064 liidicutore
300 1018 323 1062 et
333 1007 467 1080 pueriliter
479 1009 577 1061 ilicium
588 1009 616 1062 iii
625 1008 753 1084 pentemiu
764 1005 827 1088 pilei
842 1003 925 1087 llice-
974 1001 1041 1057 liam
1054 1004 1115 1073 quis
1127 1003 1263 1073 luroresi,
1278 1024 1371 1078 quaere
1385 1012 1519 1071 dementia
1534 1025 1563 1071 ot
1584 1020 1665 1076 unius
1680 1025 1765 1093 nuruis

173 1077 681 1217 stimulabellabitis
694 1081 926 1214 ‘titillet
974 1096 1764 1180 hlei‘²¹¹¹terrueritcessissemusne

297 1188 304 1211 ’
974 1189 1176 1244 successoribus
1202 1200 1302 1248 statuta
1327 1203 1385 1260 est,
1410 1197 1499 1253 niteris
1525 1209 1663 1267 suituere,
1683 1207 1767 1261 totius

172 1233 265 1272 onmes
284 1217 434 1271 uoluntates
449 1232 523 1271 meas
548 1217 617 1271 inter
642 1216 711 1279 illos,
736 1225 861 1285 tunquam
882 1213 925 1267 liic
1060 1276 1066 1288 ι

172 1288 314 1340 versiculus
333 1285 407 1339 illum
425 1287 537 1355 priorem
556 1286 737 1357 subsequatur.
975 1277 1067 1331 mundi
1083 1277 1218 1336 Eccleslas
1241 1292 1354 1338 conetur
1379 1287 1620 1355 anathematizare,
1647 1302 1675 1349 et
1692 1312 1765 1352 coin.

172 1376 275 1431 mmo
289 1375 361 1444 quod
372 1371 528 1429 Theodorus
552 1376 693 1444 episcopus
704 1375 754 1429 hos
770 1373 837 1428 duos
851 1370 926 1427 Psal·
974 1366 1108 1436 pellantur
1123 1378 1169 1424 aut
1181 1373 1336 1442 apostolicis
1347 1375 1479 1434 institutis
1502 1383 1648 1449 contraire,
1665 1394 1712 1440 aut
1730 1387 1765 1442 ah

136 1466 223 1521 niistae
245 1462 394 1520 uersiculos
420 1464 456 1516 ita
479 1460 619 1532 interiecta
649 1463 781 1534 particula
806 1462 925 1517 adverbii
975 1456 1029 1512 iliis
1048 1459 1152 1528 prolatu
1169 1462 1314 1518 vanissimo
1336 1468 1501 1524 anathemati
1526 1470 1687 1542 subjacere?
1712 1476 1765 1533 Sed

135 1557 269 1621 continuo,
283 1556 310 1610 in
325 1572 407 1611 unum
420 1554 538 1626 protulit,
553 1555 630 1624 qnasi
644 1555 713 1611 alter
727 1556 840 1611 alierum
853 1555 925 1611 nulla
974 1560 1037 1601 cum
1058 1548 1165 1605 illenim
1187 1553 1416 1612 clementissimum
1439 1562 1582 1616 anatliema
1601 1563 1653 1620 illis
1678 1569 1766 1637 potina

138 1644 460 1715 intercapedinealiorum
472 1659 598 1700 versuum
611 1645 926 1716 interpositnsnbsequa·
976 1649 1056 1705 <lilim
1076 1639 1154 1694 ”⁰¹³¹ss
1167 1639 1301 1709 limiam
1324 1644 1475 1715 impertiat,
1499 1649 1605 1707 (Ῐῑθθῦῑθ
1625 1652 1765 1726 Al³0⁸10¹⁰i

136 1745 191 1801 tur,
207 1751 267 1791 enm
281 1734 405 1791 videlicet
416 1735 461 1790 hic
471 1736 619 1791 versiculus
628 1750 708 1806 quem
718 1735 792 1790 illum
803 1735 926 1789 continuo
943 1724 1069 1797 BNeutte
1087 1728 1208 1785 maledici
1228 1748 1335 1805 ternum
1350 1734 1398 1789 Μ
1406 1739 1572 1806 pvtttdebwtl
1593 1742 1620 1814 (Ι
1638 1744 1700 1800 θοι·
1715 1746 1765 1820 lt)-

134 1829 264 1900 subsequi
274 1830 346 1895 dicit,
356 1845 409 1886 non
420 1830 507 1885 solum
517 1829 658 1886 confestim
671 1846 724 1884 non
735 1829 925 1898 subsequatur,

136 1918 184 1972 scil
196 1919 277 1973 etiam
291 1917 376 1974 icrme
387 1927 449 1975 ante
461 1920 653 1991 quinquaginta
665 1919 792 1989 psalmos,
800 1918 843 1974 ciii
854 1925 926 1987 post·

23 2026 35 2050 ·
134 2011 408 2081 poniturpriecedere
426 2016 562 2076 noscatur,
580 2028 633 2066 ιιοιι
658 2012 717 2066 ideo
734 2012 811 2066 nobis
835 2022 926 2080 reprc-

136 2100 254 2155 bendere
269 2099 345 2156 lihnit
358 2101 429 2172 quod
442 2100 502 2156 ssdei
518 2098 651 2171 quoddam
663 2099 846 2172 praejudicium
861 2099 926 2155 affe-

133 2198 187 2255 rat,
203 2190 323 2260 sedquia
344 2191 455 2247 ridiculo
473 2193 514 2248 sni
532 2190 730 2262 reprehensioni
749 2189 883 2258 subjaccat
898 2200 925 2245 et

134 2277 392 2349 reprehendentibus
410 2279 547 2336 deridendi
570 2280 711 2336 materiam
732 2277 861 2342 conterat,
878 2294 925 2348 pn·

134 2378 242 2442 teatque
257 2368 337 2426 talem
359 2372 519 2440 scripturam
536 2388 588 2427 non
601 2386 661 2427 cs-:e
676 2372 810 2436 iduiieam,
824 2380 854 2426 ut
868 2386 925 2426 ma·

133 2477 184 2531 gna
199 2461 300 2530 absque
312 2472 403 2515 errore
416 2461 540 2526 instruat,
553 2476 613 2531 qum
627 2462 653 2516 in
666 2461 757 2530 pariis
770 2461 873 2531 alisque
886 2459 924 2513 ri-

133 2569 198 2623 gore
212 2554 319 2617 titubat,
337 2567 386 2607 nec
406 2553 505 2608 babere
526 2568 585 2608 eam
598 2553 653 2606 rim
670 2567 713 2606 res
730 2551 825 2606 dubias
849 2550 922 2604 allir-

133 2644 224 2698 inandi
237 2652 264 2698 et
283 2643 433 2714 incognitas
452 2643 574 2708 docendi,
589 2658 648 2712 qiua
671 2658 723 2697 non
747 2641 828 2696 hahet
850 2641 925 2712 inge-

132 2733 207 2788 nium
222 2747 267 2789 res
290 2748 344 2788 non
362 2732 457 2788 dubias
480 2732 606 2788 narrandi
622 2741 649 2788 et
664 2741 742 2788 notas
759 2731 921 2801 proferendi.

131 2824 272 2892 Quomodo
285 2840 350 2897 crgo
363 2825 434 2881 illius
456 2826 550 2897 synodi
567 2825 665 2894 poterit
687 2823 770 2894 recipi
789 2822 921 2886 doctriua,

131 2914 208 2982 enjus
221 2915 249 2969 in
264 2921 303 2969 tot
317 2913 384 2969 locis
402 2914 607 2983 reprehenditur
619 2913 753 2982 scriptura
764 2913 776 2966 'l
788 2920 834 2966 aut
853 2925 921 2980 quo·

131 3007 212 3061 inoilo
224 3021 284 3060 cnm
298 3005 404 3060 cacteris
415 3005 587 3075 synodalibus
605 3020 620 3059 a
633 3005 734 3060 sanctis
746 3003 868 3073 patribus
883 3001 921 3056 di-

978 1814 1059 1869 etiani
1072 1816 1095 1870 si
1108 1820 1304 1886 quodammodo
1317 1823 1414 1881 tatere
1428 1837 1529 1896 posset,
1544 1831 1711 1890 tolerabilius
1723 1853 1766 1894 no

976 1904 1018 1961 his
1030 1917 1102 1964 esset
1114 1910 1177 1965 illuil
1189 1915 1291 1983 perpeti
1304 1930 1386 1989 quain
1402 1920 1585 1988 apostolorum
1607 1925 1664 1981 sire
1687 1941 1765 1985 eete-

977 2010 1069 2052 roruni
1082 2009 1236 2057 sanctorum
1252 2003 1363 2061 Patium
1375 2010 1483 2065 monitis
1494 2012 1590 2080 obniti,
1605 2016 1705 2087 qnippe
1721 2020 1765 2090 qni

976 2101 1037 2142 cuin
1050 2086 1172 2145 Susanna
1190 2093 1314 2159 dicimus,
1333 2095 1428 2152 lleliue
1440 2112 1477 2154 eet
1492 2101 1606 2158 incidere
1626 2106 1654 2158 iu
1673 2125 1765 2165 munus

976 2178 1118 2244 hominum,
1135 2198 1214 2254 quum
1227 2183 1402 2258 derelinquere
1415 2186 1496 2261 lepeiu
1512 2189 1560 2246 bet
1580 2197 1663 2249 nostri
1683 2197 1763 2269 (Duri.

975 2269 1047 2342 xiii),
1059 2279 1086 2325 et
1097 2274 1214 2341 pastoris
1228 2275 1356 2333 sceleste
1367 2279 1456 2335 verbis
1476 2280 1652 2354 perdocemur
1664 2286 1765 2343 odedire

975 2372 1092 2430 oportere
1104 2363 1158 2418 Deo
1175 2367 1258 2437 mupi‘s
1278 2385 1357 2439 quum
1377 2370 1525 2426 ltunii'nihue
1545 2373 1614 2443 (Act.
1633 2373 1671 2446 v).
1691 2374 1765 2431 Sicut

975 2454 1046 2508 enim
1065 2457 1174 2513 cuilibet
1188 2460 1288 2515 ciuium
1306 2461 1362 2516 sire
1378 2461 1508 2534 principis
1525 2465 1655 2522 societate
1668 2465 1765 2526 fruenti

975 2560 990 2598 a
1003 2545 1138 2602 seditiosis
1151 2548 1310 2618 quibusdam
1325 2551 1370 2621 qui
1382 2559 1475 2607 contra
1490 2553 1639 2625 principem
1653 2567 1680 2610 et
1694 2557 1766 2613 eires

974 2642 1066 2705 agunt,
1089 2636 1256 2695 tolerabilius
1272 2650 1314 2696 est
1328 2643 1363 2698 ab
1383 2641 1436 2697 illis
1451 2643 1524 2699 illata
1539 2645 1661 2703 coni-icta
1683 2651 1764 2705 susti-

953 2793 955 2798 ,
974 2741 1049 2790 nere,
1074 2743 1154 2797 quam
1176 2745 1238 2786 cuin
1257 2732 1297 2787 eis
1316 2732 1344 2787 in
1363 2733 1522 2790 seditionem
1543 2737 1710 2806 conspirare,
1729 2740 1763 2793 iia

974 2820 1100 2875 nimirum
1116 2820 1282 2879 tolerabilius
1294 2825 1370 2882 nobis
1384 2819 1436 2892 est,
1455 2828 1556 2883 abillis
1569 2832 1705 2885 exsecrari
1718 2830 1761 2900 qiii

973 2908 1054 2963 etiam
1067 2924 1131 2966 sues
1142 2921 1269 2980 parentes
1283 2916 1417 2969 exsecrmi
1435 2932 1488 2971 noia
1510 2916 1665 2984 torminosi,
1683 2934 1761 2990 quain

973 3010 1034 3050 cuin
1053 2997 1106 3054 illis
1123 3014 1167 3055 res
1178 3000 1328 3058 insensatas
1342 3012 1435 3059 contra
1448 3005 1599 3063 diuinarum
1611 3008 1759 3081 Scriptura·

131 3097 215 3168 gestis
227 3096 268 3151 rel
283 3096 416 3165 susceptis
427 3095 535 3165 scriptis
549 3095 686 3150 societatis
700 3093 799 3165 poterit
809 3090 921 3161 adipisci
934 3065 958 3127 c
974 3101 1035 3140 rum
1057 3086 1179 3144 instituta
1200 3091 1323 3147 adorare.
1340 3092 1496 3151 Exsecratio
1511 3113 1628 3168 namque
1646 3100 1704 3155 sine
1722 3117 1758 3155 ra

131 3185 299 3258 dignitatem,
323 3200 383 3254 quae
402 3200 495 3240 carnin
512 3200 638 3239 sensuum
660 3194 687 3239 et
699 3185 842 3239 rerbornin
855 3181 923 3252 liigit
973 3177 1055 3240 tione,
1071 3186 1097 3234 et
1107 3181 1147 3234 ira
1162 3181 1221 3237 sine
1235 3191 1378 3252 potestate,
1390 3193 1418 3240 et
1430 3185 1567 3246 damnatio
1581 3191 1640 3247 sine
1653 3194 1764 3249 auctori·

130 3276 308 3332 societatem?
327 3276 381 3332 ill-n
402 3276 475 3330 enim
496 3275 522 3328 in
542 3274 615 3331 nullo
631 3274 875 3346 reprehenduntur,
896 3281 924 3331 et
974 3276 1039 3334 1³10,
1053 3278 1182 3339 <tutulum
1197 3287 1243 3328 θοι
1262 3282 1356 3330 contra
1374 3292 1441 3346 quus
1460 3279 1566 3335 inhiant
1589 3283 1700 3340 minime
1720 3284 1758 3340 lec-

131 3369 193 3424 ideo
213 3369 240 3423 in
263 3368 387 3423 oniiiibus
412 3367 616 3438 suscipiuntur:
642 3368 701 3423 baec
722 3381 786 3422 roro
809 3367 871 3437 qula
893 3367 922 3424 in
971 3357 1049 3427 dunt,
1069 3369 1145 3417 tanto
1157 3371 1281 3420 unctores
1295 3380 1358 3421 suos
1371 3365 1518 3436 majoribus
1532 3371 1620 3427 taediis
1634 3372 1762 3440 alliciunt,

129 3457 224 3514 rutubis
238 3459 452 3528 reprehenditur,
467 3472 520 3512 non
530 3456 666 3513 immerito
674 3472 742 3528 pene
757 3457 783 3513 in
797 3458 922 3515 omnihus

130 3547 296 3617 repudiatur.

432 3635 546 3693 chetti
570 3637 606 3692 xl

129 3725 206 3794 Quod
219 3725 347 3781 inutiliter
356 3735 380 3779 ct
395 3725 498 3780 incaute
511 3724 531 3781 G
536 3728 596 3780 raeei
608 3723 753 3780 Ecclesiam
766 3725 920 3783 catholicum

163 3799 387 3851 arintheututirure
409 3797 496 3849 eonati
513 3796 566 3850 sint
587 3797 615 3850 i'ri
639 3812 729 3850 rorum
754 3797 863 3866 synodo,
890 3813 920 3852 eu

161 3866 231 3938 quoii
243 3866 369 3936 iniupinea
379 3882 432 3920 neri
447 3864 549 3930 adoret,
569 3882 629 3919 cuiae
640 3867 729 3936 utique
738 3869 812 3938 priua
824 3867 919 3921 deine·

163 3939 215 3991 rint
229 3937 335 3990 oniuirie
349 3935 462 3989 erraturi
476 3935 539 4005 quid
553 3935 759 4006 uniuscujusque
768 3937 853 4007 partie
868 3936 920 3991 lic·

161 4006 240 4060 cleric
254 4005 287 4059 de
303 4003 352 4058 buc
363 4021 443 4058 ceusu
458 4005 553 4058 seruire
565 4003 648 4059 uellet.

972 3459 999 3505 et
1012 3453 1096 3522 magis
1115 3454 1220 3510 desides
1240 3463 1268 3511 et
1289 3455 1458 3527 impatientes
1480 3473 1540 3515 esse
1562 3463 1690 3530 produnt.
1707 3463 1761 3520 liisi

969 3555 1037 3611 ergo
1052 3557 1099 3599 eos
1111 3551 1215 3601 vetusta
1227 3546 1360 3616 pernicies
1374 3550 1523 3620 etantiqua
1536 3550 1604 3620 lires,
1622 3554 1677 3610 dax
1694 3571 1763 3611 nior-

970 3633 1016 3700 tss,
1033 3636 1110 3690 radix
1122 3637 1262 3704 malornm,
1278 3653 1338 3709 quai
1355 3638 1382 3695 et
1401 3641 1511 3712 angelos
1527 3644 1563 3699 ah
1584 3638 1762 3702 aethereorum

969 3725 1070 3778 ciuium
1084 3727 1220 3791 societate,
1236 3737 1263 3784 et
1276 3729 1399 3785 homines
1413 3745 1428 3785 a
1444 3729 1576 3804 boripeme
1589 3736 1663 3791 sedis
1676 3735 1761 3809 digni·

970 3821 1027 3869 tate
1041 3816 1152 3884 expulit,
1166 3817 1282 3874 stimulis
1296 3834 1352 3875 sure
1367 3821 1494 3890 nequitiae
1509 3824 1701 3896 inllammaret,
1714 3843 1762 3884 nec

968 3905 1101 3974 synodum
1123 3906 1158 3962 ob
1180 3907 1331 3966 adorandas
1356 3909 1487 3982 imagines
1510 3913 1571 3969 sine
1591 3917 1761 3975 conhibentia

968 3994 1145 4066 plurimarum
1161 3998 1354 4056 catholicarum
1373 4008 1401 4057 et
1420 4002 1475 4059 lieo
1497 4002 1616 4062 bdelium
1631 4007 1761 4065 Ecclesia·

161 4095 358 4151 Ecclesiasticac
377 4095 448 4151 tubae
467 4094 622 4163 predicatio
638 4092 753 4161 intonat,
762 4105 918 4165 peccantem
969 4101 1046 4150 ruffi·
1070 4096 1241 4158 abbffffllim
1260 4090 1439 4146 universalem
1460 4094 1601 4154 immittite
1625 4107 1758 4165 cumini,

127 4187 238 4243 irati-em
255 4189 344 4259 primo
356 4186 426 4242 clani
438 4184 652 4255 corripiendum
668 4185 713 4254 qui
725 4185 747 4240 si
763 4187 855 4242 audire
870 4202 919 4242 no-
969 4189 1019 4230 200
1031 4184 1070 4230 ²⁰²
1083 4183 1224 4246 triitasque
1234 4178 1367 4235 500128328
1378 4195 1437 4250 (1¹¹ae
1448 4183 1540 4252 ntique
1550 4198 1652 4256 mrbus
1665 4187 1758 4246 Chn‘sti

126 4279 224 4344 luerit,
248 4293 371 4334 scorsum
395 4274 523 4330 adhibitis
549 4272 676 4331 iratribus
697 4275 738 4330 iel
763 4275 917 4349 corrigendi
968 4273 1041 4332 ΝΜ,
1059 4274 1114 4321 ῑῢΰι
1132 4266 1279 4324 insolenter
1295 4272 1526 4335 anathematizare
1548 4277 1692 4345 auderent,
1713 4294 1759 4335 nee

125 4370 223 4434 studio,
235 4367 276 4423 rel
292 4365 467 4422 conveniendi
486 4364 639 4421 testimonio
653 4365 837 4422 admouendus
853 4374 913 4434 est;
968 4374 1060 4417 terum
1071 4360 1270 4417 insensatarum
1282 4362 1416 4419 culturam
1429 4374 1456 4419 et
1469 4365 1659 4426 adorationem
1669 4380 1757 4427 eontra

126 4462 172 4530 qui
190 4461 212 4516 si
226 4469 253 4516 ct
266 4459 327 4514 illos
339 4459 432 4514 audire
449 4459 654 4529 contempserit,
679 4467 743 4516 tunc
765 4460 857 4516 inultis
872 4414 954 4519 resn
967 4452 1120 4508 (illinitum
1145 4453 1251 4522 apicum
1267 4453 1463 4511 ἱΰδῑῑῑῑιῑὶθιιθῐιι
1476 4465 1598 4515 statuere
1614 4470 1754 4518 tentarent

123 4551 288 4607 notescenda
301 4557 352 4615 est,
369 4559 399 4603 ut
413 4551 583 4604 detestationi
597 4565 657 4606 cuin
677 4553 802 4619 habeant,
825 4555 915 4625 etqui
969 4541 1052 4597 Nemi)
1076 4544 1155 4607 cuim,
1182 4542 1220 4597 {tlt
1243 4543 1402 4613 spostolus,
1426 4546 1454 4600 ¹31
1470 4548 1565 4618 spiritu
1582 4551 1633 4606 Det'
1655 4552 1756 4625 1⁰th

125 4642 246 4712 nequiuit
266 4640 364 4696 salvari
379 4640 490 4709 pudore,
511 4640 600 4696 saltim
614 4645 765 4713 opprobriis
775 4645 912 4714 salictum

123 4735 169 4805 qui
185 4735 208 4789 si
223 4730 468 4804 ncqne‘multoruni
487 4734 664 4794 admonitioni
684 4754 824 4795 assensum
842 4756 913 4811 prm·

27 4865 29 4869 -
123 4828 226 4895 buerit,
249 4827 418 4882 ethnicorum
441 4826 498 4882 sire
517 4825 721 4899 publicanorum
743 4847 818 4887 more
840 4833 913 4891 deto-

121 4919 235 4976 etaiiilus
256 4923 308 4972 est.
326 4915 375 4972 Cui
390 4916 573 4987 praedicationi
587 4932 641 4973 non
658 4919 830 4976 mediocriter
854 4922 913 4977 illo-

123 5025 181 5065 iiun
206 5006 326 5064 Ecclesia
349 5006 484 5062 contraire
505 5005 611 5063 ridetur
633 5024 693 5079 quae
715 5012 798 5067 totius
819 5013 912 5068 mundi

122 5100 255 5157 Ecclesias
264 5098 419 5170 priusquam
431 5114 505 5154 niore
518 5100 701 5158 eeclesiastico
711 5119 759 5173 per
768 5106 912 5174 epistolare

120 5192 256 5263 cloquium
272 5189 435 5248 consulendo
450 5190 506 5247 sire
517 5195 663 5251 scrutando
672 5195 835 5268 alloquatur,
846 5217 912 5270 prm

67 5315 69 5318 >
121 5283 264 5353 suinpiiie,
278 5281 335 5338 sire
351 5281 468 5348 incaute,
478 5282 708 5344 anathematizare
723 5302 846 5347 conatur.
862 5294 914 5350 lte.

121 5376 216 5432 buerat
235 5376 307 5431 enim
326 5375 358 5430 ail
380 5371 627 5445 circumjacentium
645 5382 843 5450 prouinciarum
860 5388 912 5445 Ee-

120 5466 217 5522 clcsias
238 5465 398 5538 legationem
415 5464 607 5523 sciscitativam
627 5468 724 5538 licere,
740 5486 830 5531 utrum
847 5479 914 5533 inin.

120 5557 197 5625 gines
219 5556 327 5612 adorari
353 5565 400 5611 ant
422 5572 475 5613 non
499 5557 607 5614 adorari
625 5560 764 5631 deberent,
779 5574 817 5635 ut,
833 5565 911 5636 juxta

122 5642 257 5717 „ruimdain
270 5646 397 5719 sapientis
408 5663 511 5716 rocem,
522 5664 572 5721 per
587 5653 726 5710 cuiisilinni
738 5666 765 5713 et
777 5662 909 5724 sequenda

840 5916 856 5945 ἢ

966 4634 1029 4688 diet
1042 4636 1181 4690 anatliema
1192 4635 1256 4690 lesu
1269 4634 1296 4710 (l
1309 4635 1369 4691 Cor.
1383 4637 1443 4708 xii).
1457 4636 1534 4695 Unde
1547 4644 1698 4699 cavendum
1707 4652 1754 4708 est,

966 4740 1000 4781 ne
1015 4726 1078 4781 dum
1093 4726 1240 4782 Ecclesiam
1255 4742 1314 4796 quae
1328 4735 1369 4783 est
1382 4740 1479 4799 corpus
1491 4728 1593 4786 Christi
1610 4733 1755 4789 inconsulte

965 4828 992 4874 et
1005 4819 1111 4874 incaute
1121 4820 1350 4876 anathematizare
1363 4821 1495 4886 nituntur,
1503 4820 1541 4877 illi
1553 4825 1599 4895 qui
1611 4824 1672 4895 ejus
1680 4833 1755 4896 eaput

967 4918 1009 4964 est
1031 4907 1157 4977 injuriam
1180 4908 1280 4966 lnlerre
1297 4911 1448 4966 riileantur.
1471 4911 1558 4968 Tanta
1582 4915 1675 4986 itaque
1691 4916 1749 4971 dite

966 4999 1056 5053 ctione
1067 4999 1118 5054 sihi
1132 4998 1254 5054 Christus
1266 5000 1413 5056 Ecclesiam
1428 5002 1534 5069 aseivit,
1548 5013 1579 5060 nt
1593 5006 1753 5078 inseparabi-

966 5089 1026 5144 liter
1038 5089 1072 5155 ei,
1095 5098 1187 5160 utpote
1202 5099 1282 5160 eaput
1293 5093 1408 5161 corpori,
1428 5093 1614 5162 praemineat,
1630 5104 1660 5152 et
1671 5096 1747 5154 illati

965 5181 1106 5252 perpetim,
1123 5190 1215 5252 utpote
1229 5198 1327 5253 corpus
1342 5184 1425 5253 capiti
1439 5184 1589 5252 collucet,
1607 5197 1639 5244 iit
1652 5203 1745 5259 nequa

964 5288 1045 5343 quain
1059 5273 1164 5342 corpori
1180 5281 1227 5327 aut
1241 5271 1338 5342 iniuria
1354 5284 1402 5329 aut
1414 5273 1620 5331 benedicentia
1633 5279 1747 5334 exhibea

965 5372 1010 5419 tur
1026 5364 1098 5434 qnoil
1119 5376 1173 5419 non
1189 5365 1222 5420 ad
1244 5372 1324 5435 caput
1346 5363 1491 5421 reiciatur.
1507 5362 1635 5423 Ecclesiae
1656 5367 1754 5424 etenim

963 5453 1179 5523 persecutionem
1194 5469 1209 5508 a
1223 5450 1324 5510 Judaeis
1336 5452 1437 5510 illatam
1451 5470 1528 5511 suam
1543 5450 1670 5514 Christus
1682 5456 1754 5516 rele-

963 5539 1049 5612 rebat,
1066 5561 1127 5603 cuni
1149 5547 1239 5616 rapaci
1256 5547 1318 5618 lupo
1332 5544 1424 5613 Saulo,
1437 5547 1550 5603 necdum
1567 5548 1662 5617 Paulo,
1676 5561 1754 5607 mane

962 5639 1080 5707 praedarii
1094 5639 1120 5693 in
1135 5640 1312 5693 vastat-iunoni
1325 5637 1451 5693 Ecclesiae
1462 5639 1624 5708 comedenti,
1642 5651 1753 5713 uespere
