3780 6120
137 258 193 326 tet'
575 264 605 320 B.
623 267 747 342 cattum
768 270 873 326 lldGNl
890 272 966 329 (li‘l‘.
986 271 1076 329 PARS
1092 274 1112 329 l.
1129 272 1250 330 saletto
1269 273 1310 330 tlt.
1708 280 1761 335 591

135 380 190 437 lnd.
205 392 244 444 rt,
264 382 392 459 regnante
406 375 454 456 pio
474 375 511 429 im
547 381 636 430 ratore
659 375 756 434 ottone
782 391 852 434 anno
869 378 913 437 18.
930 385 952 443 A
968 381 1069 444 teritos,
1085 380 1236 450 imperiales
1252 391 1315 437 tnnc
1328 380 1486 451 incipientes
1500 379 1636 437 adnexuit.
1659 383 1758 455 lliror,

135 452 231 502 datum
241 446 330 515 Papiae
344 444 491 500 feliciter.»
519 443 651 500 luicrero
665 446 788 501 Stmrius
803 449 829 501 in
847 464 916 504 trava
968 466 1065 506 notum
1091 451 1123 505 iis
1151 462 1338 521 argumentum
1365 450 1562 520 suppeditatum
1584 454 1675 509 verbis
1703 455 1758 512 illia

135 519 199 572 salit.
215 517 324 572 Frelreri
335 515 425 569 statim
438 513 546 581 subjicit
561 514 672 571 alterius
683 514 837 586 diplomatis
848 519 918 576 batte
967 519 1132 590 spondemus,
1146 521 1415 591 atquepromittimur,
1426 535 1479 575 nou
1490 535 1550 575 esse
1565 532 1705 592 arreptum
1722 525 1759 581 ad

134 586 358 656 subscriptionem
377 601 384 636 t
405 585 500 664 illlata
519 600 539 639 ιι
554 583 623 639 Non.
638 584 700 641 llaii
717 602 788 641 amm
811 588 916 643 incarn.
967 590 1109 659 spissiores
1127 591 1250 645 tenebras
1272 589 1446 645 effundendas
1463 590 1608 660 pontilician
1621 592 1755 651 historiae.

137 658 280 713 dominice
291 654 357 736 1165,
370 653 461 708 indict.
474 669 539 720 rrtt;
555 669 626 709 anno
641 655 718 726 regui
730 657 829 711 domiui
841 656 918 713 Otto·
967 658 1001 711 Αι
1012 659 1185 740 confirmandi
1199 659 1390 730 spissandique
1407 660 1634 731 subsequentibus
1643 665 1758 721 vocibus

134 729 177 782 uis
194 726 239 791 30,
255 726 435 795 imperavere
447 725 475 779 5.
495 723 590 779 Actum
605 723 744 779 liernstcin
756 725 869 791 Palatio,
888 728 916 783 in
967 729 1099 792 deterriti,
1111 737 1240 798 praeterea
1252 729 1384 784 sermonis
1398 729 1572 785 similitudine
1581 731 1608 784 in
1618 731 1758 800 juramen·

134 798 180 852 Dei
195 797 302 852 nomine
319 793 441 849 feliciter.
454 792 565 874 Amen.»
966 804 995 850 to
1006 812 1054 866 per
1063 798 1171 854 nuntios
1180 799 1300 866 prestito
1313 798 1396 869 (iliss.
1411 799 1434 861 l,
1453 815 1526 854 num.
1540 799 1586 870 10)
1601 801 1757 874 intelligen-

130 894 132 898 ν
170 866 200 922 v.
218 865 281 920 len.
300 863 379 921 card.
401 863 547 925 barontus,
574 877 634 931 quae
656 871 714 918 erat
732 879 836 918 summa
859 864 918 934 ejus
968 875 1018 929 tes,
1038 865 1167 935 majmem
1185 867 1239 921 vim
1257 868 1346 922 inesse
1361 869 1536 938 promittendi
1555 885 1587 924 ac
1604 872 1755 940 spondendi

128 935 248 992 eruditio
261 932 331 1006 (961,
351 949 379 986 n.
399 931 452 1002 11),
467 933 594 986 continuo
619 942 681 1001 post
705 934 917 1004 subscriptiones
966 935 1077 991 uocibus
1094 936 1245 991 Germaniae
1258 937 1448 1007 Augustorum,
1465 952 1545 1009 qnam
1568 942 1705 996 statuendi
1726 949 1756 997 et

128 1013 159 1059 et
169 1007 280 1060 datum:
295 1021 305 1056 t
319 1001 358 1057 tn
373 1016 526 1082 statuemus,
543 1002 591 1065 ait,
603 1015 619 1054 a
633 1011 752 1071 tempore
769 1003 858 1074 adepti
874 1020 918 1061 re·
967 1007 1129 1061 concedendi
1143 1005 1367 1076 Carolingiornm,
1379 1023 1483 1062 necnon
1495 1007 1640 1064 ilenricum
1659 1026 1755 1066 εοιιιο·

129 1077 177 1143 gni
190 1075 299 1129 eosdem
321 1087 407 1126 atinus
426 1085 542 1140 tangens
554 1086 616 1125 cum
632 1071 753 1140 imperio,
771 1072 846 1142 cujus
872 1074 918 1132 bio
966 1074 1045 1128 desedi
1058 1091 1121 1130 voce
1141 1092 1218 1131 usum
1235 1090 1295 1131 csse
1311 1076 1338 1130 iu
1354 1086 1503 1146 spontanea
1523 1078 1667 1134 donatione
1693 1095 1752 1147 aua,

127 1147 235 1214 peintus
244 1152 286 1198 est
296 1156 383 1197 annus
397 1141 587 1203 numerandus,
600 1140 718 1220 reliquos
731 1150 821 1196 atatem
831 1159 916 1201 annos
966 1159 1063 1199 uorum
1082 1146 1147 1200 illud
1166 1154 1364 1215 argumentum,
1377 1156 1406 1200 ut
1420 1147 1546 1211 arbitror,
1563 1147 1751 1206 deseruerunt.

132 1214 283 1282 praemiss
300 1210 423 1283 proprios
441 1225 501 1266 esse
519 1211 604 1280 regni,
621 1211 741 1278 ejusdem
754 1208 861 1268 ottonis
876 1213 916 1269 di·
1002 1213 1056 1270 itt.
1075 1213 1166 1270 dorae
1185 1224 1212 1268 et
1228 1214 1285 1270 e'us
1303 1216 1415 1270 ducatus
1436 1215 1605 1272 coniicmatio
1624 1218 1655 1272 lit
1674 1218 1753 1289 juxta

129 1285 247 1352 plumata
258 1283 355 1337 docent
367 1291 448 1348 atque
464 1288 524 1334 acta
545 1279 684 1349 syrrodalia
698 1289 803 1341 cunae,
819 1281 916 1351 quibus
967 1281 1175 1338 Ludoviciarmm
1196 1284 1241 1355 dip
1251 1299 1321 1349 uma,
1341 1286 1446 1339 tametsi
1463 1286 1596 1340 omittitur
1608 1297 1632 1340 et
1650 1305 1753 1344 receer-

132 1355 197 1408 nibil
211 1350 387 1408 constantias.
404 1348 584 1428 rGodelridus
595 1359 684 1403 autem
698 1348 760 1421 (loc.
774 1351 833 1421 cit.)
847 1351 916 1408 Lan·
965 1352 1070 1407 soridm
1086 1355 1286 1424 inperpetuum,
1301 1354 1445 1424 titulusque
1458 1354 1564 1410 additur
1576 1355 1656 1413 Petro
1672 1358 1753 1413 duai-

131 1426 243 1479 risltam.
256 1419 412 1501 monasterii
422 1418 561 1488 privilegio
575 1418 682 1499 laudato
693 1434 726 1473 ex
740 1420 850 1489 antiqua
859 1422 916 1478 edi-
966 1437 1026 1501 gero
1043 1421 1114 1492 regui
1139 1423 1272 1487 colorum,
1296 1425 1367 1492 quod
1378 1434 1544 1495 postremum
1566 1425 1666 1481 lactum
1686 1437 1754 1496 puto

132 1495 203 1547 tiarae
226 1491 347 1552 l'reltert,
363 1498 392 1544 ut
412 1490 608 1543 demonstraret
626 1503 667 1543 stu
687 1488 762 1544 ulare
783 1506 837 1545 non
856 1506 916 1549 esse
967 1491 1118 1547 insinuandi
1138 1507 1218 1547 causa
1232 1493 1312 1548 etiam
1328 1492 1468 1549 Germanis
1490 1508 1607 1549 artiorem
1627 1494 1752 1551 Carolin-

126 1562 195 1619 illud
216 1559 343 1615 Ecclesiae
359 1559 495 1620 llomauae,
508 1556 652 1627 subjungit,
694 1556 791 1628 38ae
811 1559 838 1613 in
855 1560 915 1617 aliis
966 1560 1071 1629 giomm
1084 1576 1115 1615 er
1134 1578 1147 1613 a
1164 1569 1266 1617 tantum
1281 1562 1439 1632 principem.
1453 1563 1643 1619 successorum
1662 1573 1752 1621 autera

129 1634 288 1687 obseruassc
300 1629 375 1698 regni
386 1642 471 1681 annos
480 1628 514 1680 ab
525 1628 558 1681 iis
571 1627 676 1696 imperii
687 1629 817 1697 separari.
828 1628 915 1696 Quam
967 1630 1076 1686 omissio
1086 1578 1154 1684 inira
1166 1633 1323 1687 emendatur
1333 1633 1360 1686 in
1369 1632 1483 1702 generali
1498 1633 1617 1688 oninium
1630 1635 1755 1690 donatio-

130 1716 186 1756 rem
200 1699 333 1755 annalista
344 1697 426 1754 etiam
443 1696 526 1751 italus
540 1696 664 1762 allirmat,
675 1710 753 1753 secus
769 1699 841 1753 enim
856 1714 915 1757 csse
968 1715 1032 1753 num
1047 1701 1212 1764 collectione,
1231 1704 1404 1771 apponendo:
1424 1701 1542 1772 Eiusque
1560 1704 1755 1759 suecessoribus

125 1776 292 1841 nonpotest,
308 1783 368 1824 curu
381 1766 563 1822 denominatio
574 1766 753 1835 imperatoris,
771 1777 853 1838 atque
866 1771 916 1825 im·
967 1785 1046 1839 utque
1057 1771 1085 1825 in
1099 1771 1177 1839 finem
1198 1771 1298 1824 sectili.
1322 1770 1398 1838 Quod
1418 1770 1526 1839 majoris
1549 1773 1677 1828 momenti
1699 1784 1753 1841 est,

124 1842 233 1911 ‚perium
254 1855 307 1895 non
328 1836 486 1905 inciperent,
509 1836 560 1890 nisi
580 1836 615 1890 ab
632 1844 757 1906 suscepto
777 1838 810 1893 dc
834 1855 915 1898 manu
966 1837 1146 1908 Catapaoiaet
1161 1840 1352 1907 eiusciritates
1364 1841 1470 1895 silentio
1503 1848 1690 1905 raetercuntun
1709 1858 1754 1898 re-

124 1910 263 1980 pontiliois
284 1906 415 1989 imperiali
437 1904 596 1986 diademate.
611 1904 720 1987 'Praeter
734 1907 790 1962 bace
804 1909 855 1964 duo
869 1910 915 1965 ad-
965 1909 1008 1976 gio
1026 1910 1128 1965 scilieet
1147 1910 1320 1965 celeberrima
1342 1920 1398 1965 tum
1417 1855 1506 1966 crioil
1524 1910 1609 1993 ldagoi
1630 1919 1757 1980 tempore

129 1981 237 2036 rrrodnm
259 1979 337 2042 leura,
352 1976 420 2031 nibil
439 1989 518 2046 posse
538 1977 618 2053 obprct
643 1991 705 2032 mox
723 1975 831 2046 planum
857 1979 913 2035 iret.
965 1976 1041 2047 (Cod.
1056 1977 1118 2033 Cor.
1135 1994 1178 2048 ep.
1198 1979 1242 2045 60,
1265 1979 1301 2035 al.
1322 1981 1379 2049 te),
1403 1989 1458 2034 tnm
1478 1979 1603 2034 Ludorrci
1618 1978 1676 2047 ejus
1691 1982 1752 2048 lilii,

127 2051 305 2117 Quamobrem
330 2047 533 2127 chorograpltus
562 2044 912 2118 (scriptitationum
965 2061 1051 2117 aquo
1071 2063 1127 2119 prae
1150 2049 1209 2104 aliis
1227 2058 1382 2105 recensetur
1406 2049 1541 2104 Potrieum
1562 2050 1640 2104 noni
1680 2050 1753 2107 obile

127 2120 225 2192 prino.)
239 2118 285 2189 qui
300 2116 520 2179 Lntloricranum,
533 2118 611 2184 quus
627 2129 678 2184 epe
700 2131 776 2171 suam
796 2118 914 2175 tabulam
964 2117 1090 2186 oppidum
1104 2133 1174 2173 nono
1193 2118 1301 2184 sacculo,
1324 2127 1353 2172 ιιι
1374 2127 1447 2188 patet
1465 2134 1498 2174 ert
1517 2120 1626 2188 antiqua
1664 2118 1752 2177 'nuda

126 2189 257 2254 ronlocit,
281 2198 335 2241 tam
360 2186 430 2241 male
459 2185 572 2255 accepit,
587 2184 621 2240 de
638 2188 742 2242 ottonis
759 2196 786 2242 et
805 2187 913 2245 ilenrici
964 2186 1040 2310 glad.
1061 2185 1118 2241 Vut.
1137 2188 1226 2258 1181),
1241 2205 1301 2258 que
1312 2190 1438 2244 tribuitur
1450 2188 1530 2250 laetu
1543 2188 1663 2258 Sapienti
1679 2189 1754 2258 apud

127 2259 273 2330 privilegiis
285 2258 323 2327 (a.
338 2256 382 2317 11),
394 2255 439 2319 12,
450 2255 485 2310 50
509 2263 536 2310 et
554 2255 598 2325 99)
612 2270 673 2309 eum
694 2271 846 2312 sermonem
866 2259 914 2314 lm·
985 2256 1184 2312 cltelostratium
1196 2259 1267 2329 (dut.
1278 2257 1350 2312 Erel.
1363 2265 1427 2312 tom.
1436 2256 1468 2323 11,
1478 2273 1505 2328 p.
1516 2256 1628 2328 68l),ac
1637 2259 1753 2327 proinde

126 2334 181 2393 lant,
200 2344 253 2398 quo
275 2328 374 2399 passim
395 2324 564 2394 utunturqui
579 2324 679 2380 eruditi
701 2327 786 2381 rideri
810 2327 911 2393 uolunt,
963 2327 996 2380 ad
1021 2341 1121 2382 notrum
1146 2326 1273 2383 saeculum
1297 2336 1409 2397 spectat.
1432 2326 1592 2397 oppidulum
1617 2328 1754 2397 hodieque

127 2400 232 2468 sibique
244 2397 386 2452 adumdum
405 2395 521 2465 placcat,
535 2410 597 2450 cum
614 2395 790 2464 imposuerint
811 2397 909 2469 uulgo:
963 2404 1058 2460 exstat,
1072 2396 1115 2450 cni
1127 2412 1224 2452 nomen
1237 2397 1353 2462 Pratica,
1366 2398 1410 2453 ubi
1423 2398 1487 2452 olim
1497 2396 1674 2452 celeberrima
1686 2399 1752 2453 urbs

129 2489 138 2519 ι
155 2468 190 2523 lit
210 2470 283 2531 bina,
307 2465 402 2536 inquit,
423 2464 578 2535 diplomata,
592 2465 643 2519 nisi
658 2474 685 2519 et
700 2466 758 2520 baec
779 2466 805 2520 ιιι
819 2467 914 2523 disori-
963 2464 1112 2529 Lauinium,
1129 2477 1159 2520 nt
1173 2475 1298 2522 accurate
1316 2465 1453 2537 Philippus
1470 2466 1582 2521 emaus
1595 2467 1708 2522 adnotat
1722 2466 1751 2522 ia
1783 2482 1787 2490 ·

127 2554 188 2593 men
201 2546 339 2599 vocentur,
360 2535 467 2590 titionis
478 2533 489 2588 1
502 2543 530 2590 et
544 2534 649 2590 ilertriei
668 2534 688 2590 1.
707 2555 716 2586 ι
739 2534 809 2603 Quid
822 2546 912 2592 autem
962 2534 1018 2589 suis
1034 2534 1132 2590 tabulis
1145 2536 1224 2590 Latii.
1240 2536 1274 2590 Et
1287 2536 1486 2606 chorograpltus
1500 2536 1584 2590 ltaliae
1605 2535 1688 2590 medii
1699 2537 1752 2593 aeti

127 2610 200 2664 bisce
213 2606 358 2664 immoror?
373 2606 428 2661 Nec
442 2604 522 2675 sigilli
543 2605 672 2670 delectus,
697 2619 784 2674 aerque
796 2606 912 2663 chrono-
963 2605 1033 2674 (Ser.
1047 2603 1082 2658 lt.
1095 2612 1160 2659 tom.
1172 2605 1206 2672 X,
1239 2645 1245 2658 .
1260 2605 1336 2677 111),
1348 2608 1420 2675 quod
1431 2606 1546 2661 mraxime
1557 2605 1645 2661 notari
1657 2606 1749 2671 selim,

126 2679 195 2758 logia
219 2678 307 2733 miuus
327 2685 422 2731 exacta
436 2674 572 2745 ,privilegii
592 2675 773 2730 conditionem
796 2684 910 2731 mutant.
961 2675 1106 2728 observans
1117 2674 1205 2730 locum
1219 2621 1325 2745 Klagino
1337 2690 1444 2746 quoque
1456 2675 1527 2732 baud
1544 2675 1680 2742 ignotum,
1693 2674 1751 2732 latt-

127 2749 190 2816 liJus
209 2748 341 2817 siquidem
365 2746 561 2826 autographum
583 2752 682 2807 exstat,
707 2743 912 2817 coniectumque
962 2742 1219 2813 ‹latosqueOrtelium
1232 2745 1347 2800 aientem
1359 2763 1365 2799 :
1376 2764 1385 2796 ι
1397 2746 1532 2800 Patricum
1540 2744 1653 2799 Romani
1665 2746 1752 2801 duea-

124 2826 167 2873 rst
176 2834 210 2872 ex
221 2816 402 2873 Luderieiauo
417 2815 561 2886 diplomate
580 2824 608 2870 et
621 2815 723 2870 chartis
737 2816 911 2871 «intrationem
962 2821 1005 2868 tus
1016 2814 1044 2866 ιιι
1057 2812 1133 2870 Latio
1143 2815 1288 2884 oppidum:
1307 2836 1318 2868 r
1336 2815 1467 2871 llolstenii
1485 2814 1638 2884 opinionem
1650 2813 1748 2883 rejicit,

125 2888 226 2943 ambiri
239 2887 367 2940 Romana
382 2886 518 2940 Ecclesiae.
531 2884 609 2938 Plura
625 2884 837 2947 toennensem,
851 2901 911 2968 quae
960 2882 1079 3004 [uitantis
1094 2884 1227 2939 Patricum
1244 2898 1313 2950 esse,
1328 2886 1374 2940 ubi
1390 2885 1454 2941 olim
1466 2884 1619 2948 Linternus,
1635 2884 1663 2938 iu
1675 2892 1751 2940 terra

126 2959 151 3012 ιιι
168 2956 348 3011 Ludot'iciano
360 2955 430 3009 battd
443 2955 578 3025 leguntur,
591 2953 718 3008 nonnulla
727 2955 808 3008 etiam
819 2955 847 3010 in
858 2966 911 3012 isto
984 2953 1091 3018 aboris;
1114 2953 1192 3010 inde:
1212 2972 1221 3004 ι
1247 2953 1276 3007 Si
1294 2955 1321 3009 in
1332 2953 1418 3020 Latio,
1441 2954 1537 3024 inquit,
1556 2953 1614 3008 siue
1628 2953 1657 3007 in
1670 2953 1752 3008 Caut-

124 3028 265 3081 existcntia
281 3025 307 3080 iu
319 3023 573 3094 priuilegiotittonis
586 3023 781 3079 desiderantur.
796 3024 833 3077 Ea
845 3041 909 3080 reru
961 3023 1039 3090 paula
1055 3022 1173 3077 uernam
1197 3022 1333 3078 Patricnm
1352 3023 1482 3079 babemus
1491 3022 1568 3092 juxta
1589 3022 1752 3079 Ludorieia·

125 3097 260 3167 ucgotium
274 3095 351 3151 uobis
362 3092 627 3163 posterissacosscre,
638 3100 666 3146 at
679 3093 818 3165 priuilegio
831 3069 947 3156 iidemc
962 3107 1036 3157 nuru,
1046 3107 1096 3146 cur
1104 3092 1167 3148 illud
1180 3093 1445 3176 peterealongiuquo
1453 3101 1480 3147 et
1493 3106 1569 3148 extra
1579 3093 1746 3147 ducatumls

125 3168 245 3221 miuuerc
258 3178 426 3234 nequaqnam
439 3171 560 3233 possunt.
573 3162 665 3232 ltaque
683 3171 803 3232 nostrum
815 3172 856 3219 est
865 3180 913 3220 ex·
961 3160 999 3215 lta
1008 3162 1232 3217 illeretustissirni
1240 3162 1413 3218 Ludot'icianr
1424 3162 1577 3232 diplomatis
1587 3162 1752 3221 auctoritate

125 3237 238 3307 plorare,
250 3235 347 3291 corita
363 3235 471 3297 iactura,
489 3249 542 3288 arou
551 3240 641 3287 antem
651 3232 780 3287 damnare
792 3249 852 3303 quae
866 3244 912 3289 aut
960 3230 1030 3287 hanc
1051 3232 1186 3287 civitatem
1208 3233 1315 3297 astruit,
1353 3248 1415 3288 uam
1435 3233 1526 3288 nescio
1546 3247 1581 3285 art
1599 3231 1665 3287 alibi
1707 3234 1752 3289 uis

125 3315 214 3362 tarento
234 3321 286 3360 non
303 3304 473 3373 assequimur
486 3311 532 3357 aut
546 3317 608 3357 cum
625 3311 717 3357 nostra
728 3303 853 3371 opinione
863 3320 912 3375 pu·
961 3301 1090 3382 repererit
1103 3311 1282 3372 preterquam
1297 3247 1435 3357 miconis
1450 3301 1584 3371 Sapientis
1598 3301 1620 3370 1
1720 3317 1758 3375 ιι-Ι

160 3377 231 3431 antia
238 3372 501 3445 negligimusttque
511 3373 568 3427 lucc
577 3371 643 3426 satis
653 3371 707 3426 sint
715 3372 748 3427 de
758 3372 911 3430 sinceritate
960 3370 1029 3435 titia,
1043 3378 1070 3425 et
1083 3371 1109 3425 in
1120 3372 1171 3426 boe
1183 3372 1337 3441 diplomate.
1358 3372 1488 3453 Equidem
1505 3371 1577 3426 nullo
1595 3371 1623 3424 in
1657 3371 1751 3428 roula-

143 3446 286 3517 iplnmatis,
298 3443 374 3514 culus
384 3443 472 3511 capita
483 3443 587 3510 singula
600 3441 739 3513 aggredior
749 3444 909 3511 expendere.
960 3440 1030 3506 ciali,
1044 3456 1092 3497 seu
1110 3441 1219 3505 Notitia,
1242 3442 1378 3497 ciuitatem
1393 3451 1472 3496 istam
1486 3441 1607 3496 invenio:
1627 3455 1715 3510 quare
1732 3456 1750 3498 a

162 3517 202 3572 tit.
219 3515 284 3582 Quat
303 3512 354 3568 lori
368 3512 454 3583 magis
471 3527 553 3581 qoam
576 3520 697 3566 veterum
724 3523 911 3569 monumento·
960 3508 1100 3566 Saracenis
1111 3518 1250 3576 vastatam,
1267 3511 1381 3567 iortasse
1393 3512 1473 3566 etiam
1489 3510 1608 3565 excisam
1618 3525 1751 3566 nonoen·

123 3602 184 3641 rma
198 3585 295 3640 indolis
307 3591 458 3653 satagentes
469 3583 496 3637 in
508 3580 688 3637 Ludorieiaao
700 3580 862 3647 desiderant,
877 3598 910 3640 ea
959 3579 1019 3633 dem
1035 3581 1142 3645 seculo,
1164 3592 1211 3635 aut
1231 3591 1303 3636 metu
1325 3581 1430 3636 illorum
1445 3580 1580 3635 desertam
1596 3579 1632 3634 ab
1651 3580 1749 3636 incolis

123 3657 150 3712 iu
167 3655 273 3712 Ottonis
291 3653 430 3725 priuilegio
447 3667 499 3707 non
522 3651 628 3706 desunt.
645 3649 709 3705 Otto
728 3651 801 3706 enim
826 3650 836 3706 Ι
861 3651 910 3707 Dei
959 3649 1085 3704 credibile
1096 3660 1148 3705 est.
1162 3650 1240 3706 Certe
1253 3665 1286 3705 err
1300 3647 1410 3705 ioannis
1426 3649 1482 3705 11111
1495 3649 1617 3718 epistolis
1628 3651 1749 3706 maxima

122 3728 208 3798 gratie
228 3726 385 3794 imperator,
399 3731 426 3776 et
441 3722 529 3778 dinuo
547 3720 709 3792 prouidentia
728 3736 785 3787 ret,
809 3719 872 3778 Otto
887 3722 908 3777 11
959 3717 1040 3773 ltalia
1057 3721 1162 3785 damna,
1181 3719 1330 3790 praesertim
1345 3722 1373 3775 iu
1387 3734 1442 3775 orte
1463 3721 1605 3773 maritimae
1621 3719 1748 3788 oppidis,

122 3796 298 3866 appellantur.
313 3793 341 3849 ld
356 3807 454 3848 norum
471 3793 498 3846 in
512 3791 670 3861 diplomate,
685 3790 758 3860 quud
772 3790 845 3847 nullo
859 3792 910 3848 ca-
959 3787 1030 3841 illata
1047 3803 1107 3844 esse
1119 3797 1235 3845 constat.
1257 3790 1291 3844 Et
1308 3791 1387 3845 Liber
1404 3788 1567 3845 Pontitlcalis
1586 3790 1666 3859 (sect.
1682 3789 1748 3860 176)

125 3867 297 3936 rolingiorum
313 3862 435 3934 exemplo
451 3879 503 3916 arna
520 3877 581 3916 cum
601 3861 762 3930 imperatore
774 3859 844 3916 illius
861 3877 909 3917 rex
959 3865 1074 3912 testatur
1086 3860 1181 3929 oppida
1202 3860 1285 3914 etlam
1300 3859 1444 3915 munitiora
1465 3857 1568 3913 Ostiam
1585 3866 1613 3912 et
1633 3855 1748 3915 Portum

122 3935 282 3999 tlerurauiae,
303 3935 346 3989 cui
362 3934 399 3986 nil
419 3948 480 3987 cum
496 3931 624 3985 llotnauis
646 3945 793 3999 eorumque
817 3933 907 4014 rebus,
958 3936 1021 3982 ante
1034 3943 1118 3983 atmos
1135 3929 1327 3999 quinquaginta
1340 3944 1435 3998 magun
1454 3927 1480 3983 ιιι
1494 3927 1649 4005 discrimine
1661 3926 1750 3985 luisse

122 4007 238 4076 diploma
268 4004 384 4067 cordicit,
412 4002 584 4070 omniumque
600 4002 629 4054 tlt
651 4014 761 4070 compos
782 4016 842 4069 qum
861 4016 907 4056 um
958 4007 1083 4063 t‘crsata;
1113 4013 1197 4068 quare
1222 3997 1367 4068 Gregorius
1394 3999 1427 4052 lv
1450 3998 1526 4054 rroais
1550 3996 1749 4057 munitionibus

124 4073 279 4147 imperatori
305 4073 436 4129 debemur
451 4089 459 4127 ι
477 4077 550 4124 tanta
581 4078 637 4124 tnm
669 4071 796 4139 temporis
816 4069 909 4126 Romae
957 4066 1060 4122 Ostiam
1075 4069 1168 4129 cinxit,
1183 4082 1216 4122 ne
1230 4083 1246 4121 a
1259 4068 1400 4132 Saracenis
1417 4067 1588 4138 diriperetur,
1604 4075 1632 4131 et
1646 4065 1748 4125 Portus

123 4147 219 4201 inertia
232 4151 300 4209 erat,
312 4150 386 4198 tauta
399 4142 594 4211 praecipuarum
609 4153 699 4192 rerum
711 4140 827 4193 obliuio!
839 4139 909 4206 Quid
957 4137 1093 4192 ntunicndi
1107 4137 1311 4194 sollicitudinem
1325 4139 1428 4193 babuit.

123 4214 194 4270 eitim
208 4213 360 4270 Germaniae
374 4211 430 4282 regi
441 4225 502 4266 curn
514 4209 683 4263 ordinatione
698 4208 849 4277 pontilicis?
860 4208 909 4264 dt·
994 4206 1058 4262 titt.
1072 4207 1111 4261 Ex
1125 4208 1219 4263 lisdem
1231 4223 1296 4263 vero
1313 4207 1434 4276 epistolis
1448 4204 1560 4261 ioannis
1580 4205 1696 4275 passim,
1715 4222 1749 4264 ae

124 4296 213 4339 mineo
229 4281 271 4337 rel
282 4281 464 4351 imperatoris,
479 4278 520 4332 tel
540 4276 588 4332 lilii
603 4277 673 4346 regis
685 4278 827 4333 missorum
840 4294 908 4350 pre·
957 4278 1107 4345 praesertim
1120 4276 1183 4341 117,
1202 4277 1339 4342 111177,
1352 4276 1415 4341 186,
1429 4276 1492 4341 193,
1506 4275 1567 4339 191,
1586 4290 1688 4331 novum
1700 4294 1749 4333 no·

122 4354 208 4408 sentia
220 4353 376 4407 decernitur
393 4348 564 4419 promissioni
580 4346 715 4417 pontilicis
731 4358 793 4402 anto
813 4364 907 4403 consc-
958 4346 1084 4415 menjam
1098 4355 1162 4402 tnnc
1175 4347 1321 4402 necessisse
1336 4345 1489 4416 Gampauite
1503 4342 1616 4399 incivili
1629 4346 1749 4402 admini-

123 4424 281 4478 cratinnem.
296 4421 365 4488 Quid
376 4421 431 4490 regi
443 4418 528 4474 eidem
543 4432 604 4472 cum
618 4431 700 4487 reguo
716 4415 814 4472 ltaliae?
829 4419 906 4472 Atta-
922 4414 1087 4475 ostentione
1109 4417 1298 4487 comperimus.
1323 4415 1498 4472 Suburbanus
1520 4414 1594 4469 ettitn
1620 4414 1750 4473 ciuitates

124 4509 184 4548 rnen
202 4500 322 4562 pateram
336 4498 489 4560 spontaneae
502 4487 653 4543 donationis
667 4501 714 4541 sex
725 4488 862 4542 ciuitatum
874 4503 907 4543 ex
958 4502 1010 4541 tina
1020 4502 1081 4541 cum
1092 4488 1152 4542 aliis
1170 4487 1295 4541 omnibus
1307 4484 1470 4556 Campaniae,
1488 4493 1563 4538 terro
1578 4490 1607 4537 et
1618 4485 1749 4541 territorii

122 4564 216 4618 eodem
233 4576 314 4632 regno
328 4575 375 4615 rer
387 4559 457 4614 illius
468 4557 497 4612 lit
511 4558 654 4628 particeps.
669 4557 705 4609 [le
716 4557 908 4614 confirmandis
957 4558 1065 4611 nomine
1081 4556 1226 4627 appellatas
1244 4556 1476 4625 deprehendimus.
1492 4552 1580 4620 Quare
1593 4551 1666 4607 idem
1680 4569 1749 4624 port-

122 4634 325 4702 quibuscuuque
342 4627 449 4699 juribus
465 4636 566 4683 sanctae
584 4627 656 4680 sedis
673 4627 740 4680 nibil
755 4627 825 4692 alico,
845 4643 907 4683 nam
957 4625 1021 4680 tileu
1031 4627 1220 4697 berengarium
1231 4633 1338 4690 orat,ut
1348 4623 1502 4692 imperatori
1514 4620 1676 4694 releratlep.
1687 4622 1747 4695 85),

122 4712 149 4758 et
163 4700 275 4757 Carolus
290 4710 318 4756 et
334 4700 546 4755 carolomannus
561 4696 664 4766 l'ippini
679 4697 749 4766 regis
765 4697 811 4752 lilii
825 4698 908 4753 dona-
956 4695 1179 4765 quemadmodum
1189 4696 1346 4750 Lambertus
1355 4692 1627 4762 contresmicimus,
1635 4692 1748 4749 adlecta

123 4775 224 4829 tionem
254 4772 421 4826 Euarclratus
449 4767 578 4825 carisiaci
604 4765 806 4833 confirmarunt,
836 4770 907 4893 tffod
955 4765 1044 4836 populi
1057 4764 1231 4830 mirititudiue,
1250 4782 1323 4819 outrte
1337 4764 1496 4817 territorium
1510 4762 1594 4817 auaui
1613 4760 1689 4817 Petri
1703 4763 1748 4819 itt-

122 4843 244 4916 pluribus
255 4859 287 4898 ex
300 4840 366 4896 cna.
378 4839 466 4895 Carol.
484 4837 603 4909 epistolis
615 4842 730 4891 coristat.
745 4835 832 4903 Quare
870 4845 908 4893 tto
957 4837 1031 4888 norit
1056 4835 1111 4890 Nec
1132 4835 1249 4890 dubitari
1272 4849 1351 4903 posse
1374 4835 1488 4896 videtur,
1511 4832 1575 4901 quin
1597 4828 1748 4901 Catapani·

122 4913 290 4984 tlaroliugins
301 4912 412 4966 otrtniun
425 4910 587 4971 imitaturus,
602 4922 649 4961 seu
664 4905 753 4976 potios
765 4905 907 4963 bibliotlte·
957 4905 1075 4960 llnmana
1086 4906 1184 4969 onmis,
1196 4905 1359 4959 territorium
1371 4903 1457 4957 sancti
1467 4901 1540 4956 Petri
1550 4899 1748 4970 appellaretur,

122 4986 212 5040 carius
234 4993 262 5039 et
285 4981 429 5045 scriniarii,
453 4978 499 5049 qui
518 4977 675 5034 donationes
697 4975 849 5030 babuerunt
872 4978 907 5032 ob
956 4975 1019 5042 quia
1032 4977 1154 5045 regiones
1171 4987 1274 5028 enarre
1289 4974 1405 5044 priscum
1421 4969 1700 5035 nomenretiucbaut,
1719 4981 1750 5027 ut

121 5055 224 5119 octtlos,
270 5052 483 5124 arriprrtdentes,
508 5063 572 5103 num
598 5046 730 5117 regiam
756 5046 908 5117 imperiales
957 5054 1030 5114 patet
1042 5060 1074 5099 ex
1088 5043 1201 5100 concilio
1215 5044 1347 5098 torenna
1360 5043 1451 5102 babitu
1463 5041 1602 5095 abeodem
1614 5041 1750 5109 pontilicc

122 5133 223 5192 essent,
235 5124 351 5194 diploma
364 5121 443 5193 139
455 5118 628 5176 coniecerunt
640 5132 655 5170 a
669 5115 759 5185 priseo
773 5132 847 5171 tttore
860 5117 907 5172 ab·
957 5130 1027 5170 anuo
1049 5115 1136 5180 etta
1157 5115 1192 5168 od
1209 5113 1344 5169 labbeum
1362 5110 1453 5184 (Ceae.
1475 5119 1541 5165 tom.
1555 5109 1606 5173 tit,
1627 5124 1657 5179 p.
1668 5108 1750 5236 mi

122 5211 228 5257 sonum,
246 5211 300 5265 quo
317 5194 464 5263 scriptores
479 5190 580 5262 posteri
595 5194 642 5241 ant
658 5187 686 5240 in
705 5185 815 5240 dubium
831 5202 907 5242 rern-
957 5185 1033 5254 cujus
1047 5199 1106 5238 can.
1123 5186 1152 5237 lt
1173 5185 1209 5238 ita
1226 5183 1395 5238 decernitur:
1411 5199 1421 5231 ι
1439 5180 1590 5244 sancimus,
1600 5189 1666 5260 atta

100 5274 103 5278 “
121 5273 190 5327 cato,
209 5263 301 5320 0ttoui
319 5263 415 5332 liaguo
430 5262 542 5333 gloriam
564 5257 746 5326 imprudentes
760 5257 904 5327 eriperent,
957 5264 984 5310 et
993 5256 1119 5322 deinceps
1132 5252 1369 5322 nulloseujuslibet
1384 5251 1478 5320 gentis,
1495 5248 1537 5302 tel
1549 5249 1656 5305 ordinis
1667 5251 1749 5306 bonta

122 5344 168 5388 aut
183 5335 323 5390 abutentes
345 5330 389 5400 jus
411 5329 611 5402 imperatorium
630 5343 691 5383 eum
705 5327 780 5397 regio
796 5328 908 5381 cottion·
959 5326 1129 5389 ruorrasteria,
1145 5333 1243 5386 cortes,
1255 5337 1367 5387 uramus,
1384 5330 1411 5375 ct
1425 5321 1497 5375 salas
1508 5326 1564 5373 ιιιιι
1577 5332 1626 5388 per
1640 5319 1750 5375 Rauen·

123 5404 237 5470 derent;
253 5404 324 5474 quod
345 5402 411 5456 satis
428 5413 560 5470 superque
576 5412 634 5452 esse
648 5396 748 5451 lactum
768 5397 803 5450 ab
824 5396 907 5463 jursss·
958 5411 1029 5459 narn,
1044 5405 1070 5448 et
1085 5393 1259 5462 Pentapolim,
1279 5401 1306 5446 et
1319 5390 1466 5453 AEruiliam,
1482 5402 1564 5459 qaam
1583 5395 1611 5442 et
1630 5403 1680 5458 per
1692 5386 1748 5443 Tu·

122 5473 250 5529 corrsnltis
268 5472 436 5529 Getruauicis
451 5469 667 5536 nostratibusque
687 5465 821 5536 aliquibus
834 5482 907 5523 cunt·
957 5466 1040 5521 sciam
1057 5465 1237 5519 Romanorum
1254 5471 1333 5530 atque
1351 5460 1599 5540 Langobarderum,
1623 5467 1652 5513 et
1668 5470 1749 5513 omne

123 5551 227 5611 pertum
238 5551 287 5599 est.
302 5543 393 5612 quue
406 5541 432 5595 ld
450 5541 535 5611 magis
548 5538 619 5607 qood
633 5537 706 5601 0tto,
722 5547 749 5590 ot
767 5553 853 5608 nuper
866 5536 906 5591 ri·
957 5535 1123 5591 territorium
1133 5531 1297 5590 seauctiPctri
1309 5530 1421 5600 apostoli
1431 5536 1591 5584 constitutas
1600 5533 1749 5598 presumat

123 5612 219 5676 alimus,
238 5612 309 5667 nullo
334 5613 536 5682 interregnum
568 5615 596 5662 et
626 5607 768 5676 imperium
801 5615 907 5662 serrato
957 5605 1105 5661 irerrcliciali
1123 5618 1206 5664 more,
1227 5610 1272 5656 aut
1296 5600 1350 5654 scri
1377 5616 1406 5666 o,
1428 5605 1475 5652 ant
1493 5597 1653 5667 aliquolibet
1669 5596 1748 5653 made

122 5680 285 5746 discrimine,
298 5682 400 5749 aliquot
411 5681 438 5735 iu
450 5678 596 5748 privilegiis
608 5678 641 5732 ad
654 5677 728 5746 regui
743 5692 904 5746 aooosprut-
955 5688 1058 5746 petere,
1082 5675 1210 5738 recipcre,
1234 5672 1275 5726 tel
1296 5686 1346 5725 corr
1358 5684 1428 5727 erre.
1453 5687 1461 5720 r
1481 5666 1572 5725 Terre
1588 5678 1687 5739 postea
1704 5678 1751 5722 nn·
