3780 6120
183 286 230 340 cu
487 262 490 269 '
645 279 816 339 ncrnnu
836 279 942 336 ulcu
962 278 1038 335 ora.
1057 277 1147 333 raus
1166 279 1185 334 ι.
1206 277 1327 335 suono
1348 278 1391 335 nr.

1756 274 1825 344 ,δή

184 397 251 454 19111
272 409 416 467 genuinam
439 391 523 448 edidit
541 392 568 446 iu
588 393 676 448 luceru
696 392 826 463 Georgius
850 393 876 446 in
902 407 970 446 nora
986 396 1011 456 Α
1025 391 1052 445 iu
1071 391 1165 446 cirron.
1190 391 1443 463 iteiclrerspergcusi
1468 405 1556 460 usque
1578 392 1646 446 aden
1670 390 1826 445 detestatur

182 469 299 524 editione
314 465 452 520 annalium
468 462 591 530 Lucensi,
608 462 799 519 eorrlcreudarn
819 477 881 518 cuur
900 463 972 517 erlrta

181 556 197 593 a
220 537 388 593 'theodorico
411 533 516 598 llicmo,
537 548 618 603 quarn
644 533 789 589 Goldastus
804 533 975 602 transcripsit

181 607 282 675 (Gonu.
298 608 371 677 iurp,
388 616 454 661 torn.
472 605 489 668 l,
504 620 531 674 p.
544 605 618 678 sit).
635 603 764 674 Equidem
789 620 876 674 neque
902 619 975 658 cam·

182 681 242 733 deur
265 677 348 731 multo
372 685 450 731 antea
473 676 636 745 publicatam
659 692 674 728 a
699 674 827 731 Gratiano
846 674 919 746 (dist.
928 674 972 738 65,

183 765 207 804 c.
222 749 268 820 15)
289 749 403 817 iudcquc
418 756 553 816 sumptam
567 763 581 799 a
594 746 710 801 Baronin
724 744 795 817 (unt,
811 762 838 799 u.
856 745 913 815 22),
928 759 975 799 ne-

181 835 233 888 que
247 820 324 873 istam
339 831 470 887 nuperum
483 817 640 871 Bnroniautc
656 815 804 885 subjectam
816 832 832 869 a
846 814 972 886 Georgio,

182 892 323 959 utramque
339 889 438 942 nullius
450 888 586 957 ponderis,
607 887 753 956 legentium
774 886 858 940 oeulis
876 899 975 954 propo·

182 975 253 1025 narn,
271 960 318 1014 sed
332 957 544 1013 commentitiam
569 957 641 1011 illorn
667 957 844 1027 impostorum
865 956 973 1011 licentia

182 1037 322 1091 mutatam,
353 1028 505 1098 impiisque
531 1028 665 1097 oppletam
691 1027 887 1089 additionibus,
914 1041 975 1095 qum

181 1099 252 1168 apud
275 1098 432 1154 Coldasturn
457 1108 575 1169 prostat3
602 1098 701 1168 quippe
727 1112 808 1166 quam
835 1097 974 1151 immensis

181 1169 237 1225 scre
258 1169 459 1224 commentariis
479 1178 620 1224 oneratam
644 1167 764 1237 prodisti
786 1167 973 1235 jurisconsulti

180 1239 356 1296 adhibeutad
386 1239 480 1293 salsam
508 1238 681 1293 turereuuam
710 1237 825 1292 indolem
852 1236 972 1291 renovati

181 1310 295 1380 imperii,
310 1308 381 1378 quod
397 1280 723 1364 llomanotlcrmauicum
736 1307 882 1388 appellant.
902 1305 973 1372 Quin

1026 460 1089 532 (An.
1108 461 1181 527 961),
1204 471 1234 515 ut
1253 463 1370 527 llarouii,
1386 463 1470 532 Pagii,
1486 463 1655 531 aliorumque
1669 460 1724 515 bas
1735 459 1826 527 iurpo·

1010 580 1014 589 .
1025 540 1116 587 sturas
1127 531 1306 586 relabentium
1316 532 1487 587 sedulitatem
1499 543 1826 601 srmmoperecornureu·

1025 604 1081 658 det.
1097 603 1176 657 lliscc
1191 603 1316 659 omuibus
1327 603 1378 657 alia
1391 604 1550 659 constitutio
1568 599 1672 657 accedit
1683 599 1777 654 bttoni
1789 598 1823 653 lll

1025 672 1158 743 ascripta,
1183 674 1228 742 qui
1251 673 1442 744 septemdecim
1466 674 1577 728 circiter
1599 685 1734 727 annorum
1759 669 1824 724 ado·

1024 743 1129 798 lesceus
1152 744 1274 799 diadema
1299 745 1438 812 imperiale
1463 744 1613 813 suscipiens
1624 757 1640 796 a
1653 738 1819 807 Gregoriolr

1025 812 1357 885 contaminatores
1374 815 1531 878 triennium,
1556 820 1585 868 ut
1608 812 1717 873 dicitur,
1746 810 1824 866 illaur

1024 884 1117 947 edidit,
1133 886 1167 939 ab
1181 885 1277 939 iisdem
1291 886 1447 939 auctoribus
1472 884 1584 938 relatam
1601 880 1824 956 (Gordianum,

1023 968 1050 1023 p.
1064 954 1132 1020 ibim
1149 954 1255 1024 Luuig,
1282 952 1348 1009 Cod.
1376 954 1411 1009 lt.
1438 953 1520 1025 mpt,
1549 964 1614 1010 tom.
1638 952 1658 1016 l,
1684 967 1711 1022 p.
1732 952 1763 1016 'l;
1795 961 1823 1007 et

1025 1023 1097 1096 Spic.
1112 1040 1139 1094 p.
1156 1025 1175 1087 Ι,
1187 1039 1249 1095 pag.
1269 1024 1341 1096 len),
1357 1040 1415 1095 quoe
1429 1039 1472 1094 ap.
1489 1024 1631 1106 Luuigium
1643 1022 1822 1078 inscribitur:

1026 1094 1155 1150 ‹Ottouis
1178 1095 1210 1149 lll
1234 1095 1312 1149 Rom.
1337 1096 1401 1164 imp.
1430 1095 1597 1160 constitutio,
1619 1109 1674 1163 qua
1694 1093 1752 1147 sedi
1768 1093 1824 1147 llo-

1024 1180 1110 1220 urana!
1122 1174 1226 1219 certum
1238 1182 1272 1220 ex
1284 1165 1439 1220 cirirartbos
1453 1165 1613 1235 quibusdam
1625 1163 1823 1233 patrimonium

1023 1244 1152 1291 coostaus
1183 1237 1322 1306 assignem
1354 1235 1616 1304 famosissimamque
1647 1233 1822 1288 Constantini

1024 1305 1112 1377 llagni
1127 1307 1191 1374 imp.
1207 1306 1380 1360 donatiouem
1396 1314 1552 1361 memoratae
1565 1305 1623 1360 sedi
1637 1303 1751 1366 iactam,
1765 1311 1794 1357 ct
1806 1319 1822 1359 a

180 1380 272 1444 ctiam,
289 1394 350 1434 cunr
374 1378 468 1433 sordes
493 1378 561 1433 istas
584 1392 693 1432 ruorere
716 1379 767 1431 ursi
793 1385 904 1431 coactus
919 1392 972 1431 unu
1023 1376 1120 1431 Garolo
1131 1376 1226 1446 llaguo
1239 1377 1304 1445 iurp.
1322 1375 1507 1432 coutirmatam
1520 1390 1570 1444 pro
1584 1374 1646 1430 licta
1657 1374 1821 1443 etsupposi·

180 1451 291 1513 soleam,
308 1458 414 1517 partem
433 1447 493 1516 ejus
517 1449 657 1510 clrrntaxat,
683 1462 743 1515 qum
765 1448 797 1499 ad
824 1461 880 1500 rem
897 1446 971 1511 lacit,
1023 1447 1082 1500 titia
1094 1446 1238 1501 declarat.»
1251 1446 1288 1501 De
1296 1446 1426 1533 suppositi
1440 1445 1518 1514 lartius
1532 1445 1686 1515 patrimonii
1701 1444 1822 1499 civitati-

179 1533 332 1589 excerpam,
350 1518 458 1572 omissis
470 1528 585 1582 cartcrrs,
610 1532 765 1588 quanquam
790 1517 824 1571 ad
842 1517 974 1587 impostu·
1022 1517 1073 1572 bos
1086 1526 1148 1572 octn
1164 1517 1300 1582 «Pisauro,
1315 1517 1399 1582 laun,
1416 1516 1581 1586 Scuogallia,
1595 1513 1822 1578 Ancona,l·'nssa·

180 1605 238 1644 ram
260 1589 404 1643 tenendam
425 1589 723 1643 accourruodatissimis.
738 1587 777 1640 Eo
789 1601 854 1641 vcro
865 1595 907 1641 cst
919 1587 972 1641 bu·
1021 1585 1119 1651 bruno,
1134 1586 1235 1651 Gallio,
1253 1587 1325 1651 Esio,
1343 1595 1371 1642 et
1386 1588 1529 1651 tastum·
1545 1596 1573 1641 et
1594 1585 1628 1640 dc
1648 1585 1709 1639 aliis
1730 1586 1821 1639 omni·

176 1658 305 1729 jusmodi.
1022 1656 1081 1719 bus,
1103 1672 1163 1726 quae
1177 1658 1305 1715 continet,
1327 1656 1554 1711 anturartrcrstoni
1567 1655 1642 1727 Pagii
1661 1655 1734 1727 (999,
1749 1671 1778 1708 ιι.
1790 1656 1819 1725 5)

214 1729 246 1784 ll.
270 1727 361 1784 ‹ldcru
385 1729 458 1784 euirn
481 1737 592 1784 sauctus
611 1729 655 1782 rir
670 1725 825 1802 (Adrianus)
838 1727 970 1798 synodum
988 1727 1090 1818 Builril
1116 1725 1239 1781 addam:
1262 1727 1342 1791 «Tot,
1370 1728 1466 1797 iuquit,
1494 1724 1551 1781 iere
1577 1725 1732 1789 mendacia,
1752 1734 1820 1796 quot

179 1801 362 1870 congregavit,
392 1808 420 1854 ct
446 1800 473 1854 iu
496 1799 640 1870 presentia
665 1798 796 1864 omnium,
821 1813 970 1868 eorumque
1023 1800 1136 1853 rerba.»
1158 1795 1347 1853 iurisconsulti
1360 1798 1412 1867 ipsi
1429 1796 1650 1853 constitutionem
1662 1795 1724 1850 aliis
1737 1807 1819 1851 uten-

179 1869 340 1926 auctoritate
363 1870 477 1924 Domino
500 1869 596 1924 Garolo
619 1869 797 1924 invictissimo
819 1868 900 1939 166
912 1870 970 1938 regi
1021 1868 1084 1923 darn
1108 1867 1285 1938 reliquerunt,
1307 1878 1400 1938 utpote
1415 1869 1457 1923 cui
1472 1884 1532 1922 cum
1548 1867 1606 1939 lege
1619 1867 1694 1937 regia
1708 1874 1736 1922 et
1748 1866 1818 1922 anti-

179 1939 345 1995 Francorum
358 1947 385 1994 et
397 1939 634 2021 Langobardorum
654 1954 686 1993 ae
699 1938 814 2008 patricio
831 1940 969 2003 linusano,
1021 1951 1097 2064 papas
1112 1939 1210 1993 Leonis
1221 1939 1310 1994 miuus
1325 1940 1461 1994 convenit.
1702 1998 1705 2003 Α

179 2010 290 2079 suisque
314 2012 516 2064 successoribus
542 2025 654 2080 regnum
679 2007 782 2073 ltalia,
812 2008 972 2078 patriciatus
1072 2009 1102 2064 v.
1119 2006 1237 2078 Utraque
1259 2010 1366 2073 lrarurn,
1388 2009 1469 2065 reluti
1492 2006 1739 2063 substructionibus
1760 2007 1822 2063 niti·

177 2080 347 2149 dignitatern,
371 2095 403 2134 ac
426 2079 623 2135 ordinationem
643 2079 714 2134 sedis
735 2078 891 2149 apostolica
907 2095 972 2135 con·
1021 2087 1075 2144 tur,
1087 2079 1261 2148 jurisperitus
1277 2080 1310 2134 de
1324 2093 1377 2148 quo
1390 2081 1505 2150 agimus,
1518 2078 1589 2146 quod
1602 2079 1752 2146 scriptores
1770 2078 1821 2148 ipsi

178 2149 270 2213 cessit,
291 2150 401 2273 insuper
414 2158 442 2205 et
457 2151 661 2220 episcopatuum
684 2150 872 2217 investituras,
897 2150 972 2205 velut
1021 2149 1111 2275 panim
1132 2148 1260 2204 latentur.
1280 2149 1339 2203 Erit
1355 2150 1478 2204 omnium
1494 2150 1581 2203 instar·
1594 2147 1720 2203 Struvius
1736 2148 1781 2220 (de
1791 2150 1819 2202 1.

178 2219 229 2290 ipsi
254 2234 316 2275 cum
361 2219 507 2275 iscretioue
523 2231 551 2274 et
566 2220 718 2274 reuerentia
745 2220 852 2274 libitum
877 2218 970 2287 inerit,
1047 2218 1183 2286 olr.,c.l,
1200 2219 1257 2292 15)
1276 2221 1320 2289 qui
1339 2219 1459 2288 ejusdem
1480 2220 1614 2289 antipapa
1629 2217 1820 2274 constitutioni

177 2299 277 2360 prater
294 2305 362 2360 quos
383 2298 437 2344 taur
456 2290 576 2361 pontillci
601 2305 713 2345 summa·
731 2291 813 2355 sedis,
829 2304 910 2360 quaro
926 2306 971 2344 ar·
1022 2289 1177 2344 inhaerens:
1196 2307 1205 2340 r
1221 2292 1259 2344 Er
1272 2291 1323 2345 hoc
1333 2299 1422 2358 pacto,
1436 2289 1533 2360 iuquit,
1542 2289 1603 2357 iuro
1617 2288 1725 2359 imperii
1737 2288 1819 2343 Rom.

178 2360 359 2430 clriepiscopis
377 2361 433 2431 ipse
454 2359 566 2415 Carolus
590 2360 709 2429 reliquit.
735 2360 818 2414 litor
841 2375 892 2415 uos
917 2361 970 2415 Leo
1041 2359 1094 2413 uod
1117 2360 1256 2430 bucusque
1278 2359 1376 2415 Franci
1399 2360 1584 2432 possederant,
1610 2358 1645 2412 ad
1668 2357 1821 2415 Germanos

178 2444 273 2485 sersus
292 2445 433 2485 serrorum
451 2431 498 2485 liei
513 2431 665 2512 episcopos,
681 2430 715 2483 ad
732 2377 970 2498 ilemexemplum
1021 2373 1115 2496 llclati,
1139 2439 1202 2485 suot
1224 2431 1349 2499 petenda,
1378 2432 1441 2485 dum
1469 2429 1617 2484 liornauia
1640 2428 1755 2484 Francis
1772 2444 1822 2499 pro

178 2498 303 2564 Adriani,
331 2516 392 2555 cum
415 2511 513 2556 cuncto
536 2500 661 2555 s=ntilrter
684 2499 766 2565 clero,
793 2506 820 2554 et
843 2500 971 2556 uniuerso
1022 2498 1151 2554 derelicto
1173 2500 1258 2554 babiti
1281 2500 1342 2569 jura
1367 2501 1479 2556 drrurirdi
1502 2499 1597 2556 directi
1617 2514 1669 2553 uua
1685 2515 1747 2554 curu
1767 2499 1821 2553 inr-

176 2569 276 2696 pjnpulo
295 2570 425 2633 Romano,
444 2571 623 2640 omnibusque
643 2569 783 2625 ordinibus
796 2566 877 2637 buius
892 2570 971 2626 almae
1020 2571 1097 2638 perio
1110 2569 1232 2626 Romano
1249 2573 1275 2625 iu
1296 2569 1431 2635 0ttouem,
1454 2571 1627 2641 ejusdemque
1647 2583 1821 2625 successores

205 2641 270 2706 rbis,
287 2640 357 2695 sicut
369 2641 396 2695 in
407 2641 463 2696 suis
475 2641 618 2710 scripturis
631 2647 752 2709 apparet,
768 2641 968 2707 constituimus,
1022 2654 1100 2710 reges
1113 2639 1265 2695 Germania
1282 2641 1460 2707 coutuleriut;
1480 2643 1516 2696 ita
1538 2647 1567 2693 ιιι
1588 2655 1657 2695 nexu
1679 2655 1820 2710 uunquam

175 2711 378 2775 corrsrrmaarus,
392 2720 419 2764 et
431 2712 649 2775 corroboramus,
668 2720 696 2765 et
714 2726 762 2780 pcr
774 2719 895 2766 nostram
906 2726 971 2782 apu-
1021 2711 1158 2776 riolando,
1186 2719 1265 2779 pacto
1288 2711 1315 2765 iu
1338 2721 1498 2782 perpetuum
1520 2709 1646 2773 valituro,
1673 2709 1710 2764 iur
1731 2710 1821 2764 crium

176 2780 299 2840 stolicam
322 2781 511 2836 auctoritatem
538 2780 711 2838 concedimus
736 2789 817 2850 atque
839 2781 971 2853 largimur
1021 2778 1174 2836 Romanurn
1187 2796 1249 2836 cum
1262 2795 1346 2852 regno
1357 2781 1518 2837 Germanico
1528 2780 1698 2852 jungeretur.
1712 2725 1753 2835 ἓι
1764 2776 1821 2851 q'uo

175 2849 276 2906 domno
300 2849 390 2906 Ottoui
415 2851 504 2921 primo
527 2851 649 2922 llugusto
672 2849 883 2906 Tcutnuicorom
909 2850 969 2921 regi
1020 2848 1137 2906 initiaet
1153 2849 1326 2906 loudorneuta
1339 2849 1410 2920 juris
1428 2852 1527 2922 publici
1552 2849 1658 2921 imperii
1682 2849 1820 2907 llnmaun-

176 2921 405 2991 prudentissimo,
429 2921 562 2990 spirituali
586 2922 614 2976 iu
637 2920 747 2978 Christo
770 2921 825 2976 tilio
854 2930 968 2987 nostro,
1020 2920 1185 2985 Germanici,
1203 2919 1237 2977 de
1249 2937 1303 2991 quo
1317 2922 1431 2993 aqimus,
1450 2931 1514 2977 suut
1527 2921 1655 2992 peteuda.
1671 2939 1681 2973 r
1702 2919 1820 2976 Factum

175 2990 288 3060 ejusque
309 2992 512 3047 successoribus
535 2989 614 3060 hujus
637 2990 712 3073 regni
734 2990 817 3046 ltaliae
832 2991 859 3047 in
874 3007 970 3062 perpe-
1020 3006 1121 3062 negare
1137 2991 1243 3046 inscitia
1258 3000 1340 3047 essct.
1356 2991 1423 3047 llam
1439 2991 1578 3049 Conradus
1596 2989 1729 3046 Fridcrici
1749 2990 1819 3045 Sue·

176 3069 253 3116 tuum
268 3069 323 3116 tam
336 3060 388 3116 sibi
398 3059 551 3116 facultatem
562 3061 679 3132 eligendi
691 3075 874 3116 successorem
886 3078 967 3133 quarn
1021 3061 1163 3117 riorducis
1178 3059 1271 3127 irater,
1300 3070 1329 3117 ut
1348 3079 1476 3118 coronam
1499 3061 1604 3132 imperii
1647 3076 1709 3115 uam
1737 3062 1820 3117 relte-

176 3145 290 3210 summa
307 3130 556 3213 sedisapostolicae
579 3130 736 3202 pontitioeru
760 3131 902 3187 ordinandi
916 3149 923 3185 :
937 3108 1007 3187 acC
1023 3139 1127 3188 merrtcr
1151 3133 1272 3202 optabat,
1297 3147 1358 3188 asse
1378 3141 1497 3199 ueretur,
1527 3142 1608 3203 atque
1627 3074 1719 3186 (ltaliae
1746 3130 1819 3202 rogis

175 3215 225 3271 per
245 3201 296 3255 lroc
317 3201 543 3272 archiepiscopos,
568 3216 614 3257 seu
634 3201 785 3271 episcopos,
804 3210 834 3256 ut
846 3201 896 3273 ipsi
910 3211 971 3257 tau·
1022 3202 1132 3258 titulum
1150 3203 1185 3258 ad
1209 3203 1236 3257 id
1259 3218 1312 3257 uon
1334 3219 1365 3258 su
1394 3218 1456 3260 cere
1472 3202 1645 3274 intelligeret,
1661 3200 1818 3257 Germanici

176 3279 236 3326 turn
250 3272 284 3326 ab
296 3286 329 3325 eo
342 3270 530 3326 investituram
546 3273 681 3341 accipiant
697 3280 725 3326 et
739 3274 970 3329 consecrationem
1021 3273 1097 3344 regui
1110 3288 1237 3329 coronam
1249 3273 1361 3343 adipisci
1373 3273 1460 3330 modis
1469 3273 1594 3330 ouuribus
1607 3272 1724 3337 curarit,
1736 3284 1819 3340 quarn

177 3341 332 3424 ubicunque
346 3341 518 3412 pertinuerit,
534 3341 654 3411 exceptis
667 3342 720 3408 bis,
733 3357 802 3425 quos
821 3342 969 3412 imperator
1020 3341 1118 3398 amulo
1131 3343 1289 3398 Lntlrarioll
1299 3344 1444 3400 decedente
1454 3344 1569 3413 adeptus
1582 3339 1633 3396 luit
1651 3357 1725 3398 auno
1737 3341 1815 3407 1158,

176 3409 298 3483 pnutiilcr
327 3420 356 3466 et
386 3412 598 3494 archiepiscopis
625 3419 769 3468 coucessrt.
796 3414 835 3468 lta
861 3415 968 3469 demum
1020 3413 1356 3485 nequeullusexiuclytis
1372 3414 1583 3470 Aleruarruorum
1598 3413 1768 3482 principibus
1783 3410 1817 3466 ad

176 3481 332 3544 asserimus,
347 3482 418 3550 qood
429 3497 510 3537 nemo
522 3482 648 3551 deinceps
662 3481 843 3554 cujuscunque
857 3483 967 3553 gradus,
1020 3483 1222 3553 imperatoriam
1244 3483 1413 3552 majestatem
1432 3484 1565 3555 pervenit,
1582 3483 1647 3553 quin
1662 3480 1816 3537 Germaniae

179 3550 221 3607 rel
233 3551 405 3615 conditionis,
420 3560 468 3606 aut
479 3551 628 3622 dignitatis,
645 3569 691 3609 seu
705 3553 843 3624 religionis
853 3554 969 3625 eligendi
1019 3561 1184 3610 rescrcams
1202 3561 1284 3609 esset.
1301 3554 1401 3621 Quare,
1425 3555 1496 3624 quod
1516 3552 1733 3622 Garolirrgiorum
1747 3558 1817 3606 terrr-

177 3635 267 3691 regeru
282 3621 325 3675 vel
340 3622 492 3692 patricium,
508 3623 565 3679 sire
584 3622 737 3693 pontiliccm
762 3640 874 3679 surornae
897 3625 969 3681 sedis
1018 3638 1085 3695 pnre
1099 3625 1180 3696 168
1195 3639 1248 3678 uon
1263 3623 1443 3680 luitiumore
1456 3624 1583 3695 positum,
1600 3639 1632 3678 ea
1646 3621 1816 3679 cousuetudo

175 3690 340 3762 apostolica,
368 3700 413 3746 aut
439 3707 627 3765 quemcunque
648 3696 813 3776 episcopum,
839 3693 881 3749 rel
896 3695 969 3750 ordi·
1018 3702 1080 3764 post
1091 3698 1205 3749 ttttoues
1215 3694 1325 3751 inducta
1338 3702 1389 3761 est,
1403 3703 1433 3751 ιιι
1446 3695 1473 3749 iu
1488 3693 1634 3750 Germania
1646 3708 1695 3748 rex
1715 3691 1816 3748 Rorna-

177 3762 259 3817 raaudi
271 3762 370 3819 babcat
382 3760 547 3828 facultatem,
567 3766 612 3820 sed
627 3765 676 3819 soli
689 3779 744 3834 rcgr
756 3763 871 3820 Rnnraui
884 3767 968 3836 impe·
1018 3779 1127 3827 norunt,
1141 3761 1248 3819 iuturus
1262 3765 1408 3836 imperator
1420 3772 1606 3830 coronaretur,
1622 3762 1721 3819 deiude
1732 3761 1816 3819 ltalia

176 3833 210 3888 rii
235 3832 305 3888 hauc
329 3835 505 3888 reverendam
528 3835 673 3891 tribuimus
696 3833 862 3901 facultatem,
886 3852 968 3907 quarn
1018 3835 1228 3906 reguidiadema
1242 3837 1400 3906 susciperet,
1416 3851 1448 3890 ac
1465 3833 1678 3890 demorullomae
1694 3831 1814 3903 impera·

176 3903 278 3972 absque
291 3903 364 3959 omni
396 3904 492 3960 ccorria
506 3903 640 3975 disponet,
657 3921 689 3962 ac
702 3914 786 3978 reget,
803 3914 896 3976 utpote
909 3921 966 3972 rex,
1018 3912 1062 3960 tor
1075 3906 1152 3960 lieret
1166 3920 1181 3959 a
1197 3903 1320 3960 Romano
1331 3906 1468 3976 poutilice,
1483 3914 1512 3960 ut
1527 3905 1581 3960 late
1591 3911 1632 3959 est
1643 3896 1815 3961 demonstra·

176 3980 203 4026 et
215 3972 346 4042 patricius
392 3990 515 4030 ornauus.
532 3996 541 4028 ι
565 3977 702 4032 Hactenus
724 3979 758 4031 de
782 3978 968 4032 courmeutitia
1019 3982 1075 4030 tutu
1089 3976 1170 4052 (Diss.
1184 3976 1208 4040 l,
1220 3991 1248 4030 ιι.
1257 3976 1293 4030 lb
1304 3980 1405 4047 seqq.):
1415 3975 1450 4030 itt
1460 3978 1493 4031 de
1503 3975 1564 4044 jure
1578 3988 1657 4031 secus
1668 3974 1814 4029 dicendum

177 4042 227 4098 ista
248 4044 449 4108 cnrrstitutiuuc,
467 4045 510 4099 cui
528 4047 627 4116 uequid
646 4047 724 4110 desit,
754 4047 877 4103 indicatae
901 4047 968 4118 legia
1017 4054 1070 4102 cst.
1083 4046 1121 4102 lte
1142 4045 1256 4102 uceniru
1271 4047 1424 4118 quicunque
1435 4062 1482 4101 rex
1493 4045 1644 4102 Germani-ar
1656 4045 1813 4110 creabatur,

176 4118 256 4184 regim
268 4113 387 4168 Adriano
399 4114 494 4170 affirm
507 4117 612 4171 titulum
627 4115 770 4187 (Goldast.,
790 4115 880 4171 Cenat.
895 4117 966 4189 irrrp.
1018 4116 1098 4172 simul
1120 4063 1203 4172 llebat
1226 4117 1374 4186 imperator
1385 4135 1391 4170 :
1404 4115 1480 4185 cujus
1495 4120 1533 4172 rei
1551 4123 1636 4171 testes
1653 4123 1720 4171 suut
1741 4111 1815 4169 llett·

176 4192 242 4263 tom.
257 4181 277 4247 1,
291 4198 317 4251 p.
337 4184 386 4249 to,
405 4185 512 4255 Luuig„
538 4184 568 4240 C.
592 4185 627 4240 lt.
646 4186 729 4258 bapt,
757 4196 822 4241 tuur.
847 4188 867 4252 l,
888 4201 916 4256 p.
940 4187 966 4260 1)
1018 4187 1091 4243 rt'eus
1105 4201 1152 4242 rex
1170 4185 1323 4243 Germania.
1343 4187 1388 4254 tt,
1411 4187 1558 4257 pradictus
1578 4183 1722 4242 Corradus
1746 4182 1814 4240 Gens

176 4254 337 4320 sulpicium:
366 4253 442 4309 «Lex
472 4255 545 4324 regio
571 4256 677 4326 imperii
706 4257 882 4323 Francorum,
911 4257 968 4312 sire
1017 4258 1115 4313 maniae
1134 4273 1181 4311 rex
1195 4255 1226 4321 11,
1242 4255 1409 4328 liudolphus,
1424 4258 1467 4325 (de
1479 4256 1572 4313 electis
1586 4264 1711 4324 tempore
1723 4252 1813 4311 fatalis

175 4324 479 4379 corrstitutioddrianil
510 4333 566 4379 out.
579 4343 650 4380 max.
664 4326 807 4396 populique
824 4327 901 4381 liuor.
914 4343 967 4398 qua
1018 4329 1103 4383 iuterr
1139 4327 1176 4391 ui,
1198 4328 1270 4396 quod
1292 4329 1330 4383 illi
1351 4327 1498 4399 appellant,
1520 4326 1588 4382 nibil
1606 4324 1709 4397 dicam)
1730 4323 1813 4381 Adol-

176 4394 202 4448 iu
215 4393 340 4448 Carnium
353 4393 477 4472 blaguurn
491 4340 641 4450 lloruauurn
653 4396 842 4466 imperatorem
856 4395 967 4467 ejusque
1038 4399 1099 4463 ltus,
1146 4397 1247 4453 lbertus
1261 4397 1281 4462 Ι,
1301 4399 1453 4454 Lurloricus
1471 4399 1600 4460 Brisaros,
1621 4393 1811 4461 wenceslaus,

177 4478 410 4544 successor-esras
433 4465 586 4534 pontificem
606 4466 684 4522 lloru.
703 4483 753 4522 uec
766 4483 819 4522 unu
833 4469 966 4540 arelriepi·
982 4415 1164 4532 Dssnbertus,
1189 4468 1315 4523 tilbertus
1330 4468 1351 4524 ll
1365 4479 1392 4524 et
1407 4467 1606 4524 llarirniliauus
1617 4480 1697 4536 reges
1713 4466 1814 4521 ltoura-

150 4567 155 4575 -
175 4547 271 4602 scopos
282 4543 308 4587 ct
322 4549 461 4603 episcopos
474 4535 587 4606 eligendi
599 4553 659 4592 curu
673 4537 775 4593 directo
786 4538 867 4593 sintul
879 4539 906 4593 iu
923 4556 966 4594 ur·
1017 4554 1113 4594 uorum
1131 4538 1213 4592 turrrri
1230 4538 1407 4607 imperatores
1425 4539 1512 4602 electi,
1533 4539 1579 4608 qui
1600 4538 1634 4592 ad
1653 4550 1812 4606 supremum

176 4603 235 4657 beru
248 4604 396 4658 Ilourauarn
408 4604 518 4675 ejusque
526 4608 689 4662 territorium
704 4609 871 4664 rlomirrioest
880 4618 968 4664 traus-
1018 4609 1089 4665 istud
1104 4607 1241 4680 fastigium
1263 4624 1317 4663 nou
1338 4625 1495 4680 peruenere.
1520 4607 1747 4675 Quandoquidem
1768 4621 1814 4660 eo-

175 4672 289 4754 iatum»
307 4689 388 4744 quam
403 4676 506 4730 scilicet
528 4675 614 4748 legent
631 4678 713 4734 latam
728 4679 804 4733 aiunt
817 4695 888 4734 anno
902 4680 964 4745 tte,
1017 4697 1077 4735 rum
1100 4679 1189 4734 nullus
1201 4695 1216 4733 a
1229 4678 1352 4735 Raurauo
1372 4682 1500 4750 pontilice
1519 4677 1672 4748 imperialia
1695 4675 1812 4746 insignia

175 4744 202 4798 ιιι
216 4753 256 4798 est
270 4755 346 4799 serto
365 4754 393 4799 et
410 4746 539 4815 vigesimo
552 4756 613 4803 anto
631 4750 831 4805 rcuoratiouenr
848 4751 963 4820 imperii.
1016 4750 1143 4819 suscepit,
1161 4749 1238 4817 juxta
1253 4751 1422 4820 congenitam
1438 4759 1574 4804 renovatae
1586 4747 1725 4817 majestati
1737 4747 1812 4800 iudo-

171 4839 176 4849 .
209 4813 251 4868 tlt.
268 4816 370 4870 Titulos
386 4817 467 4870 ctiam
488 4821 759 4874 senatusconsultum
775 4821 888 4889 perinde
902 4836 966 4890 sup
1016 4821 1084 4890 lem.
1102 4821 1194 4888 Neque
1217 4819 1370 4874 lloroanurn
1392 4821 1534 4889 imperium
1550 4820 1578 4874 iu
1594 4819 1657 4873 illud
1674 4817 1811 4873 Romano

173 4885 321 5008 positorum
344 4885 468 4956 adjiciam
491 4886 645 4956 (corrasi,
672 4890 748 4956 itit,
767 4905 794 4960 p.
810 4890 873 4957 att,
894 4891 963 4958 2213

196 4955 281 5025 uuig„
296 4955 368 5027 Spie.
380 4956 453 5011 Eccl.
466 4965 538 5013 cnut.
554 4959 597 5026 ll,
611 4975 671 5032 pag.
685 4960 729 5027 65,
743 4975 770 5030 p.
784 4978 803 5027 r,
814 4976 875 5032 pag.
889 4961 963 5034 159),

172 5028 271 5095 quippe
291 5042 351 5096 quur
371 5027 436 5082 milri
461 5027 587 5083 ridentur
599 5045 631 5086 er
646 5047 699 5085 uno
711 5033 859 5102 eademque
873 5032 964 5103 figlina

174 5095 294 5165 prolecta
306 5111 359 5151 una
370 5098 519 5168 eademque
531 5098 639 5156 fortuna
652 5117 701 5156 usa
714 5117 783 5157 esse.
796 5102 896 5158 Eorum
909 5104 965 5174 pri·

173 5182 245 5220 rrrrrru
256 5169 328 5222 iruuc
338 5167 444 5223 titulum
455 5167 580 5239 prefert:
598 5190 607 5223 r
627 5171 898 5230 senatusconsultum
913 5174 964 5229 lio

174 5251 317 5292 manorum
332 5238 364 5293 dc
382 5239 440 5308 lege
452 5241 538 5366 regia,
556 5256 609 5311 qua
622 5259 637 5297 a
650 5257 719 5314 papa
734 5243 763 5298 S.
779 5243 808 5298 P.
824 5243 856 5312 Q.
871 5245 904 5299 11.
917 5244 964 5313 jos

173 5321 262 5373 omne,
286 5318 313 5363 ct
353 5318 455 5366 orestas
502 5312 568 5366 rtoui
582 5312 592 5367 l
607 5313 774 5383 imperatori,
801 5324 829 5370 et
850 5316 876 5370 in
899 5331 962 5371 eoru

173 5375 321 5434 confertur.
331 5323 411 5451 {67
419 5380 483 5436 ltero
494 5381 526 5436 de
538 5383 671 5439 electione
683 5382 763 5440 Rom.
775 5385 920 5454 pontilicis,
935 5396 962 5441 et

173 5443 339 5505 investituris
349 5451 562 5522 episcopommo
575 5453 667 5510 Altero
678 5456 962 5527 rerohicpraelrgitur:

175 5530 185 5563 ι
205 5515 485 5599 senatusconsultum
511 5521 663 5578 Romanurn
676 5526 710 5581 de
722 5528 896 5583 restituendis
909 5528 963 5582 llo-

173 5599 254 5667 urano
264 5591 376 5657 imperio
388 5595 513 5648 omuibus
524 5595 727 5665 temporalibus,
742 5612 801 5667 quac
810 5612 860 5668 per
874 5613 961 5668 roges,

173 5666 395 5738 affe-rruperatores
412 5661 538 5719 Ecclesia·
553 5664 682 5721 Romame
702 5667 798 5722 collata
818 5666 934 5723 inerant.
951 5690 959 5721 ι

173 5726 326 5789 erusmodr
338 5731 429 5797 putida
442 5730 567 5801 ligrneuta
581 5734 662 5791 ltalus
674 5739 806 5792 annalista
824 5741 962 5793 osteudens

1016 4891 1169 4947 Germanici
1188 4901 1231 4945 est
1250 4906 1411 4946 conversum
1435 4891 1485 4946 nisi
1503 4889 1716 4960 ascriptoribus
1737 4903 1808 4943 cunr·

1015 4961 1138 5017 mentitio
1156 4976 1188 5017 ea
1204 4971 1377 5017 monumenta
1396 4972 1507 5027 sccrrtrs,
1532 4975 1593 5029 qua
1614 4973 1699 5028 supra
1720 4957 1810 5023 attuli,

1015 5033 1242 5105 quemadmodum
1271 5032 1341 5087 inira
1367 5032 1477 5102 planum
1506 5031 1588 5086 saciet
1621 5028 1810 5100 Rudolpbiuus

1015 5104 1099 5159 codex
1123 5112 1336 5158 commentorum
1358 5101 1513 5172 hujusmodi
1534 5117 1654 5167 eversor,
1675 5108 1707 5181 et
1726 5113 1810 5155 aurea

1014 5174 1087 5230 bulla
1100 5172 1189 5229 Caroli
1200 5172 1234 5228 lll
1248 5189 1300 5242 qua
1315 5179 1435 5230 sauctitas
1449 5182 1656 5229 monumentum
1671 5172 1810 5240 iuriscon-

1014 5245 1077 5300 sulti
1091 5245 1172 5300 iidem
1191 5244 1412 5300 constantissime
1439 5242 1573 5299 aliirruant
1597 5257 1652 5299 unu
1682 5240 1808 5313 reperiri.

1015 5315 1163 5384 Utrobique
1179 5316 1250 5370 cuim
1268 5313 1420 5371 Romanurn
1440 5315 1598 5386 imperium
1623 5322 1651 5369 at
1673 5311 1811 5369 Romam

1014 5385 1214 5449 Germanicum,
1230 5399 1317 5456 neque
1337 5386 1385 5451 ibi,
1405 5400 1493 5457 neque
1515 5399 1630 5466 usquam
1650 5382 1807 5463 reperitor3

1014 5458 1041 5511 id
1052 5457 1160 5528 quippe,
1185 5457 1207 5511 si
1229 5456 1362 5522 nesciunt,
1381 5456 1495 5512 Romani
1508 5462 1681 5525 muestatean
1702 5452 1808 5524 imperit

1015 5526 1171 5592 labefactat,
1198 5529 1269 5596 quud
1298 5542 1348 5582 nec
1370 5526 1526 5597 pontillccs,
1553 5541 1604 5582 nec
1629 5525 1809 5594 imperatores

1014 5600 1147 5667 cogitasse
1161 5613 1279 5668 unquam
1293 5599 1396 5653 creditu
1410 5597 1530 5668 proclive
1545 5606 1597 5652 cst.

1051 5669 1081 5724 1.
1097 5668 1173 5734 erod
1192 5670 1315 5723 absoluto
1332 5668 1486 5740 negandam
1503 5683 1558 5723 nco
1571 5667 1691 5731 ridetur,
1705 5663 1803 5744 Crago

1014 5741 1069 5793 rius
1084 5740 1102 5791 l‘
1121 5740 1154 5792 ud
1174 5753 1253 5809 quem
1275 5739 1442 5795 hauddubie
1460 5738 1635 5811 imperatoria
1651 5751 1696 5792 res
1709 5748 1802 5808 precr-
