<?xml version="1.0" encoding="UTF-8"?>
<!DOCTYPE html PUBLIC "-//W3C//DTD XHTML 1.0 Transitional//EN"
    "http://www.w3.org/TR/xhtml1/DTD/xhtml1-transitional.dtd">
<html xmlns="http://www.w3.org/1999/xhtml" xml:lang="en" lang="en">
 <head>
  <title>
</title>
<meta http-equiv="Content-Type" content="text/html;charset=utf-8" />
  <meta name='ocr-system' content='tesseract 3.04.00' />
  <meta name='ocr-capabilities' content='ocr_page ocr_carea ocr_par ocr_line ocrx_word'/>
</head>
<body>
  <div class='ocr_page' id='page_1' title='image "./patrologiaecurs17goog_0485.png"; bbox 0 0 3780 6120; ppageno 0'>
   <div class='ocr_carea' id='block_1_1' title="bbox 185 264 235 321">
    <p class='ocr_par' dir='ltr' id='par_1_1' title="bbox 185 264 235 321">
     <span class='ocr_line' id='line_1_1' title="bbox 185 264 235 321; baseline 0.12 -9"><span class='ocrx_word' id='word_1_1' title='bbox 185 264 235 321; x_wconf 62' lang='lat' dir='ltr'>sii</span> 
     </span>
    </p>
   </div>
   <div class='ocr_carea' id='block_1_2' title="bbox 624 263 1369 329">
    <p class='ocr_par' dir='ltr' id='par_1_2' title="bbox 624 263 1369 329">
     <span class='ocr_line' id='line_1_2' title="bbox 624 263 1369 329; baseline 0.012 -11"><span class='ocrx_word' id='word_1_2' title='bbox 624 263 651 318; x_wconf 85' lang='lat' dir='ltr'>B.</span> <span class='ocrx_word' id='word_1_3' title='bbox 671 265 796 322; x_wconf 65' lang='lat' dir='ltr'>callot!</span> <span class='ocrx_word' id='word_1_4' title='bbox 816 265 923 322; x_wconf 76' lang='lat' dir='ltr'>tttcm</span> <span class='ocrx_word' id='word_1_5' title='bbox 940 268 1015 324; x_wconf 85' lang='lat' dir='ltr'>OPP.</span> <span class='ocrx_word' id='word_1_6' title='bbox 1037 269 1127 325; x_wconf 77' lang='lat' dir='ltr'>PARS</span> <span class='ocrx_word' id='word_1_7' title='bbox 1145 271 1177 326; x_wconf 84' lang='lat' dir='ltr'>il.</span> <span class='ocrx_word' id='word_1_8' title='bbox 1199 270 1369 329; x_wconf 71' lang='lat' dir='ltr'>stretton.</span> 
     </span>
    </p>
   </div>
   <div class='ocr_carea' id='block_1_3' title="bbox 1760 278 1813 336">
    <p class='ocr_par' dir='ltr' id='par_1_3' title="bbox 1760 278 1813 336">
     <span class='ocr_line' id='line_1_3' title="bbox 1760 278 1813 336; baseline -0.019 -1"><span class='ocrx_word' id='word_1_9' title='bbox 1760 278 1813 336; x_wconf 60' lang='lat'>93⁹1</span> 
     </span>
    </p>
   </div>
   <div class='ocr_carea' id='block_1_4' title="bbox 186 374 1816 449">
    <p class='ocr_par' dir='ltr' id='par_1_4' title="bbox 186 374 1816 449">
     <span class='ocr_line' id='line_1_4' title="bbox 186 374 1816 449; baseline 0.006 -17"><span class='ocrx_word' id='word_1_10' title='bbox 186 382 300 447; x_wconf 85' lang='lat' dir='ltr'>demque</span> <span class='ocrx_word' id='word_1_11' title='bbox 314 377 341 431; x_wconf 90' lang='lat' dir='ltr'>in</span> <span class='ocrx_word' id='word_1_12' title='bbox 354 391 408 429; x_wconf 90' lang='lat' dir='ltr'>uno</span> <span class='ocrx_word' id='word_1_13' title='bbox 422 374 501 431; x_wconf 85' lang='lat' dir='ltr'>simtri</span> <span class='ocrx_word' id='word_1_14' title='bbox 517 375 644 430; x_wconf 88' lang='lat' dir='ltr'>fasciculo</span> <span class='ocrx_word' id='word_1_15' title='bbox 660 376 778 446; x_wconf 85' lang='lat' dir='ltr'>alligata,</span> <span class='ocrx_word' id='word_1_16' title='bbox 803 379 862 433; x_wconf 87' lang='lat' dir='ltr'>data</span> <span class='ocrx_word' id='word_1_17' title='bbox 876 378 972 434; x_wconf 83' lang='lat' dir='ltr'>Carolo</span> <span class='ocrx_word' id='word_1_18' title='bbox 987 382 1009 439; x_wconf 77' lang='grc' dir='ltr'><strong>Δ</strong></span> <span class='ocrx_word' id='word_1_19' title='bbox 1024 387 1116 433; x_wconf 89' lang='lat' dir='ltr'>curate</span> <span class='ocrx_word' id='word_1_20' title='bbox 1130 381 1278 448; x_wconf 87' lang='lat' dir='ltr'>perspectis</span> <span class='ocrx_word' id='word_1_21' title='bbox 1293 381 1326 435; x_wconf 89' lang='lat' dir='ltr'>iis</span> <span class='ocrx_word' id='word_1_22' title='bbox 1337 396 1396 449; x_wconf 86' lang='lat' dir='ltr'>quae</span> <span class='ocrx_word' id='word_1_23' title='bbox 1416 381 1443 434; x_wconf 90' lang='lat' dir='ltr'>in</span> <span class='ocrx_word' id='word_1_24' title='bbox 1455 396 1488 435; x_wconf 89' lang='lat' dir='ltr'>eo</span> <span class='ocrx_word' id='word_1_25' title='bbox 1505 391 1595 436; x_wconf 88' lang='lat' dir='ltr'>essent</span> <span class='ocrx_word' id='word_1_26' title='bbox 1614 393 1729 439; x_wconf 85' lang='lat' dir='ltr'>consuta</span> <span class='ocrx_word' id='word_1_27' title='bbox 1741 402 1816 441; x_wconf 86' lang='lat' dir='ltr'>men·</span> 
     </span>
    </p>
   </div>
   <div class='ocr_carea' id='block_1_5' title="bbox 186 445 980 1696">
    <p class='ocr_par' dir='ltr' id='par_1_5' title="bbox 186 445 768 515">
     <span class='ocr_line' id='line_1_5' title="bbox 186 445 768 515; baseline 0.002 -13"><span class='ocrx_word' id='word_1_28' title='bbox 186 448 296 512; x_wconf 89' lang='lat' dir='ltr'>fuerint,</span> <span class='ocrx_word' id='word_1_29' title='bbox 311 453 339 501; x_wconf 90' lang='lat' dir='ltr'>et</span> <span class='ocrx_word' id='word_1_30' title='bbox 351 447 386 499; x_wconf 86' lang='lat' dir='ltr'>alt</span> <span class='ocrx_word' id='word_1_31' title='bbox 400 447 458 515; x_wconf 89' lang='lat' dir='ltr'>ipso</span> <span class='ocrx_word' id='word_1_32' title='bbox 472 445 553 500; x_wconf 90' lang='lat' dir='ltr'>missa</span> <span class='ocrx_word' id='word_1_33' title='bbox 565 447 598 500; x_wconf 90' lang='lat' dir='ltr'>ad</span> <span class='ocrx_word' id='word_1_34' title='bbox 609 446 768 503; x_wconf 86' lang='lat' dir='ltr'>iidrianum.</span> 
     </span>
    </p>

    <p class='ocr_par' dir='ltr' id='par_1_6' title="bbox 187 517 980 1696">
     <span class='ocr_line' id='line_1_6' title="bbox 223 517 973 586; baseline 0.001 -15"><span class='ocrx_word' id='word_1_35' title='bbox 223 517 278 572; x_wconf 88' lang='lat' dir='ltr'>iias</span> <span class='ocrx_word' id='word_1_36' title='bbox 291 523 380 571; x_wconf 87' lang='lat' dir='ltr'>autem</span> <span class='ocrx_word' id='word_1_37' title='bbox 395 517 513 584; x_wconf 90' lang='lat' dir='ltr'>ipsorum</span> <span class='ocrx_word' id='word_1_38' title='bbox 529 517 755 572; x_wconf 75' lang='lat' dir='ltr'>contradictiones</span> <span class='ocrx_word' id='word_1_39' title='bbox 767 533 828 573; x_wconf 90' lang='lat' dir='ltr'>cum</span> <span class='ocrx_word' id='word_1_40' title='bbox 840 517 973 586; x_wconf 89' lang='lat' dir='ltr'>capitulo-</span> 
     </span>
     <span class='ocr_line' id='line_1_7' title="bbox 187 583 974 654; baseline -0.001 -12"><span class='ocrx_word' id='word_1_41' title='bbox 187 602 249 643; x_wconf 89' lang='lat' dir='ltr'>rum</span> <span class='ocrx_word' id='word_1_42' title='bbox 258 585 469 643; x_wconf 81' lang='lat' dir='ltr'>scriedistinctu</span> <span class='ocrx_word' id='word_1_43' title='bbox 484 593 584 648; x_wconf 87' lang='lat' dir='ltr'>essent,</span> <span class='ocrx_word' id='word_1_44' title='bbox 602 583 772 654; x_wconf 73' lang='lat' dir='ltr'>capitulare,</span> <span class='ocrx_word' id='word_1_45' title='bbox 788 587 885 642; x_wconf 89' lang='lat' dir='ltr'>librum</span> <span class='ocrx_word' id='word_1_46' title='bbox 900 588 974 641; x_wconf 88' lang='lat' dir='ltr'>ilium</span> 
     </span>
     <span class='ocr_line' id='line_1_8' title="bbox 187 653 975 724; baseline -0.004 -11"><span class='ocrx_word' id='word_1_47' title='bbox 187 658 258 713; x_wconf 88' lang='lat' dir='ltr'>idem</span> <span class='ocrx_word' id='word_1_48' title='bbox 278 655 399 710; x_wconf 87' lang='lat' dir='ltr'>nominat</span> <span class='ocrx_word' id='word_1_49' title='bbox 411 653 559 718; x_wconf 73' lang='lat' dir='ltr'>Adrianus,</span> <span class='ocrx_word' id='word_1_50' title='bbox 583 656 655 724; x_wconf 91' lang='lat' dir='ltr'>quod</span> <span class='ocrx_word' id='word_1_51' title='bbox 680 657 764 711; x_wconf 89' lang='lat' dir='ltr'>muita</span> <span class='ocrx_word' id='word_1_52' title='bbox 782 658 912 712; x_wconf 77' lang='lat' dir='ltr'>adsersus</span> <span class='ocrx_word' id='word_1_53' title='bbox 929 656 975 710; x_wconf 86' lang='lat' dir='ltr'>Ni-</span> 
     </span>
     <span class='ocr_line' id='line_1_9' title="bbox 187 723 975 795; baseline -0.001 -13"><span class='ocrx_word' id='word_1_54' title='bbox 187 741 292 782; x_wconf 80' lang='lat' dir='ltr'>carnum</span> <span class='ocrx_word' id='word_1_55' title='bbox 310 724 452 780; x_wconf 91' lang='lat' dir='ltr'>concilium</span> <span class='ocrx_word' id='word_1_56' title='bbox 476 723 591 793; x_wconf 88' lang='lat' dir='ltr'>capitula</span> <span class='ocrx_word' id='word_1_57' title='bbox 614 725 778 790; x_wconf 87' lang='lat' dir='ltr'>contineret;</span> <span class='ocrx_word' id='word_1_58' title='bbox 794 742 854 795; x_wconf 81' lang='lat' dir='ltr'>que</span> <span class='ocrx_word' id='word_1_59' title='bbox 867 727 975 795; x_wconf 87' lang='lat' dir='ltr'>quidem</span> 
     </span>
     <span class='ocr_line' id='line_1_10' title="bbox 188 792 975 865; baseline -0.003 -15"><span class='ocrx_word' id='word_1_60' title='bbox 188 797 288 865; x_wconf 88' lang='lat' dir='ltr'>scripta</span> <span class='ocrx_word' id='word_1_61' title='bbox 303 795 434 849; x_wconf 89' lang='lat' dir='ltr'>incudem</span> <span class='ocrx_word' id='word_1_62' title='bbox 459 792 691 849; x_wconf 73' lang='lat' dir='ltr'>francofordiensi</span> <span class='ocrx_word' id='word_1_63' title='bbox 715 797 845 861; x_wconf 90' lang='lat' dir='ltr'>concilio,</span> <span class='ocrx_word' id='word_1_64' title='bbox 870 801 975 850; x_wconf 79' lang='lat' dir='ltr'>etanta</span> 
     </span>
     <span class='ocr_line' id='line_1_11' title="bbox 188 858 976 933; baseline -0.001 -13"><span class='ocrx_word' id='word_1_65' title='bbox 188 868 325 920; x_wconf 89' lang='lat' dir='ltr'>continere</span> <span class='ocrx_word' id='word_1_66' title='bbox 337 861 454 930; x_wconf 83' lang='lat' dir='ltr'>ejusdem</span> <span class='ocrx_word' id='word_1_67' title='bbox 468 858 573 918; x_wconf 91' lang='lat' dir='ltr'>concilii</span> <span class='ocrx_word' id='word_1_68' title='bbox 583 863 840 930; x_wconf 74' lang='lat' dir='ltr'>francofordiense,</span> <span class='ocrx_word' id='word_1_69' title='bbox 848 866 919 922; x_wconf 87' lang='lat' dir='ltr'>idem</span> <span class='ocrx_word' id='word_1_70' title='bbox 929 865 976 933; x_wconf 90' lang='lat' dir='ltr'>qui</span> 
     </span>
     <span class='ocr_line' id='line_1_12' title="bbox 188 931 977 1004; baseline -0.003 -15"><span class='ocrx_word' id='word_1_71' title='bbox 188 949 269 1004; x_wconf 87' lang='lat' dir='ltr'>supra</span> <span class='ocrx_word' id='word_1_72' title='bbox 292 933 452 989; x_wconf 88' lang='lat' dir='ltr'>iiiucntarus</span> <span class='ocrx_word' id='word_1_73' title='bbox 474 933 585 997; x_wconf 88' lang='lat' dir='ltr'>asserit,</span> <span class='ocrx_word' id='word_1_74' title='bbox 601 931 721 1000; x_wconf 78' lang='lat' dir='ltr'>eiusdem</span> <span class='ocrx_word' id='word_1_75' title='bbox 743 933 826 989; x_wconf 88' lang='lat' dir='ltr'>ferme</span> <span class='ocrx_word' id='word_1_76' title='bbox 847 935 977 1002; x_wconf 88' lang='lat' dir='ltr'>temporis</span> 
     </span>
     <span class='ocr_line' id='line_1_13' title="bbox 190 1003 976 1073; baseline -0.003 -14"><span class='ocrx_word' id='word_1_77' title='bbox 190 1005 315 1073; x_wconf 77' lang='lat' dir='ltr'>scriptor,</span> <span class='ocrx_word' id='word_1_78' title='bbox 330 1011 359 1056; x_wconf 96' lang='grc' dir='ltr'>ιιι</span> <span class='ocrx_word' id='word_1_79' title='bbox 373 1003 405 1057; x_wconf 88' lang='lat' dir='ltr'>de</span> <span class='ocrx_word' id='word_1_80' title='bbox 418 1003 526 1058; x_wconf 86' lang='lat' dir='ltr'>bisunu</span> <span class='ocrx_word' id='word_1_81' title='bbox 541 1003 576 1056; x_wconf 92' lang='lat' dir='ltr'>sit</span> <span class='ocrx_word' id='word_1_82' title='bbox 594 1004 780 1057; x_wconf 83' lang='lat' dir='ltr'>dulritandnm.</span> <span class='ocrx_word' id='word_1_83' title='bbox 795 1004 846 1070; x_wconf 84' lang='lat' dir='ltr'>Qtti</span> <span class='ocrx_word' id='word_1_84' title='bbox 859 1004 976 1058; x_wconf 85' lang='lat' dir='ltr'>culmea</span> 
     </span>
     <span class='ocr_line' id='line_1_14' title="bbox 189 1073 977 1143; baseline -0.001 -15"><span class='ocrx_word' id='word_1_85' title='bbox 189 1075 326 1143; x_wconf 77' lang='lat' dir='ltr'><strong>prurigine</strong></span> <span class='ocrx_word' id='word_1_86' title='bbox 338 1073 505 1133; x_wconf 90' lang='lat' dir='ltr'>laborarunt,</span> <span class='ocrx_word' id='word_1_87' title='bbox 523 1078 554 1125; x_wconf 91' lang='lat' dir='ltr'>ut</span> <span class='ocrx_word' id='word_1_88' title='bbox 566 1087 625 1141; x_wconf 77' lang='lat' dir='ltr'>que</span> <span class='ocrx_word' id='word_1_89' title='bbox 638 1080 738 1127; x_wconf 90' lang='lat' dir='ltr'>statuta</span> <span class='ocrx_word' id='word_1_90' title='bbox 752 1082 844 1128; x_wconf 85' lang='lat' dir='ltr'>essent</span> <span class='ocrx_word' id='word_1_91' title='bbox 865 1075 894 1127; x_wconf 92' lang='lat' dir='ltr'>in</span> <span class='ocrx_word' id='word_1_92' title='bbox 904 1076 977 1128; x_wconf 88' lang='lat' dir='ltr'>dicto</span> 
     </span>
     <span class='ocr_line' id='line_1_15' title="bbox 189 1142 977 1212; baseline 0.001 -15"><span class='ocrx_word' id='word_1_93' title='bbox 189 1143 298 1199; x_wconf 84' lang='lat' dir='ltr'>Niceno</span> <span class='ocrx_word' id='word_1_94' title='bbox 308 1142 422 1197; x_wconf 91' lang='lat' dir='ltr'>concilio</span> <span class='ocrx_word' id='word_1_95' title='bbox 432 1142 622 1203; x_wconf 79' lang='lat' dir='ltr'><strong>dissolverent,</strong></span> <span class='ocrx_word' id='word_1_96' title='bbox 643 1158 673 1196; x_wconf 88' lang='lat' dir='ltr'>ea</span> <span class='ocrx_word' id='word_1_97' title='bbox 688 1158 809 1197; x_wconf 92' lang='lat' dir='ltr'>seorsum</span> <span class='ocrx_word' id='word_1_98' title='bbox 820 1143 917 1212; x_wconf 76' lang='lat' dir='ltr'>singuli</span> <span class='ocrx_word' id='word_1_99' title='bbox 930 1158 977 1198; x_wconf 88' lang='lat' dir='ltr'>co-</span> 
     </span>
     <span class='ocr_line' id='line_1_16' title="bbox 190 1211 978 1281; baseline 0 -14"><span class='ocrx_word' id='word_1_100' title='bbox 190 1227 249 1267; x_wconf 87' lang='lat' dir='ltr'>rum</span> <span class='ocrx_word' id='word_1_101' title='bbox 264 1214 395 1267; x_wconf 82' lang='lat' dir='ltr'>aduersus</span> <span class='ocrx_word' id='word_1_102' title='bbox 407 1212 476 1265; x_wconf 92' lang='lat' dir='ltr'>idem</span> <span class='ocrx_word' id='word_1_103' title='bbox 497 1211 638 1266; x_wconf 90' lang='lat' dir='ltr'>concilium</span> <span class='ocrx_word' id='word_1_104' title='bbox 652 1213 851 1281; x_wconf 76' lang='lat' dir='ltr'>conscripsere,</span> <span class='ocrx_word' id='word_1_105' title='bbox 865 1228 924 1280; x_wconf 79' lang='lat' dir='ltr'>qtae</span> <span class='ocrx_word' id='word_1_106' title='bbox 944 1212 978 1267; x_wconf 90' lang='lat' dir='ltr'>ab</span> 
     </span>
     <span class='ocr_line' id='line_1_17' title="bbox 189 1281 978 1350; baseline -0.003 -14"><span class='ocrx_word' id='word_1_107' title='bbox 189 1281 365 1350; x_wconf 83' lang='lat' dir='ltr'>iilissingulis</span> <span class='ocrx_word' id='word_1_108' title='bbox 377 1281 714 1336; x_wconf 90' lang='lat' dir='ltr'>contradictoribusobiata</span> <span class='ocrx_word' id='word_1_109' title='bbox 724 1281 832 1336; x_wconf 78' lang='lat' dir='ltr'>fueretur</span> <span class='ocrx_word' id='word_1_110' title='bbox 840 1283 889 1350; x_wconf 91' lang='lat' dir='ltr'>ipsi</span> <span class='ocrx_word' id='word_1_111' title='bbox 897 1281 978 1335; x_wconf 89' lang='lat' dir='ltr'>fran-</span> 
     </span>
     <span class='ocr_line' id='line_1_18' title="bbox 189 1349 979 1419; baseline -0.005 -12"><span class='ocrx_word' id='word_1_112' title='bbox 189 1351 350 1407; x_wconf 86' lang='lat' dir='ltr'>cofordiensi</span> <span class='ocrx_word' id='word_1_113' title='bbox 362 1349 486 1405; x_wconf 91' lang='lat' dir='ltr'>concilio.</span> <span class='ocrx_word' id='word_1_114' title='bbox 500 1350 540 1404; x_wconf 82' lang='lat' dir='ltr'>Ex</span> <span class='ocrx_word' id='word_1_115' title='bbox 552 1351 695 1404; x_wconf 89' lang='lat' dir='ltr'>bisantem</span> <span class='ocrx_word' id='word_1_116' title='bbox 708 1366 767 1405; x_wconf 86' lang='lat' dir='ltr'>esse</span> <span class='ocrx_word' id='word_1_117' title='bbox 778 1351 979 1419; x_wconf 88' lang='lat' dir='ltr'>permotosepi-</span> 
     </span>
     <span class='ocr_line' id='line_1_19' title="bbox 188 1418 980 1490; baseline -0.006 -13"><span class='ocrx_word' id='word_1_118' title='bbox 188 1436 295 1490; x_wconf 87' lang='lat' dir='ltr'>scopos,</span> <span class='ocrx_word' id='word_1_119' title='bbox 311 1430 341 1474; x_wconf 92' lang='grc' dir='ltr'>ιιι</span> <span class='ocrx_word' id='word_1_120' title='bbox 352 1423 510 1474; x_wconf 79' lang='lat' dir='ltr'>damnarent</span> <span class='ocrx_word' id='word_1_121' title='bbox 532 1418 669 1472; x_wconf 74' lang='lat' dir='ltr'>Nicaenum</span> <span class='ocrx_word' id='word_1_122' title='bbox 687 1420 840 1482; x_wconf 89' lang='lat' dir='ltr'>concilium,</span> <span class='ocrx_word' id='word_1_123' title='bbox 856 1436 889 1473; x_wconf 80' lang='lat' dir='ltr'>eu</span> <span class='ocrx_word' id='word_1_124' title='bbox 902 1436 934 1474; x_wconf 86' lang='lat' dir='ltr'>eo</span> <span class='ocrx_word' id='word_1_125' title='bbox 948 1420 980 1472; x_wconf 93' lang='lat' dir='ltr'>li·</span> 
     </span>
     <span class='ocr_line' id='line_1_20' title="bbox 190 1488 980 1560; baseline -0.003 -15"><span class='ocrx_word' id='word_1_126' title='bbox 190 1500 255 1560; x_wconf 84' lang='lat' dir='ltr'>quet</span> <span class='ocrx_word' id='word_1_127' title='bbox 268 1492 339 1558; x_wconf 91' lang='lat' dir='ltr'>quod</span> <span class='ocrx_word' id='word_1_128' title='bbox 352 1505 385 1543; x_wconf 83' lang='lat' dir='ltr'>cx</span> <span class='ocrx_word' id='word_1_129' title='bbox 399 1488 472 1542; x_wconf 90' lang='lat' dir='ltr'>laisis</span> <span class='ocrx_word' id='word_1_130' title='bbox 485 1488 603 1556; x_wconf 89' lang='lat' dir='ltr'>ipsorum</span> <span class='ocrx_word' id='word_1_131' title='bbox 613 1488 807 1543; x_wconf 79' lang='lat' dir='ltr'>assertionibus</span> <span class='ocrx_word' id='word_1_132' title='bbox 819 1489 868 1556; x_wconf 89' lang='lat' dir='ltr'>ipsi</span> <span class='ocrx_word' id='word_1_133' title='bbox 878 1491 980 1557; x_wconf 86' lang='lat' dir='ltr'>pariter</span> 
     </span>
     <span class='ocr_line' id='line_1_21' title="bbox 191 1558 980 1620; baseline -0.001 -6"><span class='ocrx_word' id='word_1_134' title='bbox 191 1559 368 1620; x_wconf 81' lang='lat' dir='ltr'>allii-marum,</span> <span class='ocrx_word' id='word_1_135' title='bbox 388 1558 488 1612; x_wconf 89' lang='lat' dir='ltr'>idcireo</span> <span class='ocrx_word' id='word_1_136' title='bbox 502 1558 681 1611; x_wconf 92' lang='lat' dir='ltr'>damnandum</span> <span class='ocrx_word' id='word_1_137' title='bbox 694 1573 753 1612; x_wconf 88' lang='lat' dir='ltr'>csse</span> <span class='ocrx_word' id='word_1_138' title='bbox 768 1558 904 1613; x_wconf 81' lang='lat' dir='ltr'>Nicenum</span> <span class='ocrx_word' id='word_1_139' title='bbox 919 1575 980 1613; x_wconf 81' lang='lat' dir='ltr'>con</span> 
     </span>
     <span class='ocr_line' id='line_1_22' title="bbox 191 1626 980 1696; baseline -0.006 -10"><span class='ocrx_word' id='word_1_140' title='bbox 191 1629 294 1690; x_wconf 89' lang='lat' dir='ltr'>cilium,</span> <span class='ocrx_word' id='word_1_141' title='bbox 308 1629 378 1696; x_wconf 90' lang='lat' dir='ltr'>quod</span> <span class='ocrx_word' id='word_1_142' title='bbox 392 1626 491 1681; x_wconf 92' lang='lat' dir='ltr'>cultum</span> <span class='ocrx_word' id='word_1_143' title='bbox 505 1627 591 1680; x_wconf 69' lang='lat' dir='ltr'>latrias</span> <span class='ocrx_word' id='word_1_144' title='bbox 604 1628 649 1681; x_wconf 83' lang='grc' dir='ltr'>ιιιιί</span> <span class='ocrx_word' id='word_1_145' title='bbox 661 1628 716 1682; x_wconf 86' lang='lat' dir='ltr'>beo</span> <span class='ocrx_word' id='word_1_146' title='bbox 731 1629 850 1682; x_wconf 91' lang='lat' dir='ltr'>debitum</span> <span class='ocrx_word' id='word_1_147' title='bbox 864 1628 980 1684; x_wconf 90' lang='lat' dir='ltr'>tribuen-</span> 
     </span>
    </p>
   </div>
   <div class='ocr_carea' id='block_1_6' title="bbox 1024 448 1879 1709">
    <p class='ocr_par' dir='ltr' id='par_1_7' title="bbox 1024 448 1817 1477">
     <span class='ocr_line' id='line_1_23' title="bbox 1025 448 1814 510; baseline 0.009 -6"><span class='ocrx_word' id='word_1_148' title='bbox 1025 450 1117 509; x_wconf 82' lang='lat' dir='ltr'>tiacia,</span> <span class='ocrx_word' id='word_1_149' title='bbox 1137 450 1304 503; x_wconf 85' lang='lat' dir='ltr'>conclamata</span> <span class='ocrx_word' id='word_1_150' title='bbox 1328 448 1410 504; x_wconf 91' lang='lat' dir='ltr'>fuerit</span> <span class='ocrx_word' id='word_1_151' title='bbox 1430 450 1458 503; x_wconf 94' lang='lat' dir='ltr'>in</span> <span class='ocrx_word' id='word_1_152' title='bbox 1472 452 1566 505; x_wconf 88' lang='lat' dir='ltr'>eodem</span> <span class='ocrx_word' id='word_1_153' title='bbox 1576 451 1814 510; x_wconf 61' lang='lat' dir='ltr'>francofordiensi</span> 
     </span>
     <span class='ocr_line' id='line_1_24' title="bbox 1024 519 1815 591; baseline 0.005 -17"><span class='ocrx_word' id='word_1_154' title='bbox 1024 519 1138 574; x_wconf 89' lang='lat' dir='ltr'>concillo</span> <span class='ocrx_word' id='word_1_155' title='bbox 1152 520 1289 573; x_wconf 84' lang='lat' dir='ltr'>damnatio</span> <span class='ocrx_word' id='word_1_156' title='bbox 1301 520 1421 587; x_wconf 73' lang='lat' dir='ltr'>septimae</span> <span class='ocrx_word' id='word_1_157' title='bbox 1434 521 1528 588; x_wconf 77' lang='lat' dir='ltr'>synodi</span> <span class='ocrx_word' id='word_1_158' title='bbox 1542 520 1717 591; x_wconf 82' lang='lat' dir='ltr'>ejusdemque</span> <span class='ocrx_word' id='word_1_159' title='bbox 1730 523 1815 578; x_wconf 67' lang='lat' dir='ltr'>Nice·</span> 
     </span>
     <span class='ocr_line' id='line_1_25' title="bbox 1024 588 1815 661; baseline 0.008 -19"><span class='ocrx_word' id='word_1_160' title='bbox 1024 604 1066 642; x_wconf 70' lang='lat' dir='ltr'>nau</span> <span class='ocrx_word' id='word_1_161' title='bbox 1080 588 1218 651; x_wconf 67' lang='lat' dir='ltr'>secundam</span> <span class='ocrx_word' id='word_1_162' title='bbox 1230 590 1354 656; x_wconf 89' lang='lat' dir='ltr'>quodque</span> <span class='ocrx_word' id='word_1_163' title='bbox 1369 588 1439 642; x_wconf 90' lang='lat' dir='ltr'>idem</span> <span class='ocrx_word' id='word_1_164' title='bbox 1454 590 1521 644; x_wconf 89' lang='lat' dir='ltr'>iiber</span> <span class='ocrx_word' id='word_1_165' title='bbox 1533 593 1705 647; x_wconf 81' lang='lat' dir='ltr'>adversarius</span> <span class='ocrx_word' id='word_1_166' title='bbox 1718 593 1815 661; x_wconf 77' lang='lat' dir='ltr'>ubique</span> 
     </span>
     <span class='ocr_line' id='line_1_26' title="bbox 1025 658 1813 731; baseline 0.009 -22"><span class='ocrx_word' id='word_1_167' title='bbox 1025 658 1158 726; x_wconf 84' lang='lat' dir='ltr'>rtrlgatns,</span> <span class='ocrx_word' id='word_1_168' title='bbox 1176 664 1204 711; x_wconf 91' lang='lat' dir='ltr'>et</span> <span class='ocrx_word' id='word_1_169' title='bbox 1216 659 1317 727; x_wconf 88' lang='lat' dir='ltr'>absquo</span> <span class='ocrx_word' id='word_1_170' title='bbox 1337 658 1459 713; x_wconf 80' lang='lat' dir='ltr'>veritatis</span> <span class='ocrx_word' id='word_1_171' title='bbox 1478 660 1648 715; x_wconf 86' lang='lat' dir='ltr'>discussione</span> <span class='ocrx_word' id='word_1_172' title='bbox 1660 671 1813 731; x_wconf 85' lang='lat' dir='ltr'>receptusa</span> 
     </span>
     <span class='ocr_line' id='line_1_27' title="bbox 1025 725 1814 800; baseline 0.005 -19"><span class='ocrx_word' id='word_1_173' title='bbox 1025 727 1207 795; x_wconf 87' lang='lat' dir='ltr'>compluribus</span> <span class='ocrx_word' id='word_1_174' title='bbox 1221 725 1319 790; x_wconf 88' lang='lat' dir='ltr'>fuerit;</span> <span class='ocrx_word' id='word_1_175' title='bbox 1335 728 1491 796; x_wconf 82' lang='lat' dir='ltr'>synodoque</span> <span class='ocrx_word' id='word_1_176' title='bbox 1501 729 1634 790; x_wconf 88' lang='lat' dir='ltr'>absoluta,</span> <span class='ocrx_word' id='word_1_177' title='bbox 1649 745 1730 800; x_wconf 70' lang='lat' dir='ltr'>arque</span> <span class='ocrx_word' id='word_1_178' title='bbox 1741 740 1814 799; x_wconf 83' lang='lat' dir='ltr'>puta·</span> 
     </span>
     <span class='ocr_line' id='line_1_28' title="bbox 1025 797 1811 870; baseline 0.001 -20"><span class='ocrx_word' id='word_1_179' title='bbox 1025 797 1113 850; x_wconf 84' lang='lat' dir='ltr'>verint</span> <span class='ocrx_word' id='word_1_180' title='bbox 1128 797 1154 848; x_wconf 92' lang='lat' dir='ltr'>in</span> <span class='ocrx_word' id='word_1_181' title='bbox 1165 810 1198 849; x_wconf 91' lang='lat' dir='ltr'>eo</span> <span class='ocrx_word' id='word_1_182' title='bbox 1210 803 1324 851; x_wconf 88' lang='lat' dir='ltr'>tractata</span> <span class='ocrx_word' id='word_1_183' title='bbox 1333 797 1522 853; x_wconf 85' lang='lat' dir='ltr'>retractatione</span> <span class='ocrx_word' id='word_1_184' title='bbox 1531 799 1642 853; x_wconf 89' lang='lat' dir='ltr'>minime</span> <span class='ocrx_word' id='word_1_185' title='bbox 1651 800 1811 870; x_wconf 86' lang='lat' dir='ltr'>indiguisse:</span> 
     </span>
     <span class='ocr_line' id='line_1_29' title="bbox 1025 865 1816 936; baseline 0.003 -15"><span class='ocrx_word' id='word_1_186' title='bbox 1025 882 1058 921; x_wconf 81' lang='lat' dir='ltr'>cx</span> <span class='ocrx_word' id='word_1_187' title='bbox 1073 866 1116 919; x_wconf 90' lang='lat' dir='ltr'>bis</span> <span class='ocrx_word' id='word_1_188' title='bbox 1128 866 1225 919; x_wconf 92' lang='lat' dir='ltr'>accidit</span> <span class='ocrx_word' id='word_1_189' title='bbox 1242 873 1273 919; x_wconf 92' lang='lat' dir='ltr'>ut</span> <span class='ocrx_word' id='word_1_190' title='bbox 1284 865 1403 920; x_wconf 92' lang='lat' dir='ltr'>nonnulli</span> <span class='ocrx_word' id='word_1_191' title='bbox 1424 867 1526 936; x_wconf 90' lang='lat' dir='ltr'>absque</span> <span class='ocrx_word' id='word_1_192' title='bbox 1540 867 1630 936; x_wconf 89' lang='lat' dir='ltr'>aliqua</span> <span class='ocrx_word' id='word_1_193' title='bbox 1647 870 1816 924; x_wconf 70' lang='lat' dir='ltr'>baenutiona</span> 
     </span>
     <span class='ocr_line' id='line_1_30' title="bbox 1026 935 1816 1002; baseline 0 -12"><span class='ocrx_word' id='word_1_194' title='bbox 1026 935 1252 1002; x_wconf 79' lang='lat' dir='ltr'>conscripserint,</span> <span class='ocrx_word' id='word_1_195' title='bbox 1278 935 1304 988; x_wconf 93' lang='lat' dir='ltr'>ln</span> <span class='ocrx_word' id='word_1_196' title='bbox 1327 936 1421 989; x_wconf 90' lang='lat' dir='ltr'>eodem</span> <span class='ocrx_word' id='word_1_197' title='bbox 1445 935 1680 993; x_wconf 77' lang='lat' dir='ltr'>fuanooiordiensi</span> <span class='ocrx_word' id='word_1_198' title='bbox 1702 940 1816 994; x_wconf 87' lang='lat' dir='ltr'>concilio</span> 
     </span>
     <span class='ocr_line' id='line_1_31' title="bbox 1027 1004 1817 1075; baseline 0.001 -15"><span class='ocrx_word' id='word_1_199' title='bbox 1027 1007 1180 1060; x_wconf 86' lang='lat' dir='ltr'>damnatam</span> <span class='ocrx_word' id='word_1_200' title='bbox 1191 1004 1272 1058; x_wconf 87' lang='lat' dir='ltr'>luisse</span> <span class='ocrx_word' id='word_1_201' title='bbox 1283 1004 1415 1058; x_wconf 82' lang='lat' dir='ltr'>Nicaenam</span> <span class='ocrx_word' id='word_1_202' title='bbox 1425 1007 1566 1075; x_wconf 83' lang='lat' dir='ltr'>synodum.</span> <span class='ocrx_word' id='word_1_203' title='bbox 1578 1005 1817 1063; x_wconf 87' lang='lat' dir='ltr'>Posterioresrem</span> 
     </span>
     <span class='ocr_line' id='line_1_32' title="bbox 1027 1072 1815 1146; baseline 0.003 -19"><span class='ocrx_word' id='word_1_204' title='bbox 1027 1073 1148 1128; x_wconf 90' lang='lat' dir='ltr'>nonnulii</span> <span class='ocrx_word' id='word_1_205' title='bbox 1162 1072 1187 1127; x_wconf 88' lang='lat' dir='ltr'>id</span> <span class='ocrx_word' id='word_1_206' title='bbox 1201 1088 1234 1127; x_wconf 82' lang='lat' dir='ltr'>cx</span> <span class='ocrx_word' id='word_1_207' title='bbox 1245 1073 1302 1142; x_wconf 76' lang='lat' dir='ltr'>ejus</span> <span class='ocrx_word' id='word_1_208' title='bbox 1315 1074 1398 1138; x_wconf 87' lang='lat' dir='ltr'>actis,</span> <span class='ocrx_word' id='word_1_209' title='bbox 1411 1089 1507 1143; x_wconf 90' lang='lat' dir='ltr'>nempe</span> <span class='ocrx_word' id='word_1_210' title='bbox 1521 1075 1593 1131; x_wconf 85' lang='lat' dir='ltr'>dicto</span> <span class='ocrx_word' id='word_1_211' title='bbox 1615 1077 1758 1146; x_wconf 88' lang='lat' dir='ltr'>capitulari</span> <span class='ocrx_word' id='word_1_212' title='bbox 1770 1092 1815 1129; x_wconf 82' lang='lat' dir='ltr'>ro·</span> 
     </span>
     <span class='ocr_line' id='line_1_33' title="bbox 1028 1141 1816 1215; baseline 0.005 -19"><span class='ocrx_word' id='word_1_213' title='bbox 1028 1144 1138 1204; x_wconf 81' lang='lat' dir='ltr'>lutitiae,</span> <span class='ocrx_word' id='word_1_214' title='bbox 1153 1143 1210 1196; x_wconf 87' lang='lat' dir='ltr'>sire</span> <span class='ocrx_word' id='word_1_215' title='bbox 1222 1159 1254 1197; x_wconf 85' lang='lat' dir='ltr'>ex</span> <span class='ocrx_word' id='word_1_216' title='bbox 1269 1143 1338 1197; x_wconf 87' lang='lat' dir='ltr'>actis</span> <span class='ocrx_word' id='word_1_217' title='bbox 1353 1141 1512 1198; x_wconf 87' lang='lat' dir='ltr'>Parisiensis</span> <span class='ocrx_word' id='word_1_218' title='bbox 1524 1146 1642 1209; x_wconf 89' lang='lat' dir='ltr'>concilii,</span> <span class='ocrx_word' id='word_1_219' title='bbox 1663 1145 1732 1200; x_wconf 81' lang='lat' dir='ltr'>falsa</span> <span class='ocrx_word' id='word_1_220' title='bbox 1748 1149 1816 1215; x_wconf 80' lang='lat' dir='ltr'>ipso</span> 
     </span>
     <span class='ocr_line' id='line_1_34' title="bbox 1029 1213 1817 1284; baseline 0.004 -18"><span class='ocrx_word' id='word_1_221' title='bbox 1029 1228 1087 1266; x_wconf 90' lang='lat' dir='ltr'>rum</span> <span class='ocrx_word' id='word_1_222' title='bbox 1103 1213 1251 1266; x_wconf 88' lang='lat' dir='ltr'>assertione</span> <span class='ocrx_word' id='word_1_223' title='bbox 1264 1213 1376 1280; x_wconf 88' lang='lat' dir='ltr'>decepti,</span> <span class='ocrx_word' id='word_1_224' title='bbox 1387 1221 1512 1280; x_wconf 87' lang='lat' dir='ltr'>putantes</span> <span class='ocrx_word' id='word_1_225' title='bbox 1521 1230 1581 1269; x_wconf 90' lang='lat' dir='ltr'>esse</span> <span class='ocrx_word' id='word_1_226' title='bbox 1591 1229 1653 1269; x_wconf 85' lang='lat' dir='ltr'>tera</span> <span class='ocrx_word' id='word_1_227' title='bbox 1666 1231 1728 1284; x_wconf 73' lang='lat' dir='ltr'>quae</span> <span class='ocrx_word' id='word_1_228' title='bbox 1741 1216 1768 1269; x_wconf 89' lang='lat' dir='ltr'>in</span> <span class='ocrx_word' id='word_1_229' title='bbox 1779 1217 1817 1269; x_wconf 88' lang='lat' dir='ltr'>cis</span> 
     </span>
     <span class='ocr_line' id='line_1_35' title="bbox 1030 1281 1816 1352; baseline 0.005 -18"><span class='ocrx_word' id='word_1_230' title='bbox 1030 1281 1096 1335; x_wconf 88' lang='lat' dir='ltr'>falso</span> <span class='ocrx_word' id='word_1_231' title='bbox 1111 1282 1294 1350; x_wconf 86' lang='lat' dir='ltr'>reperirentur</span> <span class='ocrx_word' id='word_1_232' title='bbox 1314 1291 1435 1335; x_wconf 88' lang='lat' dir='ltr'>asserta:</span> <span class='ocrx_word' id='word_1_233' title='bbox 1459 1284 1560 1352; x_wconf 89' lang='lat' dir='ltr'>absque</span> <span class='ocrx_word' id='word_1_234' title='bbox 1576 1284 1630 1337; x_wconf 88' lang='lat' dir='ltr'>ulla</span> <span class='ocrx_word' id='word_1_235' title='bbox 1649 1285 1816 1339; x_wconf 84' lang='lat' dir='ltr'>dubitatione</span> 
     </span>
     <span class='ocr_line' id='line_1_36' title="bbox 1029 1351 1816 1420; baseline 0.001 -15"><span class='ocrx_word' id='word_1_236' title='bbox 1029 1351 1056 1405; x_wconf 91' lang='lat' dir='ltr'>id</span> <span class='ocrx_word' id='word_1_237' title='bbox 1070 1353 1156 1419; x_wconf 89' lang='lat' dir='ltr'>ipsum</span> <span class='ocrx_word' id='word_1_238' title='bbox 1177 1359 1365 1412; x_wconf 87' lang='lat' dir='ltr'>assernerunt,</span> <span class='ocrx_word' id='word_1_239' title='bbox 1391 1365 1485 1420; x_wconf 87' lang='lat' dir='ltr'>nempe</span> <span class='ocrx_word' id='word_1_240' title='bbox 1506 1353 1757 1409; x_wconf 86' lang='lat' dir='ltr'>condemnationem</span> <span class='ocrx_word' id='word_1_241' title='bbox 1773 1353 1816 1407; x_wconf 84' lang='lat' dir='ltr'>Ni-</span> 
     </span>
     <span class='ocr_line' id='line_1_37' title="bbox 1030 1420 1647 1477; baseline 0.003 -3"><span class='ocrx_word' id='word_1_242' title='bbox 1030 1436 1110 1475; x_wconf 75' lang='lat' dir='ltr'>cunm</span> <span class='ocrx_word' id='word_1_243' title='bbox 1123 1422 1217 1474; x_wconf 85' lang='lat' dir='ltr'>snodi</span> <span class='ocrx_word' id='word_1_244' title='bbox 1232 1421 1258 1474; x_wconf 92' lang='lat' dir='ltr'>in</span> <span class='ocrx_word' id='word_1_245' title='bbox 1273 1420 1504 1475; x_wconf 72' lang='lat' dir='ltr'>francofordiensi</span> <span class='ocrx_word' id='word_1_246' title='bbox 1523 1423 1647 1477; x_wconf 92' lang='lat' dir='ltr'>concilio.</span> 
     </span>
    </p>

    <p class='ocr_par' dir='ltr' id='par_1_8' title="bbox 1031 1490 1879 1709">
     <span class='ocr_line' id='line_1_38' title="bbox 1065 1490 1815 1559; baseline 0.004 -17"><span class='ocrx_word' id='word_1_247' title='bbox 1065 1490 1134 1543; x_wconf 86' lang='lat' dir='ltr'>iiiiii</span> <span class='ocrx_word' id='word_1_248' title='bbox 1150 1530 1157 1542; x_wconf 93' lang='lat'><strong>.</strong></span> <span class='ocrx_word' id='word_1_249' title='bbox 1177 1490 1301 1543; x_wconf 79' lang='lat' dir='ltr'>ductores</span> <span class='ocrx_word' id='word_1_250' title='bbox 1314 1491 1357 1559; x_wconf 86' lang='lat' dir='ltr'>qai</span> <span class='ocrx_word' id='word_1_251' title='bbox 1375 1501 1541 1544; x_wconf 74' lang='lat' dir='ltr'>assenserunt</span> <span class='ocrx_word' id='word_1_252' title='bbox 1557 1491 1712 1545; x_wconf 80' lang='lat' dir='ltr'>demnatum</span> <span class='ocrx_word' id='word_1_253' title='bbox 1728 1490 1815 1545; x_wconf 70' lang='lat' dir='ltr'>Nico·</span> 
     </span>
     <span class='ocr_line' id='line_1_39' title="bbox 1031 1558 1817 1643; baseline 0.001 -31"><span class='ocrx_word' id='word_1_254' title='bbox 1031 1576 1093 1612; x_wconf 85' lang='lat' dir='ltr'>num</span> <span class='ocrx_word' id='word_1_255' title='bbox 1106 1558 1200 1613; x_wconf 82' lang='lat' dir='ltr'>concii.</span> <span class='ocrx_word' id='word_1_256' title='bbox 1211 1561 1239 1612; x_wconf 87' lang='lat' dir='ltr'>in</span> <span class='ocrx_word' id='word_1_257' title='bbox 1250 1560 1348 1628; x_wconf 77' lang='lat' dir='ltr'>synodo</span> <span class='ocrx_word' id='word_1_258' title='bbox 1361 1558 1537 1628; x_wconf 74' lang='lat' dir='ltr'>francofurti.</span> <span class='ocrx_word' id='word_1_259' title='bbox 1549 1590 1584 1600; x_wconf 97' lang='lat'>-</span> <span class='ocrx_word' id='word_1_260' title='bbox 1602 1560 1655 1615; x_wconf 86' lang='lat' dir='ltr'>Sed</span> <span class='ocrx_word' id='word_1_261' title='bbox 1671 1560 1728 1643; x_wconf 82' lang='lat' dir='ltr'>jam</span> <span class='ocrx_word' id='word_1_262' title='bbox 1746 1560 1817 1630; x_wconf 87' lang='lat' dir='ltr'>ipsos</span> 
     </span>
     <span class='ocr_line' id='line_1_40' title="bbox 1031 1629 1879 1709; baseline 0.001 -27"><span class='ocrx_word' id='word_1_263' title='bbox 1031 1629 1150 1698; x_wconf 88' lang='lat' dir='ltr'>singulos</span> <span class='ocrx_word' id='word_1_264' title='bbox 1163 1630 1302 1682; x_wconf 86' lang='lat' dir='ltr'>audiamus</span> <span class='ocrx_word' id='word_1_265' title='bbox 1318 1629 1483 1709; x_wconf 77' lang='lat' dir='ltr'>antiquiores</span> <span class='ocrx_word' id='word_1_266' title='bbox 1494 1637 1617 1684; x_wconf 87' lang='lat' dir='ltr'>auctores</span> <span class='ocrx_word' id='word_1_267' title='bbox 1634 1644 1681 1698; x_wconf 91' lang='lat' dir='ltr'>qm</span> <span class='ocrx_word' id='word_1_268' title='bbox 1695 1636 1817 1685; x_wconf 88' lang='lat' dir='ltr'>asserunt</span> <span class='ocrx_word' id='word_1_269' title='bbox 1874 1658 1879 1667; x_wconf 92' lang='lat'><em>·</em></span> 
     </span>
    </p>
   </div>
   <div class='ocr_carea' id='block_1_7' title="bbox 192 1696 1817 1772">
    <p class='ocr_par' dir='ltr' id='par_1_9' title="bbox 192 1696 1817 1772">
     <span class='ocr_line' id='line_1_41' title="bbox 192 1696 1817 1772; baseline -0.001 -19"><span class='ocrx_word' id='word_1_270' title='bbox 192 1701 255 1754; x_wconf 88' lang='lat' dir='ltr'>dum</span> <span class='ocrx_word' id='word_1_271' title='bbox 265 1713 326 1753; x_wconf 88' lang='lat' dir='ltr'>esse</span> <span class='ocrx_word' id='word_1_272' title='bbox 341 1697 464 1752; x_wconf 88' lang='lat' dir='ltr'>statuerit</span> <span class='ocrx_word' id='word_1_273' title='bbox 485 1696 655 1765; x_wconf 88' lang='lat' dir='ltr'>imaginibus.</span> <span class='ocrx_word' id='word_1_274' title='bbox 684 1697 760 1763; x_wconf 82' lang='lat' dir='ltr'>Quod</span> <span class='ocrx_word' id='word_1_275' title='bbox 771 1697 850 1766; x_wconf 92' lang='lat' dir='ltr'>piane</span> <span class='ocrx_word' id='word_1_276' title='bbox 865 1696 978 1753; x_wconf 88' lang='lat' dir='ltr'>falsissi·</span> <span class='ocrx_word' id='word_1_277' title='bbox 996 1712 1018 1772; x_wconf 78' lang='lat' dir='ltr'>g</span> <span class='ocrx_word' id='word_1_278' title='bbox 1032 1699 1187 1751; x_wconf 88' lang='lat' dir='ltr'>damnatum</span> <span class='ocrx_word' id='word_1_279' title='bbox 1197 1711 1258 1751; x_wconf 88' lang='lat' dir='ltr'>csse</span> <span class='ocrx_word' id='word_1_280' title='bbox 1268 1697 1354 1765; x_wconf 90' lang='lat' dir='ltr'>ipsum</span> <span class='ocrx_word' id='word_1_281' title='bbox 1363 1697 1648 1754; x_wconf 80' lang='lat' dir='ltr'>Ntcaenumconeiiium</span> <span class='ocrx_word' id='word_1_282' title='bbox 1659 1701 1817 1762; x_wconf 88' lang='lat' dir='ltr'>secundum,</span> 
     </span>
    </p>
   </div>
   <div class='ocr_carea' id='block_1_8' title="bbox 192 1764 983 2669">
    <p class='ocr_par' dir='ltr' id='par_1_10' title="bbox 192 1764 785 1822">
     <span class='ocr_line' id='line_1_42' title="bbox 192 1764 785 1822; baseline -0.005 -1"><span class='ocrx_word' id='word_1_283' title='bbox 192 1784 265 1822; x_wconf 88' lang='grc' dir='ltr'>ιιιιιιιι</span> <span class='ocrx_word' id='word_1_284' title='bbox 280 1782 338 1821; x_wconf 85' lang='lat' dir='ltr'>esse</span> <span class='ocrx_word' id='word_1_285' title='bbox 367 1766 427 1820; x_wconf 92' lang='lat' dir='ltr'>auio</span> <span class='ocrx_word' id='word_1_286' title='bbox 442 1764 555 1820; x_wconf 90' lang='lat' dir='ltr'>inferius</span> <span class='ocrx_word' id='word_1_287' title='bbox 573 1765 668 1821; x_wconf 90' lang='lat' dir='ltr'>dicturi</span> <span class='ocrx_word' id='word_1_288' title='bbox 682 1783 785 1821; x_wconf 83' lang='lat' dir='ltr'>sumus.</span> 
     </span>
    </p>

    <p class='ocr_par' dir='ltr' id='par_1_11' title="bbox 192 1781 983 2669">
     <span class='ocr_line' id='line_1_43' title="bbox 227 1781 981 1918; baseline 0.003 -28"><span class='ocrx_word' id='word_1_289' title='bbox 227 1836 297 1890; x_wconf 75' lang='grc' dir='ltr'><strong>ΧΧΙ.</strong></span> <span class='ocrx_word' id='word_1_290' title='bbox 318 1781 454 1889; x_wconf 70' lang='lat' dir='ltr'>bifernoa</span> <span class='ocrx_word' id='word_1_291' title='bbox 467 1835 544 1888; x_wconf 86' lang='lat' dir='ltr'>nnius</span> <span class='ocrx_word' id='word_1_292' title='bbox 557 1837 682 1900; x_wconf 85' lang='lat' dir='ltr'>nrtctort&#39;s,</span> <span class='ocrx_word' id='word_1_293' title='bbox 696 1837 741 1889; x_wconf 78' lang='lat' dir='ltr'>serf</span> <span class='ocrx_word' id='word_1_294' title='bbox 751 1835 981 1918; x_wconf 77' lang='lat' dir='ltr'>plnrirmt‚missur</span> 
     </span>
     <span class='ocr_line' id='line_1_44' title="bbox 192 1904 983 1973; baseline 0.001 -12"><span class='ocrx_word' id='word_1_295' title='bbox 192 1904 315 1961; x_wconf 85' lang='lat' dir='ltr'>aCaroio</span> <span class='ocrx_word' id='word_1_296' title='bbox 338 1905 372 1959; x_wconf 81' lang='lat' dir='ltr'>ud</span> <span class='ocrx_word' id='word_1_297' title='bbox 394 1904 539 1957; x_wconf 81' lang='lat' dir='ltr'>Adrinnrnn</span> <span class='ocrx_word' id='word_1_298' title='bbox 558 1921 591 1973; x_wconf 89' lang='lat' dir='ltr'>pn</span> <span class='ocrx_word' id='word_1_299' title='bbox 610 1923 700 1958; x_wconf 85' lang='grc' dir='ltr'>ιιιιι.-</span> <span class='ocrx_word' id='word_1_300' title='bbox 709 1906 757 1961; x_wconf 85' lang='lat' dir='ltr'>bb</span> <span class='ocrx_word' id='word_1_301' title='bbox 772 1920 836 1958; x_wconf 83' lang='lat' dir='ltr'>tero</span> <span class='ocrx_word' id='word_1_302' title='bbox 854 1910 983 1962; x_wconf 77' lang='lat' dir='ltr'>seruisset</span> 
     </span>
     <span class='ocr_line' id='line_1_45' title="bbox 192 1973 982 2044; baseline 0 -13"><span class='ocrx_word' id='word_1_303' title='bbox 192 1975 304 2031; x_wconf 80' lang='lat' dir='ltr'>Carolus</span> <span class='ocrx_word' id='word_1_304' title='bbox 314 1973 464 2042; x_wconf 89' lang='lat' dir='ltr'>impugnari</span> <span class='ocrx_word' id='word_1_305' title='bbox 474 1973 508 2026; x_wconf 89' lang='lat' dir='ltr'>ab</span> <span class='ocrx_word' id='word_1_306' title='bbox 519 1973 587 2027; x_wconf 53' lang='lat' dir='ltr'>illisi</span> <span class='ocrx_word' id='word_1_307' title='bbox 603 1975 712 2029; x_wconf 74' lang='lat' dir='ltr'>iconam</span> <span class='ocrx_word' id='word_1_308' title='bbox 725 1977 865 2044; x_wconf 76' lang='lat' dir='ltr'>synodum,</span> <span class='ocrx_word' id='word_1_309' title='bbox 875 1976 982 2031; x_wconf 88' lang='lat' dir='ltr'>delendi</span> 
     </span>
     <span class='ocr_line' id='line_1_46' title="bbox 193 2042 979 2112; baseline 0.004 -16"><span class='ocrx_word' id='word_1_310' title='bbox 193 2059 257 2100; x_wconf 83' lang='lat' dir='ltr'>reru</span> <span class='ocrx_word' id='word_1_311' title='bbox 270 2060 285 2097; x_wconf 90' lang='lat' dir='ltr'>a</span> <span class='ocrx_word' id='word_1_312' title='bbox 296 2045 391 2112; x_wconf 87' lang='lat' dir='ltr'>legatis</span> <span class='ocrx_word' id='word_1_313' title='bbox 402 2042 556 2112; x_wconf 82' lang='lat' dir='ltr'>apostolicae</span> <span class='ocrx_word' id='word_1_314' title='bbox 569 2045 656 2106; x_wconf 87' lang='lat' dir='ltr'>sedis,</span> <span class='ocrx_word' id='word_1_315' title='bbox 671 2053 734 2099; x_wconf 90' lang='lat' dir='ltr'>tunc</span> <span class='ocrx_word' id='word_1_316' title='bbox 750 2045 814 2098; x_wconf 87' lang='lat' dir='ltr'>iliud</span> <span class='ocrx_word' id='word_1_317' title='bbox 834 2060 909 2099; x_wconf 89' lang='lat' dir='ltr'>more</span> <span class='ocrx_word' id='word_1_318' title='bbox 922 2061 979 2108; x_wconf 89' lang='lat' dir='ltr'>suo,</span> 
     </span>
     <span class='ocr_line' id='line_1_47' title="bbox 192 2112 982 2182; baseline 0.001 -14"><span class='ocrx_word' id='word_1_319' title='bbox 192 2114 300 2169; x_wconf 83' lang='lat' dir='ltr'>salubre</span> <span class='ocrx_word' id='word_1_320' title='bbox 310 2113 452 2167; x_wconf 78' lang='lat' dir='ltr'>consibum</span> <span class='ocrx_word' id='word_1_321' title='bbox 467 2112 526 2165; x_wconf 84' lang='lat' dir='ltr'>ittiit</span> <span class='ocrx_word' id='word_1_322' title='bbox 558 2120 588 2166; x_wconf 92' lang='grc' dir='ltr'>ιιι</span> <span class='ocrx_word' id='word_1_323' title='bbox 600 2115 727 2168; x_wconf 87' lang='lat' dir='ltr'>collectas</span> <span class='ocrx_word' id='word_1_324' title='bbox 746 2114 772 2167; x_wconf 90' lang='lat' dir='ltr'>in</span> <span class='ocrx_word' id='word_1_325' title='bbox 787 2129 868 2167; x_wconf 91' lang='lat' dir='ltr'>unum</span> <span class='ocrx_word' id='word_1_326' title='bbox 883 2129 982 2182; x_wconf 89' lang='lat' dir='ltr'>propo·</span> 
     </span>
     <span class='ocr_line' id='line_1_48' title="bbox 193 2152 982 2256; baseline 0.001 -18"><span class='ocrx_word' id='word_1_327' title='bbox 193 2184 259 2238; x_wconf 86' lang='lat' dir='ltr'>sitas</span> <span class='ocrx_word' id='word_1_328' title='bbox 273 2183 497 2256; x_wconf 84' lang='lat' dir='ltr'>contradictiones</span> <span class='ocrx_word' id='word_1_329' title='bbox 508 2152 624 2247; x_wconf 75' lang='lat' dir='ltr'>iiforum,</span> <span class='ocrx_word' id='word_1_330' title='bbox 641 2185 747 2237; x_wconf 87' lang='lat' dir='ltr'>easdem</span> <span class='ocrx_word' id='word_1_331' title='bbox 760 2183 935 2251; x_wconf 80' lang='lat' dir='ltr'>perfugarum</span> <span class='ocrx_word' id='word_1_332' title='bbox 948 2185 982 2238; x_wconf 93' lang='lat' dir='ltr'>ad</span> 
     </span>
     <span class='ocr_line' id='line_1_49' title="bbox 194 2251 982 2322; baseline -0.003 -14"><span class='ocrx_word' id='word_1_333' title='bbox 194 2255 245 2308; x_wconf 88' lang='lat' dir='ltr'>boc</span> <span class='ocrx_word' id='word_1_334' title='bbox 256 2268 327 2322; x_wconf 88' lang='lat' dir='ltr'>opus</span> <span class='ocrx_word' id='word_1_335' title='bbox 336 2253 371 2306; x_wconf 91' lang='lat' dir='ltr'>ab</span> <span class='ocrx_word' id='word_1_336' title='bbox 380 2267 413 2306; x_wconf 82' lang='lat' dir='ltr'>co</span> <span class='ocrx_word' id='word_1_337' title='bbox 426 2251 557 2305; x_wconf 74' lang='lat' dir='ltr'>‹ieiemmn</span> <span class='ocrx_word' id='word_1_338' title='bbox 569 2251 752 2320; x_wconf 77' lang='lat' dir='ltr'>,ingilltertum</span> <span class='ocrx_word' id='word_1_339' title='bbox 764 2253 887 2305; x_wconf 78' lang='lat' dir='ltr'>altinatem</span> <span class='ocrx_word' id='word_1_340' title='bbox 899 2252 928 2306; x_wconf 84' lang='lat' dir='ltr'>S.</span> <span class='ocrx_word' id='word_1_341' title='bbox 938 2254 982 2306; x_wconf 89' lang='lat' dir='ltr'>iii-</span> 
     </span>
     <span class='ocr_line' id='line_1_50' title="bbox 194 2320 981 2390; baseline -0.003 -13"><span class='ocrx_word' id='word_1_342' title='bbox 194 2323 261 2377; x_wconf 81' lang='lat' dir='ltr'>carii</span> <span class='ocrx_word' id='word_1_343' title='bbox 294 2323 413 2376; x_wconf 89' lang='lat' dir='ltr'>mitteret</span> <span class='ocrx_word' id='word_1_344' title='bbox 436 2320 549 2374; x_wconf 83' lang='lat' dir='ltr'>Rotttam</span> <span class='ocrx_word' id='word_1_345' title='bbox 582 2323 615 2375; x_wconf 86' lang='lat' dir='ltr'>ad</span> <span class='ocrx_word' id='word_1_346' title='bbox 639 2323 786 2376; x_wconf 70' lang='lat' dir='ltr'>adrianum</span> <span class='ocrx_word' id='word_1_347' title='bbox 816 2322 981 2390; x_wconf 82' lang='lat' dir='ltr'>pontificem.</span> 
     </span>
     <span class='ocr_line' id='line_1_51' title="bbox 194 2391 982 2472; baseline -0.001 -25"><span class='ocrx_word' id='word_1_348' title='bbox 194 2393 270 2459; x_wconf 81' lang='lat' dir='ltr'>Quod</span> <span class='ocrx_word' id='word_1_349' title='bbox 284 2408 346 2446; x_wconf 85' lang='lat' dir='ltr'>cum</span> <span class='ocrx_word' id='word_1_350' title='bbox 369 2391 460 2459; x_wconf 86' lang='lat' dir='ltr'>pltrrcs</span> <span class='ocrx_word' id='word_1_351' title='bbox 480 2399 627 2453; x_wconf 89' lang='lat' dir='ltr'>testentur,</span> <span class='ocrx_word' id='word_1_352' title='bbox 650 2393 792 2460; x_wconf 80' lang='lat' dir='ltr'>profitetur</span> <span class='ocrx_word' id='word_1_353' title='bbox 811 2392 926 2472; x_wconf 83' lang='lat' dir='ltr'>idipsum</span> <span class='ocrx_word' id='word_1_354' title='bbox 946 2393 982 2446; x_wconf 80' lang='lat' dir='ltr'>d-</span> 
     </span>
     <span class='ocr_line' id='line_1_52' title="bbox 194 2460 983 2529; baseline 0.003 -13"><span class='ocrx_word' id='word_1_355' title='bbox 194 2463 304 2516; x_wconf 90' lang='lat' dir='ltr'>driatms</span> <span class='ocrx_word' id='word_1_356' title='bbox 317 2463 344 2515; x_wconf 94' lang='lat' dir='ltr'>in</span> <span class='ocrx_word' id='word_1_357' title='bbox 358 2476 373 2513; x_wconf 88' lang='lat' dir='ltr'>e</span> <span class='ocrx_word' id='word_1_358' title='bbox 394 2460 470 2513; x_wconf 92' lang='lat' dir='ltr'>&#39;stola</span> <span class='ocrx_word' id='word_1_359' title='bbox 481 2461 514 2513; x_wconf 93' lang='lat' dir='ltr'>ad</span> <span class='ocrx_word' id='word_1_360' title='bbox 527 2460 652 2514; x_wconf 85' lang='lat' dir='ltr'>Carnium</span> <span class='ocrx_word' id='word_1_361' title='bbox 666 2464 755 2524; x_wconf 89' lang='lat' dir='ltr'>missa,</span> <span class='ocrx_word' id='word_1_362' title='bbox 772 2462 799 2515; x_wconf 91' lang='lat' dir='ltr'>in</span> <span class='ocrx_word' id='word_1_363' title='bbox 812 2477 889 2529; x_wconf 69' lang='lat' dir='ltr'>cujus</span> <span class='ocrx_word' id='word_1_364' title='bbox 898 2461 983 2518; x_wconf 89' lang='lat' dir='ltr'>ferme</span> 
     </span>
     <span class='ocr_line' id='line_1_53' title="bbox 194 2476 982 2599; baseline 0.001 -15"><span class='ocrx_word' id='word_1_365' title='bbox 194 2532 305 2586; x_wconf 79' lang='lat' dir='ltr'>exordio</span> <span class='ocrx_word' id='word_1_366' title='bbox 319 2531 368 2584; x_wconf 87' lang='lat' dir='ltr'>ista</span> <span class='ocrx_word' id='word_1_367' title='bbox 374 2476 505 2599; x_wconf 64' lang='lat' dir='ltr'>¹ffguntnr</span> <span class='ocrx_word' id='word_1_368' title='bbox 519 2547 527 2581; x_wconf 81' lang='grc' dir='ltr'><strong><em>ε</em></strong></span> <span class='ocrx_word' id='word_1_369' title='bbox 545 2549 553 2579; x_wconf 91' lang='grc' dir='ltr'>ι</span> <span class='ocrx_word' id='word_1_370' title='bbox 569 2530 701 2585; x_wconf 71' lang='lat' dir='ltr'>Prmterea</span> <span class='ocrx_word' id='word_1_371' title='bbox 721 2532 852 2584; x_wconf 87' lang='lat' dir='ltr'>directum</span> <span class='ocrx_word' id='word_1_372' title='bbox 865 2546 881 2584; x_wconf 91' lang='lat' dir='ltr'>a</span> <span class='ocrx_word' id='word_1_373' title='bbox 892 2540 982 2585; x_wconf 79' lang='lat' dir='ltr'>uestra</span> 
     </span>
     <span class='ocr_line' id='line_1_54' title="bbox 194 2599 983 2669; baseline 0 -13"><span class='ocrx_word' id='word_1_374' title='bbox 194 2600 402 2656; x_wconf 87' lang='lat' dir='ltr'>cienrentissima</span> <span class='ocrx_word' id='word_1_375' title='bbox 423 2599 550 2667; x_wconf 66' lang='lat' dir='ltr'>praecelsi</span> <span class='ocrx_word' id='word_1_376' title='bbox 575 2600 657 2669; x_wconf 90' lang='lat' dir='ltr'>regali</span> <span class='ocrx_word' id='word_1_377' title='bbox 674 2601 792 2669; x_wconf 87' lang='lat' dir='ltr'>potentia</span> <span class='ocrx_word' id='word_1_378' title='bbox 816 2601 983 2669; x_wconf 84' lang='lat' dir='ltr'>suscepimus</span> 
     </span>
    </p>
   </div>
   <div class='ocr_carea' id='block_1_9' title="bbox 195 2669 982 2740">
    <p class='ocr_par' dir='ltr' id='par_1_12' title="bbox 195 2669 982 2740">
     <span class='ocr_line' id='line_1_55' title="bbox 195 2669 982 2740; baseline -0.003 -16"><span class='ocrx_word' id='word_1_379' title='bbox 195 2670 301 2726; x_wconf 88' lang='lat' dir='ltr'>fidelem</span> <span class='ocrx_word' id='word_1_380' title='bbox 316 2669 474 2723; x_wconf 77' lang='lat' dir='ltr'>familiarem</span> <span class='ocrx_word' id='word_1_381' title='bbox 487 2677 622 2733; x_wconf 81' lang='lat' dir='ltr'>testmm,</span> <span class='ocrx_word' id='word_1_382' title='bbox 648 2671 772 2725; x_wconf 76' lang='lat' dir='ltr'>videficet</span> <span class='ocrx_word' id='word_1_383' title='bbox 792 2671 982 2740; x_wconf 84' lang='lat' dir='ltr'>Eugeibertum</span> 
     </span>
    </p>
   </div>
   <div class='ocr_carea' id='block_1_10' title="bbox 1032 1767 1820 2682">
    <p class='ocr_par' dir='ltr' id='par_1_13' title="bbox 1032 1767 1820 2682">
     <span class='ocr_line' id='line_1_56' title="bbox 1033 1767 1816 1838; baseline 0.001 -17"><span class='ocrx_word' id='word_1_384' title='bbox 1033 1768 1174 1834; x_wconf 85' lang='lat' dir='ltr'>septimam</span> <span class='ocrx_word' id='word_1_385' title='bbox 1192 1768 1322 1836; x_wconf 79' lang='lat' dir='ltr'>synodum</span> <span class='ocrx_word' id='word_1_386' title='bbox 1340 1767 1532 1822; x_wconf 86' lang='lat' dir='ltr'>oecumcnicam</span> <span class='ocrx_word' id='word_1_387' title='bbox 1549 1769 1658 1833; x_wconf 75' lang='lat' dir='ltr'>dietam</span> <span class='ocrx_word' id='word_1_388' title='bbox 1673 1784 1723 1838; x_wconf 89' lang='lat' dir='ltr'>per</span> <span class='ocrx_word' id='word_1_389' title='bbox 1738 1768 1816 1822; x_wconf 71' lang='lat' dir='ltr'>Fran</span> 
     </span>
     <span class='ocr_line' id='line_1_57' title="bbox 1032 1835 1817 1907; baseline 0 -16"><span class='ocrx_word' id='word_1_390' title='bbox 1032 1836 1199 1891; x_wconf 88' lang='lat' dir='ltr'>eolordicnse</span> <span class='ocrx_word' id='word_1_391' title='bbox 1209 1835 1361 1901; x_wconf 83' lang='lat' dir='ltr'>concilium,</span> <span class='ocrx_word' id='word_1_392' title='bbox 1387 1851 1533 1906; x_wconf 89' lang='lat' dir='ltr'>eorumque</span> <span class='ocrx_word' id='word_1_393' title='bbox 1544 1838 1648 1907; x_wconf 88' lang='lat' dir='ltr'>singula</span> <span class='ocrx_word' id='word_1_394' title='bbox 1660 1839 1743 1894; x_wconf 85' lang='lat' dir='ltr'>rerba</span> <span class='ocrx_word' id='word_1_395' title='bbox 1761 1839 1817 1892; x_wconf 87' lang='lat' dir='ltr'>red·</span> 
     </span>
     <span class='ocr_line' id='line_1_58' title="bbox 1032 1907 1817 1976; baseline -0.001 -16"><span class='ocrx_word' id='word_1_396' title='bbox 1032 1907 1136 1970; x_wconf 86' lang='lat' dir='ltr'>damus,</span> <span class='ocrx_word' id='word_1_397' title='bbox 1152 1921 1206 1975; x_wconf 89' lang='lat' dir='ltr'>quo</span> <span class='ocrx_word' id='word_1_398' title='bbox 1227 1907 1341 1960; x_wconf 88' lang='lat' dir='ltr'>intanta</span> <span class='ocrx_word' id='word_1_399' title='bbox 1356 1907 1560 1961; x_wconf 78' lang='lat' dir='ltr'>controuersiai</span> <span class='ocrx_word' id='word_1_400' title='bbox 1579 1923 1608 1961; x_wconf 89' lang='lat' dir='ltr'>sa</span> <span class='ocrx_word' id='word_1_401' title='bbox 1629 1907 1732 1962; x_wconf 88' lang='lat' dir='ltr'>t·eritas</span> <span class='ocrx_word' id='word_1_402' title='bbox 1743 1922 1817 1976; x_wconf 91' lang='lat' dir='ltr'>aper-</span> 
     </span>
     <span class='ocr_line' id='line_1_59' title="bbox 1032 1921 1817 2048; baseline 0.001 -20"><span class='ocrx_word' id='word_1_403' title='bbox 1032 1977 1086 2030; x_wconf 90' lang='lat' dir='ltr'>tius</span> <span class='ocrx_word' id='word_1_404' title='bbox 1098 1976 1241 2040; x_wconf 88' lang='lat' dir='ltr'>elucescat,</span> <span class='ocrx_word' id='word_1_405' title='bbox 1267 1990 1326 2043; x_wconf 78' lang='lat' dir='ltr'>quae</span> <span class='ocrx_word' id='word_1_406' title='bbox 1338 1975 1535 2030; x_wconf 77' lang='lat' dir='ltr'>aduersantium</span> <span class='ocrx_word' id='word_1_407' title='bbox 1553 1921 1636 2031; x_wconf 66' lang='lat' dir='ltr'>fonsa</span> <span class='ocrx_word' id='word_1_408' title='bbox 1650 1977 1817 2048; x_wconf 67' lang='lat' dir='ltr'>caliginans</span> 
     </span>
     <span class='ocr_line' id='line_1_60' title="bbox 1032 2046 1818 2114; baseline 0.001 -16"><span class='ocrx_word' id='word_1_409' title='bbox 1032 2054 1169 2114; x_wconf 86' lang='lat' dir='ltr'>appareat,</span> <span class='ocrx_word' id='word_1_410' title='bbox 1181 2047 1349 2100; x_wconf 86' lang='lat' dir='ltr'>obscuratur.</span> <span class='ocrx_word' id='word_1_411' title='bbox 1370 2046 1587 2100; x_wconf 68' lang='lat' dir='ltr'>vetustissimum</span> <span class='ocrx_word' id='word_1_412' title='bbox 1607 2046 1729 2101; x_wconf 90' lang='lat' dir='ltr'>omnium</span> <span class='ocrx_word' id='word_1_413' title='bbox 1741 2046 1818 2100; x_wconf 85' lang='lat' dir='ltr'>chro-</span> 
     </span>
     <span class='ocr_line' id='line_1_61' title="bbox 1032 2114 1816 2183; baseline -0.001 -15"><span class='ocrx_word' id='word_1_414' title='bbox 1032 2117 1111 2168; x_wconf 86' lang='lat' dir='ltr'>nicon</span> <span class='ocrx_word' id='word_1_415' title='bbox 1133 2116 1272 2170; x_wconf 81' lang='lat' dir='ltr'>bacaetate</span> <span class='ocrx_word' id='word_1_416' title='bbox 1286 2115 1466 2182; x_wconf 77' lang='lat' dir='ltr'>manscriptum</span> <span class='ocrx_word' id='word_1_417' title='bbox 1483 2115 1533 2169; x_wconf 90' lang='lat' dir='ltr'>sub</span> <span class='ocrx_word' id='word_1_418' title='bbox 1548 2114 1687 2171; x_wconf 87' lang='lat' dir='ltr'>Ludovico</span> <span class='ocrx_word' id='word_1_419' title='bbox 1710 2116 1816 2183; x_wconf 65' lang='lat' dir='ltr'>imper„</span> 
     </span>
     <span class='ocr_line' id='line_1_62' title="bbox 1032 2182 1817 2251; baseline 0.003 -15"><span class='ocrx_word' id='word_1_420' title='bbox 1032 2184 1120 2238; x_wconf 82' lang='lat' dir='ltr'>Caroli</span> <span class='ocrx_word' id='word_1_421' title='bbox 1144 2184 1199 2238; x_wconf 89' lang='lat' dir='ltr'>lilio</span> <span class='ocrx_word' id='word_1_422' title='bbox 1219 2185 1245 2237; x_wconf 92' lang='lat' dir='ltr'>in</span> <span class='ocrx_word' id='word_1_423' title='bbox 1262 2182 1356 2251; x_wconf 90' lang='lat' dir='ltr'>primis</span> <span class='ocrx_word' id='word_1_424' title='bbox 1370 2184 1427 2238; x_wconf 68' lang='lat' dir='ltr'>itate</span> <span class='ocrx_word' id='word_1_425' title='bbox 1444 2183 1539 2245; x_wconf 88' lang='lat' dir='ltr'>babet,</span> <span class='ocrx_word' id='word_1_426' title='bbox 1553 2185 1627 2239; x_wconf 91' lang='lat' dir='ltr'>ubia</span> <span class='ocrx_word' id='word_1_427' title='bbox 1647 2185 1668 2237; x_wconf 87' lang='lat' dir='ltr'>&#39;t</span> <span class='ocrx_word' id='word_1_428' title='bbox 1683 2184 1817 2239; x_wconf 82' lang='lat' dir='ltr'>decedent</span> 
     </span>
     <span class='ocr_line' id='line_1_63' title="bbox 1032 2202 1819 2322; baseline 0.001 -17"><span class='ocrx_word' id='word_1_429' title='bbox 1032 2252 1264 2308; x_wconf 81' lang='lat' dir='ltr'>Francofordiensi</span> <span class='ocrx_word' id='word_1_430' title='bbox 1293 2252 1407 2307; x_wconf 91' lang='lat' dir='ltr'>concilio</span> <span class='ocrx_word' id='word_1_431' title='bbox 1425 2253 1476 2307; x_wconf 90' lang='lat' dir='ltr'>hoe</span> <span class='ocrx_word' id='word_1_432' title='bbox 1502 2267 1572 2307; x_wconf 89' lang='lat' dir='ltr'>anuo</span> <span class='ocrx_word' id='word_1_433' title='bbox 1593 2202 1705 2317; x_wconf 66' lang='lat' dir='ltr'>baffto,</span> <span class='ocrx_word' id='word_1_434' title='bbox 1735 2255 1819 2322; x_wconf 86' lang='lat' dir='ltr'>deque</span> 
     </span>
     <span class='ocr_line' id='line_1_64' title="bbox 1032 2321 1817 2393; baseline 0 -18"><span class='ocrx_word' id='word_1_435' title='bbox 1032 2323 1157 2379; x_wconf 88' lang='lat' dir='ltr'>damnata</span> <span class='ocrx_word' id='word_1_436' title='bbox 1172 2323 1199 2376; x_wconf 88' lang='lat' dir='ltr'>iu</span> <span class='ocrx_word' id='word_1_437' title='bbox 1213 2337 1261 2386; x_wconf 93' lang='lat' dir='ltr'>eo,</span> <span class='ocrx_word' id='word_1_438' title='bbox 1274 2331 1305 2375; x_wconf 92' lang='lat' dir='ltr'>ut</span> <span class='ocrx_word' id='word_1_439' title='bbox 1316 2322 1363 2385; x_wconf 88' lang='lat' dir='ltr'>ait,</span> <span class='ocrx_word' id='word_1_440' title='bbox 1377 2322 1471 2377; x_wconf 80' lang='lat' dir='ltr'>haeresi</span> <span class='ocrx_word' id='word_1_441' title='bbox 1486 2321 1619 2377; x_wconf 88' lang='lat' dir='ltr'>feliciana</span> <span class='ocrx_word' id='word_1_442' title='bbox 1633 2341 1639 2375; x_wconf 94' lang='lat'>:</span> <span class='ocrx_word' id='word_1_443' title='bbox 1658 2353 1667 2372; x_wconf 82' lang='grc'>.</span> <span class='ocrx_word' id='word_1_444' title='bbox 1685 2322 1817 2393; x_wconf 72' lang='lat' dir='ltr'>synodus,</span> 
     </span>
     <span class='ocr_line' id='line_1_65' title="bbox 1033 2391 1818 2460; baseline 0.003 -16"><span class='ocrx_word' id='word_1_445' title='bbox 1033 2391 1129 2460; x_wconf 89' lang='lat' dir='ltr'>inquit,</span> <span class='ocrx_word' id='word_1_446' title='bbox 1145 2392 1226 2445; x_wconf 87' lang='lat' dir='ltr'>etiam</span> <span class='ocrx_word' id='word_1_447' title='bbox 1247 2406 1307 2460; x_wconf 83' lang='lat' dir='ltr'>quae</span> <span class='ocrx_word' id='word_1_448' title='bbox 1320 2398 1381 2445; x_wconf 87' lang='lat' dir='ltr'>ante</span> <span class='ocrx_word' id='word_1_449' title='bbox 1403 2406 1503 2460; x_wconf 87' lang='lat' dir='ltr'>paucos</span> <span class='ocrx_word' id='word_1_450' title='bbox 1524 2407 1609 2448; x_wconf 89' lang='lat' dir='ltr'>annos</span> <span class='ocrx_word' id='word_1_451' title='bbox 1627 2391 1818 2447; x_wconf 85' lang='lat' dir='ltr'>Constantino-</span> 
     </span>
     <span class='ocr_line' id='line_1_66' title="bbox 1032 2458 1818 2530; baseline -0.003 -15"><span class='ocrx_word' id='word_1_452' title='bbox 1032 2462 1085 2530; x_wconf 88' lang='lat' dir='ltr'>poit</span> <span class='ocrx_word' id='word_1_453' title='bbox 1098 2463 1149 2516; x_wconf 90' lang='lat' dir='ltr'>sub</span> <span class='ocrx_word' id='word_1_454' title='bbox 1162 2463 1237 2515; x_wconf 91' lang='lat' dir='ltr'>irene</span> <span class='ocrx_word' id='word_1_455' title='bbox 1249 2468 1276 2513; x_wconf 88' lang='lat' dir='ltr'>et</span> <span class='ocrx_word' id='word_1_456' title='bbox 1286 2460 1461 2515; x_wconf 83' lang='lat' dir='ltr'>Constantino</span> <span class='ocrx_word' id='word_1_457' title='bbox 1471 2461 1526 2516; x_wconf 91' lang='lat' dir='ltr'>illio</span> <span class='ocrx_word' id='word_1_458' title='bbox 1538 2458 1596 2528; x_wconf 83' lang='lat' dir='ltr'>ejus</span> <span class='ocrx_word' id='word_1_459' title='bbox 1606 2469 1780 2530; x_wconf 85' lang='lat' dir='ltr'>congregata,</span> <span class='ocrx_word' id='word_1_460' title='bbox 1794 2469 1818 2513; x_wconf 85' lang='lat' dir='ltr'>et</span> 
     </span>
     <span class='ocr_line' id='line_1_67' title="bbox 1032 2530 1820 2601; baseline 0.004 -17"><span class='ocrx_word' id='word_1_461' title='bbox 1032 2533 1067 2586; x_wconf 93' lang='lat' dir='ltr'>ab</span> <span class='ocrx_word' id='word_1_462' title='bbox 1082 2532 1147 2601; x_wconf 87' lang='lat' dir='ltr'>ipsis</span> <span class='ocrx_word' id='word_1_463' title='bbox 1158 2546 1212 2585; x_wconf 93' lang='lat' dir='ltr'>non</span> <span class='ocrx_word' id='word_1_464' title='bbox 1227 2531 1312 2585; x_wconf 90' lang='lat' dir='ltr'>solum</span> <span class='ocrx_word' id='word_1_465' title='bbox 1325 2531 1445 2598; x_wconf 89' lang='lat' dir='ltr'>septima,</span> <span class='ocrx_word' id='word_1_466' title='bbox 1462 2532 1647 2586; x_wconf 76' lang='lat' dir='ltr'>verumetiam</span> <span class='ocrx_word' id='word_1_467' title='bbox 1660 2530 1820 2587; x_wconf 80' lang='lat' dir='ltr'>uniuersalis</span> 
     </span>
     <span class='ocr_line' id='line_1_68' title="bbox 1033 2600 1819 2682; baseline -0.003 -27"><span class='ocrx_word' id='word_1_468' title='bbox 1033 2610 1091 2655; x_wconf 91' lang='lat' dir='ltr'>erat</span> <span class='ocrx_word' id='word_1_469' title='bbox 1104 2600 1233 2682; x_wconf 86' lang='lat' dir='ltr'>appellata</span> <span class='ocrx_word' id='word_1_470' title='bbox 1249 2618 1256 2653; x_wconf 81' lang='lat' dir='ltr'>z</span> <span class='ocrx_word' id='word_1_471' title='bbox 1276 2607 1305 2653; x_wconf 92' lang='lat' dir='ltr'>ut</span> <span class='ocrx_word' id='word_1_472' title='bbox 1315 2615 1365 2654; x_wconf 92' lang='lat' dir='ltr'>nec</span> <span class='ocrx_word' id='word_1_473' title='bbox 1378 2602 1490 2669; x_wconf 90' lang='lat' dir='ltr'>septima</span> <span class='ocrx_word' id='word_1_474' title='bbox 1505 2616 1554 2654; x_wconf 92' lang='lat' dir='ltr'>nee</span> <span class='ocrx_word' id='word_1_475' title='bbox 1565 2601 1727 2656; x_wconf 81' lang='lat' dir='ltr'>uniuersalis</span> <span class='ocrx_word' id='word_1_476' title='bbox 1741 2600 1819 2653; x_wconf 82' lang='lat' dir='ltr'>habe</span> 
     </span>
    </p>
   </div>
   <div class='ocr_carea' id='block_1_11' title="bbox 1034 2669 1820 2738">
    <p class='ocr_par' dir='ltr' id='par_1_14' title="bbox 1034 2669 1820 2738">
     <span class='ocr_line' id='line_1_69' title="bbox 1034 2669 1820 2738; baseline -0.005 -14"><span class='ocrx_word' id='word_1_477' title='bbox 1034 2677 1107 2724; x_wconf 90' lang='lat' dir='ltr'>retur</span> <span class='ocrx_word' id='word_1_478' title='bbox 1119 2672 1295 2734; x_wconf 75' lang='lat' dir='ltr'>dicereturve,</span> <span class='ocrx_word' id='word_1_479' title='bbox 1307 2670 1383 2738; x_wconf 88' lang='lat' dir='ltr'>quasi</span> <span class='ocrx_word' id='word_1_480' title='bbox 1394 2685 1557 2738; x_wconf 78' lang='lat' dir='ltr'>supervacua</span> <span class='ocrx_word' id='word_1_481' title='bbox 1568 2671 1679 2725; x_wconf 90' lang='lat' dir='ltr'>omnino</span> <span class='ocrx_word' id='word_1_482' title='bbox 1693 2671 1726 2725; x_wconf 87' lang='lat' dir='ltr'>ab</span> <span class='ocrx_word' id='word_1_483' title='bbox 1737 2669 1820 2723; x_wconf 80' lang='lat' dir='ltr'>omiti·</span> 
     </span>
    </p>
   </div>
   <div class='ocr_carea' id='block_1_12' title="bbox 194 2737 1819 3014">
    <p class='ocr_par' dir='ltr' id='par_1_15' title="bbox 194 2737 1819 3014">
     <span class='ocr_line' id='line_1_70' title="bbox 196 2737 1819 2813; baseline -0.001 -21"><span class='ocrx_word' id='word_1_484' title='bbox 196 2737 405 2813; x_wconf 79' lang='lat' dir='ltr'>[ingilbertum]</span> <span class='ocrx_word' id='word_1_485' title='bbox 433 2739 567 2804; x_wconf 83' lang='lat' dir='ltr'>abbatem,</span> <span class='ocrx_word' id='word_1_486' title='bbox 581 2739 774 2793; x_wconf 90' lang='lat' dir='ltr'>etministrum</span> <span class='ocrx_word' id='word_1_487' title='bbox 802 2739 920 2807; x_wconf 65' lang='lat' dir='ltr'>carrelias,</span> <span class='ocrx_word' id='word_1_488' title='bbox 937 2739 983 2806; x_wconf 91' lang='lat' dir='ltr'>qui</span> <span class='ocrx_word' id='word_1_489' title='bbox 1032 2740 1082 2794; x_wconf 91' lang='lat' dir='ltr'>bns</span> <span class='ocrx_word' id='word_1_490' title='bbox 1094 2741 1216 2794; x_wconf 85' lang='lat' dir='ltr'>abdicata</span> <span class='ocrx_word' id='word_1_491' title='bbox 1227 2746 1303 2794; x_wconf 78' lang='lat' dir='ltr'>est.»</span> <span class='ocrx_word' id='word_1_492' title='bbox 1329 2738 1392 2794; x_wconf 89' lang='lat' dir='ltr'>iiaec</span> <span class='ocrx_word' id='word_1_493' title='bbox 1405 2739 1452 2793; x_wconf 91' lang='lat' dir='ltr'>ibi.</span> <span class='ocrx_word' id='word_1_494' title='bbox 1476 2739 1576 2794; x_wconf 84' lang='lat' dir='ltr'>Eadem</span> <span class='ocrx_word' id='word_1_495' title='bbox 1597 2740 1709 2795; x_wconf 89' lang='lat' dir='ltr'>totidem</span> <span class='ocrx_word' id='word_1_496' title='bbox 1733 2738 1819 2792; x_wconf 77' lang='lat' dir='ltr'>verbis</span> 
     </span>
     <span class='ocr_line' id='line_1_71' title="bbox 194 2806 1819 2879; baseline -0.002 -16"><span class='ocrx_word' id='word_1_497' title='bbox 194 2824 264 2879; x_wconf 88' lang='lat' dir='ltr'>pene</span> <span class='ocrx_word' id='word_1_498' title='bbox 275 2810 310 2863; x_wconf 90' lang='lat' dir='ltr'>ab</span> <span class='ocrx_word' id='word_1_499' title='bbox 321 2809 387 2878; x_wconf 86' lang='lat' dir='ltr'>ipsis</span> <span class='ocrx_word' id='word_1_500' title='bbox 410 2806 530 2863; x_wconf 76' lang='lat' dir='ltr'>infantie</span> <span class='ocrx_word' id='word_1_501' title='bbox 552 2809 712 2863; x_wconf 87' lang='lat' dir='ltr'>rudimentis</span> <span class='ocrx_word' id='word_1_502' title='bbox 728 2809 755 2863; x_wconf 92' lang='lat' dir='ltr'>in</span> <span class='ocrx_word' id='word_1_503' title='bbox 776 2809 876 2877; x_wconf 90' lang='lat' dir='ltr'>palatio</span> <span class='ocrx_word' id='word_1_504' title='bbox 893 2816 983 2862; x_wconf 85' lang='lat' dir='ltr'>restro</span> <span class='ocrx_word' id='word_1_505' title='bbox 1033 2809 1103 2876; x_wconf 89' lang='lat' dir='ltr'>apud</span> <span class='ocrx_word' id='word_1_506' title='bbox 1120 2807 1273 2862; x_wconf 70' lang='lat' dir='ltr'>aimoinum</span> <span class='ocrx_word' id='word_1_507' title='bbox 1295 2808 1427 2877; x_wconf 89' lang='lat' dir='ltr'>descripta</span> <span class='ocrx_word' id='word_1_508' title='bbox 1446 2808 1578 2878; x_wconf 86' lang='lat' dir='ltr'>leguntur.</span> <span class='ocrx_word' id='word_1_509' title='bbox 1601 2809 1755 2864; x_wconf 76' lang='lat' dir='ltr'>chronicon</span> <span class='ocrx_word' id='word_1_510' title='bbox 1777 2807 1819 2860; x_wconf 93' lang='lat' dir='ltr'>iti-</span> 
     </span>
     <span class='ocr_line' id='line_1_72' title="bbox 194 2877 1819 2946; baseline -0.003 -12"><span class='ocrx_word' id='word_1_511' title='bbox 194 2879 332 2934; x_wconf 89' lang='lat' dir='ltr'>enntritus</span> <span class='ocrx_word' id='word_1_512' title='bbox 345 2885 397 2943; x_wconf 90' lang='lat' dir='ltr'>est,</span> <span class='ocrx_word' id='word_1_513' title='bbox 405 2886 433 2932; x_wconf 88' lang='lat' dir='ltr'>et</span> <span class='ocrx_word' id='word_1_514' title='bbox 443 2879 470 2931; x_wconf 92' lang='lat' dir='ltr'>in</span> <span class='ocrx_word' id='word_1_515' title='bbox 480 2879 606 2933; x_wconf 92' lang='lat' dir='ltr'>omnibus</span> <span class='ocrx_word' id='word_1_516' title='bbox 615 2879 734 2932; x_wconf 90' lang='lat' dir='ltr'>consiliis</span> <span class='ocrx_word' id='word_1_517' title='bbox 743 2878 841 2932; x_wconf 85' lang='lat' dir='ltr'>restris</span> <span class='ocrx_word' id='word_1_518' title='bbox 848 2887 982 2946; x_wconf 88' lang='lat' dir='ltr'>receptus,</span> <span class='ocrx_word' id='word_1_519' title='bbox 1034 2878 1095 2932; x_wconf 92' lang='lat' dir='ltr'>dem</span> <span class='ocrx_word' id='word_1_520' title='bbox 1107 2879 1200 2932; x_wconf 90' lang='lat' dir='ltr'>eodem</span> <span class='ocrx_word' id='word_1_521' title='bbox 1215 2886 1335 2946; x_wconf 91' lang='lat' dir='ltr'>tempore</span> <span class='ocrx_word' id='word_1_522' title='bbox 1348 2878 1491 2946; x_wconf 89' lang='lat' dir='ltr'>scriptum,</span> <span class='ocrx_word' id='word_1_523' title='bbox 1509 2893 1523 2930; x_wconf 88' lang='lat' dir='ltr'>a</span> <span class='ocrx_word' id='word_1_524' title='bbox 1536 2877 1642 2933; x_wconf 84' lang='lat' dir='ltr'>Pitboeo</span> <span class='ocrx_word' id='word_1_525' title='bbox 1665 2893 1701 2931; x_wconf 93' lang='lat' dir='ltr'>nu</span> <span class='ocrx_word' id='word_1_526' title='bbox 1722 2893 1753 2931; x_wconf 87' lang='lat' dir='ltr'>cr</span> <span class='ocrx_word' id='word_1_527' title='bbox 1764 2877 1819 2930; x_wconf 88' lang='lat' dir='ltr'>edi·</span> 
     </span>
     <span class='ocr_line' id='line_1_73' title="bbox 196 2944 1819 3014; baseline -0.002 -12"><span class='ocrx_word' id='word_1_528' title='bbox 196 2948 298 3005; x_wconf 87' lang='lat' dir='ltr'>ntideo</span> <span class='ocrx_word' id='word_1_529' title='bbox 315 2948 385 3002; x_wconf 89' lang='lat' dir='ltr'>sicut</span> <span class='ocrx_word' id='word_1_530' title='bbox 396 2962 412 3000; x_wconf 88' lang='lat' dir='ltr'>a</span> <span class='ocrx_word' id='word_1_531' title='bbox 423 2947 499 3001; x_wconf 81' lang='lat' dir='ltr'>robis</span> <span class='ocrx_word' id='word_1_532' title='bbox 514 2948 540 3000; x_wconf 91' lang='lat' dir='ltr'>in</span> <span class='ocrx_word' id='word_1_533' title='bbox 556 2948 629 3002; x_wconf 91' lang='lat' dir='ltr'>omni</span> <span class='ocrx_word' id='word_1_534' title='bbox 647 2947 828 3002; x_wconf 75' lang='lat' dir='ltr'>familiaritate</span> <span class='ocrx_word' id='word_1_535' title='bbox 844 2948 981 3014; x_wconf 88' lang='lat' dir='ltr'>recipitur,</span> <span class='ocrx_word' id='word_1_536' title='bbox 1035 2956 1102 3010; x_wconf 90' lang='lat' dir='ltr'>tum,</span> <span class='ocrx_word' id='word_1_537' title='bbox 1118 2948 1176 3002; x_wconf 83' lang='lat' dir='ltr'>baee</span> <span class='ocrx_word' id='word_1_538' title='bbox 1188 2948 1281 3001; x_wconf 89' lang='lat' dir='ltr'>eodem</span> <span class='ocrx_word' id='word_1_539' title='bbox 1299 2961 1370 3000; x_wconf 89' lang='lat' dir='ltr'>anno</span> <span class='ocrx_word' id='word_1_540' title='bbox 1391 2949 1424 3001; x_wconf 87' lang='lat' dir='ltr'>de</span> <span class='ocrx_word' id='word_1_541' title='bbox 1449 2946 1542 3001; x_wconf 90' lang='lat' dir='ltr'>iisdem</span> <span class='ocrx_word' id='word_1_542' title='bbox 1556 2949 1657 3002; x_wconf 88' lang='lat' dir='ltr'>babet:</span> <span class='ocrx_word' id='word_1_543' title='bbox 1682 2965 1692 2996; x_wconf 91' lang='grc' dir='ltr'>ι</span> <span class='ocrx_word' id='word_1_544' title='bbox 1758 2944 1819 2999; x_wconf 88' lang='lat' dir='ltr'>udo-</span> 
     </span>
    </p>
   </div>
   <div class='ocr_carea' id='block_1_13' title="bbox 195 3014 1817 3140">
    <p class='ocr_par' dir='ltr' id='par_1_16' title="bbox 195 3014 1817 3140">
     <span class='ocr_line' id='line_1_74' title="bbox 195 3014 1817 3140; baseline -0.002 -69"><span class='ocrx_word' id='word_1_545' title='bbox 195 3019 234 3072; x_wconf 90' lang='lat' dir='ltr'>ita</span> <span class='ocrx_word' id='word_1_546' title='bbox 245 3025 273 3072; x_wconf 88' lang='lat' dir='ltr'>et</span> <span class='ocrx_word' id='word_1_547' title='bbox 284 3032 299 3070; x_wconf 88' lang='lat' dir='ltr'>a</span> <span class='ocrx_word' id='word_1_548' title='bbox 313 3018 392 3071; x_wconf 88' lang='lat' dir='ltr'>nobis</span> <span class='ocrx_word' id='word_1_549' title='bbox 400 3018 565 3085; x_wconf 85' lang='lat' dir='ltr'>reciperetur</span> <span class='ocrx_word' id='word_1_550' title='bbox 573 3024 600 3071; x_wconf 91' lang='lat' dir='ltr'>et</span> <span class='ocrx_word' id='word_1_551' title='bbox 611 3017 981 3072; x_wconf 86' lang='lat' dir='ltr'>condecentcrbonoraretur.</span> <span class='ocrx_word' id='word_1_552' title='bbox 997 3047 1019 3108; x_wconf 76' lang='lat' dir='ltr'><strong>c</strong></span> <span class='ocrx_word' id='word_1_553' title='bbox 1036 3019 1153 3140; x_wconf 49' lang='lat' dir='ltr'>spnodus</span> <span class='ocrx_word' id='word_1_554' title='bbox 1166 3015 1321 3071; x_wconf 81' lang='lat' dir='ltr'>Graecorum</span> <span class='ocrx_word' id='word_1_555' title='bbox 1332 3031 1381 3084; x_wconf 91' lang='lat' dir='ltr'>pro</span> <span class='ocrx_word' id='word_1_556' title='bbox 1394 3014 1535 3070; x_wconf 89' lang='lat' dir='ltr'>adorandis</span> <span class='ocrx_word' id='word_1_557' title='bbox 1546 3017 1708 3085; x_wconf 77' lang='lat' dir='ltr'>imaginibus</span> <span class='ocrx_word' id='word_1_558' title='bbox 1719 3015 1817 3077; x_wconf 84' lang='lat' dir='ltr'>habita,</span> 
     </span>
    </p>
   </div>
   <div class='ocr_carea' id='block_1_14' title="bbox 196 3082 1826 4476">
    <p class='ocr_par' dir='ltr' id='par_1_17' title="bbox 196 3082 1826 4476">
     <span class='ocr_line' id='line_1_75' title="bbox 234 3082 1819 3156; baseline 0 -20"><span class='ocrx_word' id='word_1_559' title='bbox 234 3086 335 3141; x_wconf 76' lang='lat' dir='ltr'>«Unde</span> <span class='ocrx_word' id='word_1_560' title='bbox 344 3100 394 3154; x_wconf 87' lang='lat' dir='ltr'>pro</span> <span class='ocrx_word' id='word_1_561' title='bbox 406 3086 489 3139; x_wconf 90' lang='lat' dir='ltr'>nimio</span> <span class='ocrx_word' id='word_1_562' title='bbox 501 3101 603 3148; x_wconf 91' lang='lat' dir='ltr'>amore,</span> <span class='ocrx_word' id='word_1_563' title='bbox 614 3102 692 3156; x_wconf 89' lang='lat' dir='ltr'>quem</span> <span class='ocrx_word' id='word_1_564' title='bbox 704 3102 768 3156; x_wconf 87' lang='lat' dir='ltr'>erga</span> <span class='ocrx_word' id='word_1_565' title='bbox 785 3094 902 3140; x_wconf 83' lang='lat' dir='ltr'>restrum</span> <span class='ocrx_word' id='word_1_566' title='bbox 916 3086 982 3140; x_wconf 91' lang='lat' dir='ltr'>mei·</span> <span class='ocrx_word' id='word_1_567' title='bbox 1035 3102 1050 3139; x_wconf 86' lang='lat' dir='ltr'>a</span> <span class='ocrx_word' id='word_1_568' title='bbox 1079 3087 1211 3155; x_wconf 89' lang='lat' dir='ltr'>episcopis</span> <span class='ocrx_word' id='word_1_569' title='bbox 1220 3088 1371 3148; x_wconf 86' lang='lat' dir='ltr'>damnatur,</span> <span class='ocrx_word' id='word_1_570' title='bbox 1386 3085 1412 3138; x_wconf 94' lang='lat' dir='ltr'>in</span> <span class='ocrx_word' id='word_1_571' title='bbox 1422 3086 1515 3139; x_wconf 90' lang='lat' dir='ltr'>eodem</span> <span class='ocrx_word' id='word_1_572' title='bbox 1526 3086 1650 3141; x_wconf 81' lang='lat' dir='ltr'>uidelicet</span> <span class='ocrx_word' id='word_1_573' title='bbox 1664 3082 1819 3138; x_wconf 87' lang='lat' dir='ltr'>francofor-</span> 
     </span>
     <span class='ocr_line' id='line_1_76' title="bbox 197 3151 1819 3224; baseline -0.001 -16"><span class='ocrx_word' id='word_1_574' title='bbox 197 3154 297 3208; x_wconf 86' lang='lat' dir='ltr'>iiduam</span> <span class='ocrx_word' id='word_1_575' title='bbox 313 3155 433 3223; x_wconf 89' lang='lat' dir='ltr'>gerimus</span> <span class='ocrx_word' id='word_1_576' title='bbox 452 3155 567 3222; x_wconf 83' lang='lat' dir='ltr'>regalem</span> <span class='ocrx_word' id='word_1_577' title='bbox 584 3155 785 3218; x_wconf 84' lang='lat' dir='ltr'>excellentiam,</span> <span class='ocrx_word' id='word_1_578' title='bbox 801 3155 870 3210; x_wconf 91' lang='lat' dir='ltr'>sicut</span> <span class='ocrx_word' id='word_1_579' title='bbox 887 3155 983 3209; x_wconf 91' lang='lat' dir='ltr'>misisti</span> <span class='ocrx_word' id='word_1_580' title='bbox 1034 3155 1117 3210; x_wconf 89' lang='lat' dir='ltr'>diensi</span> <span class='ocrx_word' id='word_1_581' title='bbox 1132 3156 1261 3220; x_wconf 80' lang='lat' dir='ltr'>coticiii03</span> <span class='ocrx_word' id='word_1_582' title='bbox 1287 3162 1315 3208; x_wconf 91' lang='lat' dir='ltr'>et</span> <span class='ocrx_word' id='word_1_583' title='bbox 1334 3152 1392 3208; x_wconf 80' lang='lat' dir='ltr'>Ado</span> <span class='ocrx_word' id='word_1_584' title='bbox 1417 3156 1577 3210; x_wconf 81' lang='lat' dir='ltr'>Viennensis</span> <span class='ocrx_word' id='word_1_585' title='bbox 1595 3157 1753 3224; x_wconf 87' lang='lat' dir='ltr'>episcopus,</span> <span class='ocrx_word' id='word_1_586' title='bbox 1776 3151 1819 3222; x_wconf 87' lang='lat' dir='ltr'>qui</span> 
     </span>
     <span class='ocr_line' id='line_1_77' title="bbox 196 3222 1818 3293; baseline -0.002 -15"><span class='ocrx_word' id='word_1_587' title='bbox 196 3238 260 3278; x_wconf 88' lang='lat' dir='ltr'>eum</span> <span class='ocrx_word' id='word_1_588' title='bbox 273 3223 356 3277; x_wconf 89' lang='lat' dir='ltr'>nimio</span> <span class='ocrx_word' id='word_1_589' title='bbox 370 3237 462 3277; x_wconf 87' lang='lat' dir='ltr'>amore</span> <span class='ocrx_word' id='word_1_590' title='bbox 483 3225 631 3279; x_wconf 85' lang='lat' dir='ltr'>dulcedinis</span> <span class='ocrx_word' id='word_1_591' title='bbox 651 3225 757 3278; x_wconf 84' lang='lat' dir='ltr'>cxinriae</span> <span class='ocrx_word' id='word_1_592' title='bbox 775 3239 836 3278; x_wconf 88' lang='lat' dir='ltr'>eum</span> <span class='ocrx_word' id='word_1_593' title='bbox 851 3224 904 3279; x_wconf 91' lang='lat' dir='ltr'>recl</span> <span class='ocrx_word' id='word_1_594' title='bbox 926 3225 984 3277; x_wconf 87' lang='lat' dir='ltr'>ien—</span> <span class='ocrx_word' id='word_1_595' title='bbox 1032 3226 1140 3293; x_wconf 91' lang='lat' dir='ltr'>scripsit</span> <span class='ocrx_word' id='word_1_596' title='bbox 1149 3226 1199 3280; x_wconf 89' lang='lat' dir='ltr'>sub</span> <span class='ocrx_word' id='word_1_597' title='bbox 1211 3223 1307 3278; x_wconf 81' lang='lat' dir='ltr'>Carolo</span> <span class='ocrx_word' id='word_1_598' title='bbox 1319 3231 1415 3291; x_wconf 90' lang='lat' dir='ltr'>nepote</span> <span class='ocrx_word' id='word_1_599' title='bbox 1426 3224 1504 3292; x_wconf 76' lang='lat' dir='ltr'>burins</span> <span class='ocrx_word' id='word_1_600' title='bbox 1517 3223 1605 3278; x_wconf 85' lang='lat' dir='ltr'>Caroli</span> <span class='ocrx_word' id='word_1_601' title='bbox 1620 3224 1718 3292; x_wconf 86' lang='lat' dir='ltr'>biagni,</span> <span class='ocrx_word' id='word_1_602' title='bbox 1729 3222 1818 3277; x_wconf 86' lang='lat' dir='ltr'>eadem</span> 
     </span>
     <span class='ocr_line' id='line_1_78' title="bbox 199 3239 1820 3362; baseline -0.001 -17"><span class='ocrx_word' id='word_1_603' title='bbox 199 3302 249 3357; x_wconf 87' lang='lat' dir='ltr'>tes,</span> <span class='ocrx_word' id='word_1_604' title='bbox 268 3300 350 3362; x_wconf 90' lang='lat' dir='ltr'>prout</span> <span class='ocrx_word' id='word_1_605' title='bbox 358 3291 451 3356; x_wconf 81' lang='lat' dir='ltr'>uoluit,</span> <span class='ocrx_word' id='word_1_606' title='bbox 468 3301 494 3346; x_wconf 88' lang='lat' dir='ltr'>ct</span> <span class='ocrx_word' id='word_1_607' title='bbox 508 3294 624 3361; x_wconf 85' lang='lat' dir='ltr'>qualiter</span> <span class='ocrx_word' id='word_1_608' title='bbox 633 3293 717 3347; x_wconf 76' lang='lat' dir='ltr'>uoluit</span> <span class='ocrx_word' id='word_1_609' title='bbox 727 3309 788 3347; x_wconf 91' lang='lat' dir='ltr'>eum</span> <span class='ocrx_word' id='word_1_610' title='bbox 801 3308 896 3362; x_wconf 89' lang='lat' dir='ltr'>magna</span> <span class='ocrx_word' id='word_1_611' title='bbox 906 3239 985 3347; x_wconf 74' lang='lat' dir='ltr'>fadr—</span> <span class='ocrx_word' id='word_1_612' title='bbox 1033 3296 1122 3350; x_wconf 75' lang='lat' dir='ltr'>verbis</span> <span class='ocrx_word' id='word_1_613' title='bbox 1135 3295 1242 3358; x_wconf 82' lang='lat' dir='ltr'>lisdem3</span> <span class='ocrx_word' id='word_1_614' title='bbox 1265 3293 1335 3347; x_wconf 89' lang='lat' dir='ltr'>idem</span> <span class='ocrx_word' id='word_1_615' title='bbox 1349 3293 1466 3361; x_wconf 82' lang='lat' dir='ltr'>liegino,</span> <span class='ocrx_word' id='word_1_616' title='bbox 1487 3294 1533 3347; x_wconf 90' lang='lat' dir='ltr'>sed</span> <span class='ocrx_word' id='word_1_617' title='bbox 1556 3302 1583 3347; x_wconf 91' lang='lat' dir='ltr'>et</span> <span class='ocrx_word' id='word_1_618' title='bbox 1604 3293 1648 3347; x_wconf 90' lang='lat' dir='ltr'>alii</span> <span class='ocrx_word' id='word_1_619' title='bbox 1673 3292 1820 3361; x_wconf 81' lang='lat' dir='ltr'>complures</span> 
     </span>
     <span class='ocr_line' id='line_1_79' title="bbox 199 3359 1819 3433; baseline -0.004 -16"><span class='ocrx_word' id='word_1_620' title='bbox 199 3363 315 3418; x_wconf 89' lang='lat' dir='ltr'>ilaritate</span> <span class='ocrx_word' id='word_1_621' title='bbox 325 3363 403 3417; x_wconf 89' lang='lat' dir='ltr'>nobis</span> <span class='ocrx_word' id='word_1_622' title='bbox 414 3370 584 3416; x_wconf 88' lang='lat' dir='ltr'>enarrantem</span> <span class='ocrx_word' id='word_1_623' title='bbox 608 3379 672 3417; x_wconf 90' lang='lat' dir='ltr'>aure</span> <span class='ocrx_word' id='word_1_624' title='bbox 691 3362 831 3431; x_wconf 86' lang='lat' dir='ltr'>placabili,</span> <span class='ocrx_word' id='word_1_625' title='bbox 854 3371 882 3418; x_wconf 88' lang='lat' dir='ltr'>et</span> <span class='ocrx_word' id='word_1_626' title='bbox 897 3370 986 3417; x_wconf 90' lang='lat' dir='ltr'>mente</span> <span class='ocrx_word' id='word_1_627' title='bbox 1035 3364 1112 3433; x_wconf 88' lang='lat' dir='ltr'>longe</span> <span class='ocrx_word' id='word_1_628' title='bbox 1125 3363 1270 3418; x_wconf 90' lang='lat' dir='ltr'>nobiliores</span> <span class='ocrx_word' id='word_1_629' title='bbox 1291 3372 1432 3423; x_wconf 87' lang='lat' dir='ltr'>auctores,</span> <span class='ocrx_word' id='word_1_630' title='bbox 1456 3378 1523 3431; x_wconf 85' lang='lat' dir='ltr'>quos</span> <span class='ocrx_word' id='word_1_631' title='bbox 1537 3361 1650 3416; x_wconf 88' lang='lat' dir='ltr'>inferius</span> <span class='ocrx_word' id='word_1_632' title='bbox 1668 3359 1819 3417; x_wconf 88' lang='lat' dir='ltr'>recensebi-</span> 
     </span>
     <span class='ocr_line' id='line_1_80' title="bbox 199 3430 1818 3503; baseline -0.004 -15"><span class='ocrx_word' id='word_1_633' title='bbox 199 3432 260 3488; x_wconf 91' lang='lat' dir='ltr'>beni</span> <span class='ocrx_word' id='word_1_634' title='bbox 298 3447 387 3487; x_wconf 87' lang='lat' dir='ltr'>acum</span> <span class='ocrx_word' id='word_1_635' title='bbox 402 3433 584 3500; x_wconf 81' lang='lat' dir='ltr'>suscepimus,</span> <span class='ocrx_word' id='word_1_636' title='bbox 610 3442 636 3487; x_wconf 91' lang='lat' dir='ltr'>et</span> <span class='ocrx_word' id='word_1_637' title='bbox 647 3433 722 3503; x_wconf 87' lang='lat' dir='ltr'>quasi</span> <span class='ocrx_word' id='word_1_638' title='bbox 740 3439 829 3486; x_wconf 83' lang='lat' dir='ltr'>restra</span> <span class='ocrx_word' id='word_1_639' title='bbox 853 3431 985 3502; x_wconf 88' lang='lat' dir='ltr'>corporali</span> <span class='ocrx_word' id='word_1_640' title='bbox 1035 3448 1105 3487; x_wconf 90' lang='lat' dir='ltr'>mus.</span> <span class='ocrx_word' id='word_1_641' title='bbox 1120 3434 1218 3489; x_wconf 76' lang='lat' dir='ltr'>Vemm</span> <span class='ocrx_word' id='word_1_642' title='bbox 1241 3432 1351 3500; x_wconf 85' lang='lat' dir='ltr'>deipsis</span> <span class='ocrx_word' id='word_1_643' title='bbox 1374 3432 1469 3499; x_wconf 90' lang='lat' dir='ltr'>primis</span> <span class='ocrx_word' id='word_1_644' title='bbox 1489 3432 1658 3493; x_wconf 90' lang='lat' dir='ltr'>auctoribus,</span> <span class='ocrx_word' id='word_1_645' title='bbox 1676 3430 1818 3501; x_wconf 87' lang='lat' dir='ltr'>episcopis,</span> 
     </span>
     <span class='ocr_line' id='line_1_81' title="bbox 198 3446 1821 3585; baseline -0.002 -28"><span class='ocrx_word' id='word_1_646' title='bbox 198 3446 357 3557; x_wconf 63' lang='lat' dir='ltr'>eucefinentia</span> <span class='ocrx_word' id='word_1_647' title='bbox 378 3501 457 3556; x_wconf 89' lang='lat' dir='ltr'>nobis</span> <span class='ocrx_word' id='word_1_648' title='bbox 471 3509 607 3565; x_wconf 88' lang='lat' dir='ltr'>narrante,</span> <span class='ocrx_word' id='word_1_649' title='bbox 628 3504 652 3557; x_wconf 93' lang='lat' dir='ltr'>ei</span> <span class='ocrx_word' id='word_1_650' title='bbox 667 3503 801 3572; x_wconf 88' lang='lat' dir='ltr'>patentius</span> <span class='ocrx_word' id='word_1_651' title='bbox 824 3502 987 3557; x_wconf 88' lang='lat' dir='ltr'>credidimus</span> <span class='ocrx_word' id='word_1_652' title='bbox 1036 3504 1153 3585; x_wconf 83' lang='lat' dir='ltr'>inquam,</span> <span class='ocrx_word' id='word_1_653' title='bbox 1170 3502 1216 3571; x_wconf 88' lang='lat' dir='ltr'>qui</span> <span class='ocrx_word' id='word_1_654' title='bbox 1229 3501 1406 3556; x_wconf 87' lang='lat' dir='ltr'>interluemnt</span> <span class='ocrx_word' id='word_1_655' title='bbox 1419 3503 1505 3556; x_wconf 89' lang='lat' dir='ltr'>cidem</span> <span class='ocrx_word' id='word_1_656' title='bbox 1518 3500 1752 3555; x_wconf 71' lang='lat' dir='ltr'>francofordiensi</span> <span class='ocrx_word' id='word_1_657' title='bbox 1764 3514 1821 3554; x_wconf 85' lang='lat' dir='ltr'>cort·</span> 
     </span>
     <span class='ocr_line' id='line_1_82' title="bbox 199 3567 1819 3641; baseline -0.002 -16"><span class='ocrx_word' id='word_1_658' title='bbox 199 3569 341 3626; x_wconf 80' lang='lat' dir='ltr'>utrtsiliuna</span> <span class='ocrx_word' id='word_1_659' title='bbox 353 3571 387 3624; x_wconf 92' lang='lat' dir='ltr'>ad</span> <span class='ocrx_word' id='word_1_660' title='bbox 398 3571 546 3641; x_wconf 89' lang='lat' dir='ltr'>profectum</span> <span class='ocrx_word' id='word_1_661' title='bbox 562 3581 661 3627; x_wconf 71' lang='lat' dir='ltr'>sanetae</span> <span class='ocrx_word' id='word_1_662' title='bbox 680 3581 779 3627; x_wconf 76' lang='lat' dir='ltr'>nostru</span> <span class='ocrx_word' id='word_1_663' title='bbox 794 3573 920 3627; x_wconf 81' lang='lat' dir='ltr'>Romanae</span> <span class='ocrx_word' id='word_1_664' title='bbox 933 3571 986 3625; x_wconf 83' lang='lat' dir='ltr'>Ee·</span> <span class='ocrx_word' id='word_1_665' title='bbox 1036 3572 1108 3635; x_wconf 89' lang='lat' dir='ltr'>cilto,</span> <span class='ocrx_word' id='word_1_666' title='bbox 1122 3572 1239 3641; x_wconf 89' lang='lat' dir='ltr'>primurn</span> <span class='ocrx_word' id='word_1_667' title='bbox 1248 3571 1480 3640; x_wconf 78' lang='lat' dir='ltr'>pervestigandnm</span> <span class='ocrx_word' id='word_1_668' title='bbox 1491 3577 1549 3624; x_wconf 86' lang='lat' dir='ltr'>est:</span> <span class='ocrx_word' id='word_1_669' title='bbox 1573 3571 1710 3639; x_wconf 85' lang='lat' dir='ltr'>quomodo</span> <span class='ocrx_word' id='word_1_670' title='bbox 1732 3585 1764 3624; x_wconf 81' lang='lat' dir='ltr'>er</span> <span class='ocrx_word' id='word_1_671' title='bbox 1775 3567 1819 3621; x_wconf 88' lang='lat' dir='ltr'>ad-</span> 
     </span>
     <span class='ocr_line' id='line_1_83' title="bbox 200 3637 1821 3711; baseline -0.003 -15"><span class='ocrx_word' id='word_1_672' title='bbox 200 3641 308 3704; x_wconf 70' lang='lat' dir='ltr'>elasiae,</span> <span class='ocrx_word' id='word_1_673' title='bbox 331 3648 359 3695; x_wconf 91' lang='lat' dir='ltr'>et</span> <span class='ocrx_word' id='word_1_674' title='bbox 373 3648 468 3695; x_wconf 78' lang='lat' dir='ltr'>vestae</span> <span class='ocrx_word' id='word_1_675' title='bbox 490 3657 505 3695; x_wconf 91' lang='lat' dir='ltr'>a</span> <span class='ocrx_word' id='word_1_676' title='bbox 520 3641 575 3695; x_wconf 80' lang='lat' dir='ltr'>ileo</span> <span class='ocrx_word' id='word_1_677' title='bbox 591 3650 718 3710; x_wconf 82' lang='lat' dir='ltr'>protecte</span> <span class='ocrx_word' id='word_1_678' title='bbox 743 3641 840 3709; x_wconf 87' lang='lat' dir='ltr'>regalis</span> <span class='ocrx_word' id='word_1_679' title='bbox 861 3641 987 3711; x_wconf 77' lang='lat' dir='ltr'>potentian</span> <span class='ocrx_word' id='word_1_680' title='bbox 1037 3642 1200 3696; x_wconf 88' lang='lat' dir='ltr'>versantium</span> <span class='ocrx_word' id='word_1_681' title='bbox 1212 3641 1326 3708; x_wconf 87' lang='lat' dir='ltr'>seriptis.</span> <span class='ocrx_word' id='word_1_682' title='bbox 1340 3640 1478 3708; x_wconf 90' lang='lat' dir='ltr'>capitulari</span> <span class='ocrx_word' id='word_1_683' title='bbox 1492 3639 1594 3695; x_wconf 88' lang='lat' dir='ltr'>scilicet</span> <span class='ocrx_word' id='word_1_684' title='bbox 1605 3640 1676 3695; x_wconf 92' lang='lat' dir='ltr'>libro</span> <span class='ocrx_word' id='word_1_685' title='bbox 1687 3639 1734 3693; x_wconf 87' lang='lat' dir='ltr'>ilio</span> <span class='ocrx_word' id='word_1_686' title='bbox 1748 3637 1821 3692; x_wconf 87' lang='lat' dir='ltr'>indu·</span> 
     </span>
     <span class='ocr_line' id='line_1_84' title="bbox 199 3709 1720 3779; baseline -0.003 -14"><span class='ocrx_word' id='word_1_687' title='bbox 199 3710 401 3765; x_wconf 82' lang='lat' dir='ltr'>exaltationem.</span> <span class='ocrx_word' id='word_1_688' title='bbox 416 3711 489 3764; x_wconf 91' lang='lat' dir='ltr'>inter</span> <span class='ocrx_word' id='word_1_689' title='bbox 502 3726 563 3779; x_wconf 75' lang='lat' dir='ltr'>quae</span> <span class='ocrx_word' id='word_1_690' title='bbox 575 3713 659 3765; x_wconf 90' lang='lat' dir='ltr'>edidit</span> <span class='ocrx_word' id='word_1_691' title='bbox 675 3712 756 3766; x_wconf 92' lang='lat' dir='ltr'>nobis</span> <span class='ocrx_word' id='word_1_692' title='bbox 775 3711 923 3778; x_wconf 85' lang='lat' dir='ltr'>capitulare</span> <span class='ocrx_word' id='word_1_693' title='bbox 940 3710 988 3763; x_wconf 89' lang='lat' dir='ltr'>ad·</span> <span class='ocrx_word' id='word_1_694' title='bbox 1037 3713 1073 3766; x_wconf 93' lang='lat' dir='ltr'>cti</span> <span class='ocrx_word' id='word_1_695' title='bbox 1086 3713 1148 3772; x_wconf 87' lang='lat' dir='ltr'>sint,</span> <span class='ocrx_word' id='word_1_696' title='bbox 1168 3717 1197 3763; x_wconf 92' lang='grc' dir='ltr'>ιιι</span> <span class='ocrx_word' id='word_1_697' title='bbox 1208 3709 1341 3764; x_wconf 66' lang='lat' dir='ltr'>bleranam</span> <span class='ocrx_word' id='word_1_698' title='bbox 1356 3711 1486 3778; x_wconf 78' lang='lat' dir='ltr'>synnodum</span> <span class='ocrx_word' id='word_1_699' title='bbox 1498 3710 1720 3763; x_wconf 86' lang='lat' dir='ltr'>condemnarent.</span> 
     </span>
     <span class='ocr_line' id='line_1_85' title="bbox 201 3775 1821 3861; baseline -0.003 -30"><span class='ocrx_word' id='word_1_700' title='bbox 201 3795 296 3835; x_wconf 78' lang='lat' dir='ltr'>sersus</span> <span class='ocrx_word' id='word_1_701' title='bbox 308 3782 456 3850; x_wconf 86' lang='lat' dir='ltr'>synodum,</span> <span class='ocrx_word' id='word_1_702' title='bbox 469 3795 529 3849; x_wconf 73' lang='lat' dir='ltr'>quae</span> <span class='ocrx_word' id='word_1_703' title='bbox 545 3795 595 3850; x_wconf 91' lang='lat' dir='ltr'>pro</span> <span class='ocrx_word' id='word_1_704' title='bbox 614 3797 752 3835; x_wconf 89' lang='lat' dir='ltr'>sacrarum</span> <span class='ocrx_word' id='word_1_705' title='bbox 767 3781 911 3850; x_wconf 77' lang='lat' dir='ltr'>imaginum</span> <span class='ocrx_word' id='word_1_706' title='bbox 933 3794 989 3833; x_wconf 83' lang='lat' dir='ltr'>ere</span> <span class='ocrx_word' id='word_1_707' title='bbox 1072 3780 1166 3834; x_wconf 77' lang='lat' dir='ltr'>xxiv.</span> <span class='ocrx_word' id='word_1_708' title='bbox 1186 3779 1295 3834; x_wconf 85' lang='lat' dir='ltr'>Certum</span> <span class='ocrx_word' id='word_1_709' title='bbox 1310 3780 1416 3861; x_wconf 84' lang='lat' dir='ltr'>quidem</span> <span class='ocrx_word' id='word_1_710' title='bbox 1435 3786 1461 3832; x_wconf 92' lang='lat' dir='ltr'>et</span> <span class='ocrx_word' id='word_1_711' title='bbox 1474 3779 1640 3848; x_wconf 78' lang='lat' dir='ltr'>exploratum</span> <span class='ocrx_word' id='word_1_712' title='bbox 1653 3778 1764 3832; x_wconf 91' lang='lat' dir='ltr'>omnino</span> <span class='ocrx_word' id='word_1_713' title='bbox 1777 3775 1821 3828; x_wconf 88' lang='lat' dir='ltr'>ba·</span> 
     </span>
     <span class='ocr_line' id='line_1_86' title="bbox 200 3843 1822 3921; baseline -0.006 -15"><span class='ocrx_word' id='word_1_714' title='bbox 200 3852 290 3906; x_wconf 90' lang='lat' dir='ltr'>ctione</span> <span class='ocrx_word' id='word_1_715' title='bbox 306 3852 333 3905; x_wconf 94' lang='lat' dir='ltr'>in</span> <span class='ocrx_word' id='word_1_716' title='bbox 348 3848 436 3903; x_wconf 80' lang='lat' dir='ltr'>Nicea</span> <span class='ocrx_word' id='word_1_717' title='bbox 451 3859 510 3905; x_wconf 92' lang='lat' dir='ltr'>acta</span> <span class='ocrx_word' id='word_1_718' title='bbox 524 3860 575 3905; x_wconf 89' lang='lat' dir='ltr'>est.</span> <span class='ocrx_word' id='word_1_719' title='bbox 602 3851 678 3906; x_wconf 84' lang='lat' dir='ltr'>Unde</span> <span class='ocrx_word' id='word_1_720' title='bbox 690 3866 740 3921; x_wconf 90' lang='lat' dir='ltr'>pro</span> <span class='ocrx_word' id='word_1_721' title='bbox 753 3858 843 3904; x_wconf 79' lang='lat' dir='ltr'>restra</span> <span class='ocrx_word' id='word_1_722' title='bbox 864 3848 989 3903; x_wconf 91' lang='lat' dir='ltr'>meilidua</span> <span class='ocrx_word' id='word_1_723' title='bbox 1039 3852 1124 3910; x_wconf 89' lang='lat' dir='ltr'>betur,</span> <span class='ocrx_word' id='word_1_724' title='bbox 1139 3865 1185 3903; x_wconf 88' lang='lat' dir='ltr'>eos</span> <span class='ocrx_word' id='word_1_725' title='bbox 1202 3850 1274 3917; x_wconf 87' lang='lat' dir='ltr'>ipsos</span> <span class='ocrx_word' id='word_1_726' title='bbox 1289 3862 1428 3917; x_wconf 81' lang='lat' dir='ltr'>episcopos</span> <span class='ocrx_word' id='word_1_727' title='bbox 1438 3849 1471 3901; x_wconf 89' lang='lat' dir='ltr'>ab</span> <span class='ocrx_word' id='word_1_728' title='bbox 1483 3847 1577 3902; x_wconf 89' lang='lat' dir='ltr'>lisdem</span> <span class='ocrx_word' id='word_1_729' title='bbox 1590 3846 1754 3902; x_wconf 75' lang='lat' dir='ltr'>aduersariis</span> <span class='ocrx_word' id='word_1_730' title='bbox 1765 3843 1822 3899; x_wconf 87' lang='lat' dir='ltr'>doio</span> 
     </span>
     <span class='ocr_line' id='line_1_87' title="bbox 201 3912 1821 4002; baseline -0.006 -27"><span class='ocrx_word' id='word_1_731' title='bbox 201 3920 283 3989; x_wconf 88' lang='lat' dir='ltr'>regali</span> <span class='ocrx_word' id='word_1_732' title='bbox 300 3921 441 3974; x_wconf 89' lang='lat' dir='ltr'>dilectione</span> <span class='ocrx_word' id='word_1_733' title='bbox 463 3935 511 3988; x_wconf 88' lang='lat' dir='ltr'>per</span> <span class='ocrx_word' id='word_1_734' title='bbox 540 3923 749 3991; x_wconf 86' lang='lat' dir='ltr'>unumquodque</span> <span class='ocrx_word' id='word_1_735' title='bbox 779 3918 924 4002; x_wconf 84' lang='lat' dir='ltr'>capitulum</span> <span class='ocrx_word' id='word_1_736' title='bbox 948 3933 990 3971; x_wconf 89' lang='lat' dir='ltr'>rc·</span> <span class='ocrx_word' id='word_1_737' title='bbox 1039 3920 1110 3974; x_wconf 91' lang='lat' dir='ltr'>malo</span> <span class='ocrx_word' id='word_1_738' title='bbox 1123 3920 1248 3987; x_wconf 85' lang='lat' dir='ltr'>deceptos</span> <span class='ocrx_word' id='word_1_739' title='bbox 1263 3933 1336 3981; x_wconf 89' lang='lat' dir='ltr'>esse,</span> <span class='ocrx_word' id='word_1_740' title='bbox 1351 3926 1432 3985; x_wconf 89' lang='lat' dir='ltr'>atque</span> <span class='ocrx_word' id='word_1_741' title='bbox 1447 3931 1495 3985; x_wconf 92' lang='lat' dir='ltr'>per</span> <span class='ocrx_word' id='word_1_742' title='bbox 1508 3917 1687 3984; x_wconf 90' lang='lat' dir='ltr'>imposturam</span> <span class='ocrx_word' id='word_1_743' title='bbox 1708 3924 1735 3970; x_wconf 92' lang='lat' dir='ltr'>et</span> <span class='ocrx_word' id='word_1_744' title='bbox 1750 3912 1821 3994; x_wconf 85' lang='lat' dir='ltr'>laisi-</span> 
     </span>
     <span class='ocr_line' id='line_1_88' title="bbox 201 3986 1823 4062; baseline -0.006 -17"><span class='ocrx_word' id='word_1_745' title='bbox 201 4004 329 4059; x_wconf 88' lang='lat' dir='ltr'>sponsum</span> <span class='ocrx_word' id='word_1_746' title='bbox 343 3990 515 4051; x_wconf 85' lang='lat' dir='ltr'>reddidinms,</span> <span class='ocrx_word' id='word_1_747' title='bbox 530 4006 583 4045; x_wconf 91' lang='lat' dir='ltr'>non</span> <span class='ocrx_word' id='word_1_748' title='bbox 597 3992 743 4059; x_wconf 85' lang='lat' dir='ltr'>quemlibet</span> <span class='ocrx_word' id='word_1_749' title='bbox 752 3990 843 4062; x_wconf 79' lang='lat' dir='ltr'>(absit)</span> <span class='ocrx_word' id='word_1_750' title='bbox 855 3989 990 4044; x_wconf 91' lang='lat' dir='ltr'>bominem</span> <span class='ocrx_word' id='word_1_751' title='bbox 1040 3999 1121 4043; x_wconf 90' lang='lat' dir='ltr'>tatem</span> <span class='ocrx_word' id='word_1_752' title='bbox 1137 3996 1233 4043; x_wconf 75' lang='lat' dir='ltr'>canneta</span> <span class='ocrx_word' id='word_1_753' title='bbox 1244 4003 1303 4043; x_wconf 91' lang='lat' dir='ltr'>esse</span> <span class='ocrx_word' id='word_1_754' title='bbox 1316 3997 1459 4050; x_wconf 88' lang='lat' dir='ltr'>transacta,</span> <span class='ocrx_word' id='word_1_755' title='bbox 1473 3996 1502 4040; x_wconf 93' lang='lat' dir='ltr'>ut</span> <span class='ocrx_word' id='word_1_756' title='bbox 1512 3986 1599 4041; x_wconf 91' lang='lat' dir='ltr'>locum</span> <span class='ocrx_word' id='word_1_757' title='bbox 1612 3986 1717 4040; x_wconf 90' lang='lat' dir='ltr'>nullum</span> <span class='ocrx_word' id='word_1_758' title='bbox 1727 3990 1823 4039; x_wconf 81' lang='lat' dir='ltr'>ueritas</span> 
     </span>
     <span class='ocr_line' id='line_1_89' title="bbox 202 4053 1823 4130; baseline -0.005 -16"><span class='ocrx_word' id='word_1_759' title='bbox 202 4059 391 4122; x_wconf 85' lang='lat' dir='ltr'>defendentes,</span> <span class='ocrx_word' id='word_1_760' title='bbox 407 4061 454 4114; x_wconf 92' lang='lat' dir='ltr'>sed</span> <span class='ocrx_word' id='word_1_761' title='bbox 466 4060 593 4114; x_wconf 90' lang='lat' dir='ltr'>olitanam</span> <span class='ocrx_word' id='word_1_762' title='bbox 605 4061 775 4114; x_wconf 88' lang='lat' dir='ltr'>traditionem</span> <span class='ocrx_word' id='word_1_763' title='bbox 787 4067 886 4113; x_wconf 88' lang='lat' dir='ltr'>sanctae</span> <span class='ocrx_word' id='word_1_764' title='bbox 900 4056 991 4112; x_wconf 90' lang='lat' dir='ltr'>catho·</span> <span class='ocrx_word' id='word_1_765' title='bbox 1040 4059 1181 4114; x_wconf 78' lang='lat' dir='ltr'>inveniret.</span> <span class='ocrx_word' id='word_1_766' title='bbox 1197 4057 1260 4111; x_wconf 72' lang='lat' dir='ltr'>liure</span> <span class='ocrx_word' id='word_1_767' title='bbox 1278 4058 1329 4111; x_wconf 91' lang='lat' dir='ltr'>nisi</span> <span class='ocrx_word' id='word_1_768' title='bbox 1348 4064 1376 4111; x_wconf 90' lang='lat' dir='ltr'>tu</span> <span class='ocrx_word' id='word_1_769' title='bbox 1393 4057 1464 4126; x_wconf 92' lang='lat' dir='ltr'>ipse,</span> <span class='ocrx_word' id='word_1_770' title='bbox 1477 4055 1575 4117; x_wconf 90' lang='lat' dir='ltr'>lector,</span> <span class='ocrx_word' id='word_1_771' title='bbox 1597 4071 1680 4109; x_wconf 90' lang='lat' dir='ltr'>marm</span> <span class='ocrx_word' id='word_1_772' title='bbox 1697 4053 1823 4130; x_wconf 72' lang='lat' dir='ltr'>tetigeris,</span> 
     </span>
     <span class='ocr_line' id='line_1_90' title="bbox 203 4123 1824 4201; baseline -0.004 -21"><span class='ocrx_word' id='word_1_773' title='bbox 203 4128 260 4185; x_wconf 73' lang='lat' dir='ltr'>licar</span> <span class='ocrx_word' id='word_1_774' title='bbox 270 4137 296 4183; x_wconf 91' lang='lat' dir='ltr'>et</span> <span class='ocrx_word' id='word_1_775' title='bbox 305 4129 458 4197; x_wconf 73' lang='lat' dir='ltr'>apostolicae</span> <span class='ocrx_word' id='word_1_776' title='bbox 468 4129 595 4184; x_wconf 79' lang='lat' dir='ltr'>Romana</span> <span class='ocrx_word' id='word_1_777' title='bbox 609 4130 735 4184; x_wconf 75' lang='lat' dir='ltr'>Ecclesiae</span> <span class='ocrx_word' id='word_1_778' title='bbox 744 4136 865 4183; x_wconf 87' lang='lat' dir='ltr'>tenentes</span> <span class='ocrx_word' id='word_1_779' title='bbox 874 4129 991 4197; x_wconf 90' lang='lat' dir='ltr'>priscam</span> <span class='ocrx_word' id='word_1_780' title='bbox 1040 4129 1123 4183; x_wconf 90' lang='lat' dir='ltr'>nolim</span> <span class='ocrx_word' id='word_1_781' title='bbox 1139 4128 1243 4182; x_wconf 88' lang='lat' dir='ltr'>eredas.</span> <span class='ocrx_word' id='word_1_782' title='bbox 1259 4127 1317 4180; x_wconf 79' lang='lat' dir='ltr'>lion</span> <span class='ocrx_word' id='word_1_783' title='bbox 1330 4127 1400 4181; x_wconf 88' lang='lat' dir='ltr'>enim</span> <span class='ocrx_word' id='word_1_784' title='bbox 1415 4142 1429 4179; x_wconf 93' lang='lat' dir='ltr'>a</span> <span class='ocrx_word' id='word_1_785' title='bbox 1444 4126 1520 4195; x_wconf 90' lang='lat' dir='ltr'>longe</span> <span class='ocrx_word' id='word_1_786' title='bbox 1529 4125 1620 4194; x_wconf 91' lang='lat' dir='ltr'>petitis</span> <span class='ocrx_word' id='word_1_787' title='bbox 1634 4123 1824 4201; x_wconf 66' lang='lat' dir='ltr'>testificationi-</span> 
     </span>
     <span class='ocr_line' id='line_1_91' title="bbox 202 4194 1826 4266; baseline -0.007 -12"><span class='ocrx_word' id='word_1_788' title='bbox 202 4199 428 4266; x_wconf 75' lang='lat' dir='ltr'>predecessorum</span> <span class='ocrx_word' id='word_1_789' title='bbox 441 4207 594 4253; x_wconf 91' lang='lat' dir='ltr'>nostrorum</span> <span class='ocrx_word' id='word_1_790' title='bbox 612 4207 765 4253; x_wconf 86' lang='lat' dir='ltr'>sanctornm</span> <span class='ocrx_word' id='word_1_791' title='bbox 777 4197 934 4266; x_wconf 86' lang='lat' dir='ltr'>pontificum</span> <span class='ocrx_word' id='word_1_792' title='bbox 947 4211 991 4250; x_wconf 88' lang='lat' dir='ltr'>se-</span> <span class='ocrx_word' id='word_1_793' title='bbox 1041 4200 1092 4253; x_wconf 91' lang='lat' dir='ltr'>bus</span> <span class='ocrx_word' id='word_1_794' title='bbox 1104 4197 1214 4259; x_wconf 87' lang='lat' dir='ltr'>utimur,</span> <span class='ocrx_word' id='word_1_795' title='bbox 1231 4197 1278 4251; x_wconf 89' lang='lat' dir='ltr'>sed</span> <span class='ocrx_word' id='word_1_796' title='bbox 1292 4211 1326 4251; x_wconf 80' lang='lat' dir='ltr'>ex</span> <span class='ocrx_word' id='word_1_797' title='bbox 1342 4198 1460 4265; x_wconf 85' lang='lat' dir='ltr'>ipsorum</span> <span class='ocrx_word' id='word_1_798' title='bbox 1479 4196 1599 4263; x_wconf 89' lang='lat' dir='ltr'>scriptis,</span> <span class='ocrx_word' id='word_1_799' title='bbox 1613 4202 1643 4248; x_wconf 90' lang='lat' dir='ltr'>ut</span> <span class='ocrx_word' id='word_1_800' title='bbox 1657 4194 1731 4248; x_wconf 91' lang='lat' dir='ltr'>nulla</span> <span class='ocrx_word' id='word_1_801' title='bbox 1779 4197 1826 4244; x_wconf 88' lang='lat' dir='ltr'>ssrt</span> 
     </span>
     <span class='ocr_line' id='line_1_92' title="bbox 203 4263 1825 4336; baseline -0.006 -14"><span class='ocrx_word' id='word_1_802' title='bbox 203 4267 482 4336; x_wconf 86' lang='lat' dir='ltr'>quimurdoetrinam,</span> <span class='ocrx_word' id='word_1_803' title='bbox 497 4269 832 4322; x_wconf 82' lang='lat' dir='ltr'>rectaetideitraditioncm</span> <span class='ocrx_word' id='word_1_804' title='bbox 844 4267 993 4322; x_wconf 92' lang='lat' dir='ltr'>modisom·</span> <span class='ocrx_word' id='word_1_805' title='bbox 1043 4267 1262 4336; x_wconf 80' lang='lat' dir='ltr'>tergiversatione</span> <span class='ocrx_word' id='word_1_806' title='bbox 1274 4267 1373 4321; x_wconf 80' lang='lat' dir='ltr'>veritas</span> <span class='ocrx_word' id='word_1_807' title='bbox 1389 4265 1452 4318; x_wconf 91' lang='lat' dir='ltr'>falli.</span> <span class='ocrx_word' id='word_1_808' title='bbox 1476 4265 1533 4332; x_wconf 81' lang='lat' dir='ltr'>Qua</span> <span class='ocrx_word' id='word_1_809' title='bbox 1553 4263 1580 4317; x_wconf 90' lang='lat' dir='ltr'>in</span> <span class='ocrx_word' id='word_1_810' title='bbox 1598 4279 1627 4318; x_wconf 92' lang='lat' dir='ltr'>rc</span> <span class='ocrx_word' id='word_1_811' title='bbox 1643 4265 1717 4317; x_wconf 91' lang='lat' dir='ltr'>sicut</span> <span class='ocrx_word' id='word_1_812' title='bbox 1773 4270 1825 4314; x_wconf 83' lang='lat' dir='ltr'>tres</span> 
     </span>
     <span class='ocr_line' id='line_1_93' title="bbox 204 4331 1825 4405; baseline -0.005 -13"><span class='ocrx_word' id='word_1_813' title='bbox 204 4337 284 4392; x_wconf 90' lang='lat' dir='ltr'>nibus</span> <span class='ocrx_word' id='word_1_814' title='bbox 300 4338 477 4392; x_wconf 75' lang='lat' dir='ltr'>vindicantes.</span> <span class='ocrx_word' id='word_1_815' title='bbox 493 4357 502 4389; x_wconf 87' lang='grc' dir='ltr'>ι</span> <span class='ocrx_word' id='word_1_816' title='bbox 533 4337 595 4392; x_wconf 83' lang='lat' dir='ltr'>ilaec</span> <span class='ocrx_word' id='word_1_817' title='bbox 615 4339 648 4393; x_wconf 88' lang='lat' dir='ltr'>de</span> <span class='ocrx_word' id='word_1_818' title='bbox 671 4339 754 4391; x_wconf 79' lang='lat' dir='ltr'>naisso</span> <span class='ocrx_word' id='word_1_819' title='bbox 775 4337 991 4390; x_wconf 86' lang='lat' dir='ltr'>adversariomm</span> <span class='ocrx_word' id='word_1_820' title='bbox 1043 4335 1153 4404; x_wconf 89' lang='lat' dir='ltr'>illosqui</span> <span class='ocrx_word' id='word_1_821' title='bbox 1165 4338 1266 4405; x_wconf 78' lang='lat' dir='ltr'>synodo</span> <span class='ocrx_word' id='word_1_822' title='bbox 1279 4335 1455 4390; x_wconf 87' lang='lat' dir='ltr'>interfuerunt</span> <span class='ocrx_word' id='word_1_823' title='bbox 1466 4333 1650 4390; x_wconf 76' lang='lat' dir='ltr'>deilocaruisse</span> <span class='ocrx_word' id='word_1_824' title='bbox 1661 4331 1742 4387; x_wconf 88' lang='lat' dir='ltr'>facilc</span> <span class='ocrx_word' id='word_1_825' title='bbox 1753 4331 1825 4385; x_wconf 84' lang='lat' dir='ltr'>diae·</span> 
     </span>
     <span class='ocr_line' id='line_1_94' title="bbox 204 4400 1826 4476; baseline -0.005 -15"><span class='ocrx_word' id='word_1_826' title='bbox 204 4407 345 4476; x_wconf 88' lang='lat' dir='ltr'>capitulari</span> <span class='ocrx_word' id='word_1_827' title='bbox 360 4421 408 4473; x_wconf 90' lang='lat' dir='ltr'>per</span> <span class='ocrx_word' id='word_1_828' title='bbox 417 4407 602 4476; x_wconf 82' lang='lat' dir='ltr'>Angiibertnm</span> <span class='ocrx_word' id='word_1_829' title='bbox 617 4406 745 4476; x_wconf 80' lang='lat' dir='ltr'>praelatus</span> <span class='ocrx_word' id='word_1_830' title='bbox 757 4413 798 4459; x_wconf 89' lang='lat' dir='ltr'>est</span> <span class='ocrx_word' id='word_1_831' title='bbox 817 4407 851 4459; x_wconf 90' lang='lat' dir='ltr'>ad</span> <span class='ocrx_word' id='word_1_832' title='bbox 865 4405 990 4461; x_wconf 82' lang='lat' dir='ltr'>Carolum</span> <span class='ocrx_word' id='word_1_833' title='bbox 1042 4407 1161 4467; x_wconf 90' lang='lat' dir='ltr'>rim,ita</span> <span class='ocrx_word' id='word_1_834' title='bbox 1175 4421 1267 4460; x_wconf 91' lang='lat' dir='ltr'>eorum</span> <span class='ocrx_word' id='word_1_835' title='bbox 1292 4405 1460 4459; x_wconf 86' lang='lat' dir='ltr'>oscitantiam</span> <span class='ocrx_word' id='word_1_836' title='bbox 1485 4419 1538 4459; x_wconf 90' lang='lat' dir='ltr'>non</span> <span class='ocrx_word' id='word_1_837' title='bbox 1555 4417 1666 4458; x_wconf 80' lang='lat' dir='ltr'>excuso.</span> <span class='ocrx_word' id='word_1_838' title='bbox 1689 4400 1826 4468; x_wconf 80' lang='lat' dir='ltr'>Quomodo</span> 
     </span>
    </p>
   </div>
   <div class='ocr_carea' id='block_1_15' title="bbox 204 4474 999 5732">
    <p class='ocr_par' dir='ltr' id='par_1_18' title="bbox 204 4474 994 4821">
     <span class='ocr_line' id='line_1_95' title="bbox 204 4474 990 4546; baseline -0.001 -17"><span class='ocrx_word' id='word_1_839' title='bbox 204 4475 347 4529; x_wconf 72' lang='lat' dir='ltr'>Adrianus.</span> <span class='ocrx_word' id='word_1_840' title='bbox 362 4474 444 4543; x_wconf 75' lang='lat' dir='ltr'>liujus</span> <span class='ocrx_word' id='word_1_841' title='bbox 452 4477 559 4543; x_wconf 80' lang='lat' dir='ltr'>qrtiticm</span> <span class='ocrx_word' id='word_1_842' title='bbox 570 4478 659 4544; x_wconf 90' lang='lat' dir='ltr'>operis</span> <span class='ocrx_word' id='word_1_843' title='bbox 670 4493 730 4531; x_wconf 92' lang='lat' dir='ltr'>cum</span> <span class='ocrx_word' id='word_1_844' title='bbox 739 4477 829 4546; x_wconf 88' lang='lat' dir='ltr'>plures</span> <span class='ocrx_word' id='word_1_845' title='bbox 837 4475 990 4530; x_wconf 91' lang='lat' dir='ltr'>fuerintau-</span> 
     </span>
     <span class='ocr_line' id='line_1_96' title="bbox 204 4544 994 4614; baseline 0.001 -17"><span class='ocrx_word' id='word_1_846' title='bbox 204 4551 304 4608; x_wconf 88' lang='lat' dir='ltr'>ctorcs,</span> <span class='ocrx_word' id='word_1_847' title='bbox 323 4544 410 4599; x_wconf 85' lang='lat' dir='ltr'>Caroli</span> <span class='ocrx_word' id='word_1_848' title='bbox 428 4544 515 4613; x_wconf 86' lang='lat' dir='ltr'>biagni</span> <span class='ocrx_word' id='word_1_849' title='bbox 529 4546 652 4599; x_wconf 91' lang='lat' dir='ltr'>ultimum</span> <span class='ocrx_word' id='word_1_850' title='bbox 675 4548 803 4600; x_wconf 75' lang='lat' dir='ltr'>‹luntaxat</span> <span class='ocrx_word' id='word_1_851' title='bbox 817 4559 877 4601; x_wconf 91' lang='lat' dir='ltr'>esse</span> <span class='ocrx_word' id='word_1_852' title='bbox 889 4547 994 4614; x_wconf 86' lang='lat' dir='ltr'>capitu-</span> 
     </span>
     <span class='ocr_line' id='line_1_97' title="bbox 206 4613 993 4683; baseline 0.005 -18"><span class='ocrx_word' id='word_1_853' title='bbox 206 4613 271 4676; x_wconf 91' lang='lat' dir='ltr'>lum,</span> <span class='ocrx_word' id='word_1_854' title='bbox 286 4623 378 4668; x_wconf 88' lang='lat' dir='ltr'>nrouet</span> <span class='ocrx_word' id='word_1_855' title='bbox 395 4615 465 4668; x_wconf 87' lang='lat' dir='ltr'>idem</span> <span class='ocrx_word' id='word_1_856' title='bbox 489 4614 607 4682; x_wconf 83' lang='lat' dir='ltr'>pontifex</span> <span class='ocrx_word' id='word_1_857' title='bbox 627 4615 769 4679; x_wconf 71' lang='lat' dir='ltr'>adrianus,</span> <span class='ocrx_word' id='word_1_858' title='bbox 784 4615 856 4683; x_wconf 90' lang='lat' dir='ltr'>quod</span> <span class='ocrx_word' id='word_1_859' title='bbox 867 4624 895 4669; x_wconf 91' lang='lat' dir='ltr'>et</span> <span class='ocrx_word' id='word_1_860' title='bbox 908 4622 993 4669; x_wconf 90' lang='lat' dir='ltr'>testa·</span> 
     </span>
     <span class='ocr_line' id='line_1_98' title="bbox 207 4682 994 4752; baseline 0.005 -18"><span class='ocrx_word' id='word_1_861' title='bbox 207 4691 258 4744; x_wconf 90' lang='lat' dir='ltr'>tur,</span> <span class='ocrx_word' id='word_1_862' title='bbox 273 4682 307 4736; x_wconf 91' lang='lat' dir='ltr'>ad</span> <span class='ocrx_word' id='word_1_863' title='bbox 317 4682 381 4738; x_wconf 92' lang='lat' dir='ltr'>iilud</span> <span class='ocrx_word' id='word_1_864' title='bbox 397 4683 423 4736; x_wconf 92' lang='lat' dir='ltr'>in</span> <span class='ocrx_word' id='word_1_865' title='bbox 438 4685 492 4737; x_wconf 89' lang='lat' dir='ltr'>line</span> <span class='ocrx_word' id='word_1_866' title='bbox 507 4685 686 4752; x_wconf 76' lang='lat' dir='ltr'>respondens,</span> <span class='ocrx_word' id='word_1_867' title='bbox 702 4702 751 4739; x_wconf 91' lang='lat' dir='ltr'>nos</span> <span class='ocrx_word' id='word_1_868' title='bbox 768 4700 833 4738; x_wconf 76' lang='lat' dir='ltr'>vero</span> <span class='ocrx_word' id='word_1_869' title='bbox 851 4686 994 4740; x_wconf 87' lang='lat' dir='ltr'>reddemus</span> 
     </span>
     <span class='ocr_line' id='line_1_99' title="bbox 206 4750 429 4821; baseline 0 -15"><span class='ocrx_word' id='word_1_870' title='bbox 206 4765 293 4821; x_wconf 82' lang='lat' dir='ltr'>psum</span> <span class='ocrx_word' id='word_1_871' title='bbox 307 4750 429 4806; x_wconf 89' lang='lat' dir='ltr'>inferius.</span> 
     </span>
    </p>

    <p class='ocr_par' dir='ltr' id='par_1_19' title="bbox 207 4819 997 5655">
     <span class='ocr_line' id='line_1_100' title="bbox 242 4819 994 4894; baseline 0.001 -19"><span class='ocrx_word' id='word_1_872' title='bbox 242 4819 322 4876; x_wconf 81' lang='lat' dir='ltr'>xxii.</span> <span class='ocrx_word' id='word_1_873' title='bbox 345 4820 414 4886; x_wconf 82' lang='lat' dir='ltr'>Quid</span> <span class='ocrx_word' id='word_1_874' title='bbox 433 4823 460 4876; x_wconf 83' lang='lat' dir='ltr'>in</span> <span class='ocrx_word' id='word_1_875' title='bbox 472 4823 572 4893; x_wconf 67' lang='lat' dir='ltr'>agnatio</span> <span class='ocrx_word' id='word_1_876' title='bbox 587 4825 619 4880; x_wconf 84' lang='lat' dir='ltr'>cie</span> <span class='ocrx_word' id='word_1_877' title='bbox 630 4824 796 4894; x_wconf 81' lang='lat' dir='ltr'>itnnginiirttt.</span> <span class='ocrx_word' id='word_1_878' title='bbox 808 4853 844 4864; x_wconf 90' lang='lat'><em>-</em></span> <span class='ocrx_word' id='word_1_879' title='bbox 861 4821 994 4877; x_wconf 74' lang='lat' dir='ltr'>Caeterum</span> 
     </span>
     <span class='ocr_line' id='line_1_101' title="bbox 207 4889 995 4964; baseline 0.001 -18"><span class='ocrx_word' id='word_1_880' title='bbox 207 4889 290 4961; x_wconf 86' lang='lat' dir='ltr'>itquct</span> <span class='ocrx_word' id='word_1_881' title='bbox 305 4893 406 4961; x_wconf 88' lang='lat' dir='ltr'>pariter</span> <span class='ocrx_word' id='word_1_882' title='bbox 427 4891 547 4961; x_wconf 76' lang='lat' dir='ltr'>ejusdem</span> <span class='ocrx_word' id='word_1_883' title='bbox 570 4895 615 4964; x_wconf 90' lang='lat' dir='ltr'>qui</span> <span class='ocrx_word' id='word_1_884' title='bbox 629 4909 709 4963; x_wconf 87' lang='lat' dir='ltr'>supra</span> <span class='ocrx_word' id='word_1_885' title='bbox 721 4894 856 4948; x_wconf 90' lang='lat' dir='ltr'>liinemari</span> <span class='ocrx_word' id='word_1_886' title='bbox 879 4893 995 4947; x_wconf 73' lang='lat' dir='ltr'>aucuri-</span> 
     </span>
     <span class='ocr_line' id='line_1_102' title="bbox 208 4963 995 5027; baseline 0 -11"><span class='ocrx_word' id='word_1_887' title='bbox 208 4970 272 5026; x_wconf 83' lang='lat' dir='ltr'>tate,</span> <span class='ocrx_word' id='word_1_888' title='bbox 296 4963 323 5018; x_wconf 90' lang='lat' dir='ltr'>in</span> <span class='ocrx_word' id='word_1_889' title='bbox 344 4963 439 5017; x_wconf 89' lang='lat' dir='ltr'>codem</span> <span class='ocrx_word' id='word_1_890' title='bbox 459 4963 689 5019; x_wconf 83' lang='lat' dir='ltr'>Francoiordiensi</span> <span class='ocrx_word' id='word_1_891' title='bbox 715 4963 843 5027; x_wconf 90' lang='lat' dir='ltr'>concilio,</span> <span class='ocrx_word' id='word_1_892' title='bbox 871 4965 923 5019; x_wconf 87' lang='lat' dir='ltr'>duo</span> <span class='ocrx_word' id='word_1_893' title='bbox 935 4977 995 5018; x_wconf 86' lang='lat' dir='ltr'>esse</span> 
     </span>
     <span class='ocr_line' id='line_1_103' title="bbox 207 5032 995 5099; baseline -0.004 -11"><span class='ocrx_word' id='word_1_894' title='bbox 207 5032 321 5088; x_wconf 87' lang='lat' dir='ltr'>concilia</span> <span class='ocrx_word' id='word_1_895' title='bbox 333 5034 520 5099; x_wconf 85' lang='lat' dir='ltr'>condemnata,</span> <span class='ocrx_word' id='word_1_896' title='bbox 543 5032 718 5090; x_wconf 87' lang='lat' dir='ltr'>Constantino</span> <span class='ocrx_word' id='word_1_897' title='bbox 737 5035 867 5089; x_wconf 86' lang='lat' dir='ltr'>olitanam</span> <span class='ocrx_word' id='word_1_898' title='bbox 886 5032 995 5088; x_wconf 69' lang='lat' dir='ltr'>barreti·</span> 
     </span>
     <span class='ocr_line' id='line_1_104' title="bbox 207 5102 995 5175; baseline 0 -18"><span class='ocrx_word' id='word_1_899' title='bbox 207 5117 312 5167; x_wconf 86' lang='lat' dir='ltr'>eorum,</span> <span class='ocrx_word' id='word_1_900' title='bbox 323 5119 376 5173; x_wconf 91' lang='lat' dir='ltr'>quo</span> <span class='ocrx_word' id='word_1_901' title='bbox 389 5102 519 5174; x_wconf 83' lang='lat' dir='ltr'>imagines</span> <span class='ocrx_word' id='word_1_902' title='bbox 533 5103 665 5175; x_wconf 80' lang='lat' dir='ltr'>confringi</span> <span class='ocrx_word' id='word_1_903' title='bbox 683 5102 714 5170; x_wconf 82' lang='lat' dir='ltr'>ju</span> <span class='ocrx_word' id='word_1_904' title='bbox 751 5113 853 5168; x_wconf 90' lang='lat' dir='ltr'>rentur,</span> <span class='ocrx_word' id='word_1_905' title='bbox 872 5110 900 5157; x_wconf 89' lang='lat' dir='ltr'>et</span> <span class='ocrx_word' id='word_1_906' title='bbox 910 5103 995 5157; x_wconf 71' lang='lat' dir='ltr'>Nicre-</span> 
     </span>
     <span class='ocr_line' id='line_1_105' title="bbox 209 5173 996 5254; baseline 0.003 -28"><span class='ocrx_word' id='word_1_907' title='bbox 209 5187 274 5227; x_wconf 87' lang='lat' dir='ltr'>uum</span> <span class='ocrx_word' id='word_1_908' title='bbox 298 5173 444 5228; x_wconf 87' lang='lat' dir='ltr'>seeundum</span> <span class='ocrx_word' id='word_1_909' title='bbox 468 5175 598 5254; x_wconf 75' lang='lat' dir='ltr'>quotieas</span> <span class='ocrx_word' id='word_1_910' title='bbox 624 5175 675 5230; x_wconf 89' lang='lat' dir='ltr'>coli</span> <span class='ocrx_word' id='word_1_911' title='bbox 688 5176 896 5244; x_wconf 72' lang='lat' dir='ltr'>praeciperetur:</span> <span class='ocrx_word' id='word_1_912' title='bbox 924 5173 996 5241; x_wconf 85' lang='lat' dir='ltr'>quoti</span> 
     </span>
     <span class='ocr_line' id='line_1_106' title="bbox 208 5241 997 5311; baseline 0 -15"><span class='ocrx_word' id='word_1_913' title='bbox 208 5243 289 5297; x_wconf 91' lang='lat' dir='ltr'>etiam</span> <span class='ocrx_word' id='word_1_914' title='bbox 301 5259 333 5297; x_wconf 82' lang='lat' dir='ltr'>ex</span> <span class='ocrx_word' id='word_1_915' title='bbox 345 5243 485 5310; x_wconf 79' lang='lat' dir='ltr'>capitulari</span> <span class='ocrx_word' id='word_1_916' title='bbox 500 5244 546 5298; x_wconf 91' lang='lat' dir='ltr'>illo</span> <span class='ocrx_word' id='word_1_917' title='bbox 558 5244 625 5300; x_wconf 90' lang='lat' dir='ltr'>libro</span> <span class='ocrx_word' id='word_1_918' title='bbox 643 5244 677 5299; x_wconf 82' lang='lat' dir='ltr'>ad</span> <span class='ocrx_word' id='word_1_919' title='bbox 689 5243 838 5299; x_wconf 70' lang='lat' dir='ltr'>forianum</span> <span class='ocrx_word' id='word_1_920' title='bbox 851 5257 899 5311; x_wconf 90' lang='lat' dir='ltr'>per</span> <span class='ocrx_word' id='word_1_921' title='bbox 914 5241 997 5297; x_wconf 89' lang='lat' dir='ltr'>Caro-</span> 
     </span>
     <span class='ocr_line' id='line_1_107' title="bbox 210 5311 996 5384; baseline 0.001 -19"><span class='ocrx_word' id='word_1_922' title='bbox 210 5311 266 5365; x_wconf 89' lang='lat' dir='ltr'>ium</span> <span class='ocrx_word' id='word_1_923' title='bbox 283 5314 366 5367; x_wconf 86' lang='lat' dir='ltr'>misso</span> <span class='ocrx_word' id='word_1_924' title='bbox 383 5313 497 5384; x_wconf 90' lang='lat' dir='ltr'>intelligi</span> <span class='ocrx_word' id='word_1_925' title='bbox 516 5322 618 5382; x_wconf 84' lang='lat' dir='ltr'>potest;</span> <span class='ocrx_word' id='word_1_926' title='bbox 644 5312 779 5382; x_wconf 87' lang='lat' dir='ltr'>luisseque</span> <span class='ocrx_word' id='word_1_927' title='bbox 801 5329 861 5368; x_wconf 85' lang='lat' dir='ltr'>eam</span> <span class='ocrx_word' id='word_1_928' title='bbox 886 5319 996 5367; x_wconf 86' lang='lat' dir='ltr'>sentcn-</span> 
     </span>
     <span class='ocr_line' id='line_1_108' title="bbox 211 5381 997 5463; baseline -0.001 -29"><span class='ocrx_word' id='word_1_929' title='bbox 211 5381 276 5434; x_wconf 91' lang='lat' dir='ltr'>tiam</span> <span class='ocrx_word' id='word_1_930' title='bbox 300 5381 502 5452; x_wconf 85' lang='lat' dir='ltr'>episcoporum,</span> <span class='ocrx_word' id='word_1_931' title='bbox 517 5386 664 5439; x_wconf 87' lang='lat' dir='ltr'>secundum</span> <span class='ocrx_word' id='word_1_932' title='bbox 702 5384 755 5438; x_wconf 90' lang='lat' dir='ltr'>uod</span> <span class='ocrx_word' id='word_1_933' title='bbox 771 5383 887 5444; x_wconf 88' lang='lat' dir='ltr'>aiebant,</span> <span class='ocrx_word' id='word_1_934' title='bbox 900 5394 997 5463; x_wconf 86' lang='lat' dir='ltr'>perpe·</span> 
     </span>
     <span class='ocr_line' id='line_1_109' title="bbox 211 5400 997 5520; baseline 0.001 -18"><span class='ocrx_word' id='word_1_935' title='bbox 211 5464 270 5503; x_wconf 85' lang='lat' dir='ltr'>ram</span> <span class='ocrx_word' id='word_1_936' title='bbox 284 5452 446 5508; x_wconf 87' lang='lat' dir='ltr'>intellectam</span> <span class='ocrx_word' id='word_1_937' title='bbox 460 5455 621 5509; x_wconf 90' lang='lat' dir='ltr'>seutentiam</span> <span class='ocrx_word' id='word_1_938' title='bbox 634 5451 663 5507; x_wconf 86' lang='lat' dir='ltr'>S.</span> <span class='ocrx_word' id='word_1_939' title='bbox 678 5400 800 5520; x_wconf 66' lang='lat' dir='ltr'>fregerit</span> <span class='ocrx_word' id='word_1_940' title='bbox 821 5466 886 5520; x_wconf 67' lang='lat' dir='ltr'>rapte</span> <span class='ocrx_word' id='word_1_941' title='bbox 899 5466 926 5504; x_wconf 93' lang='lat' dir='ltr'>m</span> <span class='ocrx_word' id='word_1_942' title='bbox 939 5451 997 5519; x_wconf 89' lang='lat' dir='ltr'>epi-</span> 
     </span>
     <span class='ocr_line' id='line_1_110' title="bbox 211 5518 996 5590; baseline 0.001 -18"><span class='ocrx_word' id='word_1_943' title='bbox 211 5518 280 5573; x_wconf 87' lang='lat' dir='ltr'>stola</span> <span class='ocrx_word' id='word_1_944' title='bbox 295 5523 329 5576; x_wconf 81' lang='lat' dir='ltr'>ad</span> <span class='ocrx_word' id='word_1_945' title='bbox 343 5521 483 5586; x_wconf 87' lang='lat' dir='ltr'>Serenum,</span> <span class='ocrx_word' id='word_1_946' title='bbox 498 5532 528 5578; x_wconf 93' lang='lat' dir='ltr'>ut</span> <span class='ocrx_word' id='word_1_947' title='bbox 542 5523 672 5590; x_wconf 77' lang='lat' dir='ltr'>imagines</span> <span class='ocrx_word' id='word_1_948' title='bbox 685 5537 738 5577; x_wconf 92' lang='lat' dir='ltr'>non</span> <span class='ocrx_word' id='word_1_949' title='bbox 754 5536 805 5576; x_wconf 92' lang='lat' dir='ltr'>con</span> <span class='ocrx_word' id='word_1_950' title='bbox 818 5521 996 5589; x_wconf 75' lang='lat' dir='ltr'>cingerentur,</span> 
     </span>
     <span class='ocr_line' id='line_1_111' title="bbox 213 5587 961 5655; baseline 0.001 -14"><span class='ocrx_word' id='word_1_951' title='bbox 213 5587 332 5646; x_wconf 73' lang='lat' dir='ltr'>mdcsse</span> <span class='ocrx_word' id='word_1_952' title='bbox 343 5591 504 5655; x_wconf 88' lang='lat' dir='ltr'>sinerentur,</span> <span class='ocrx_word' id='word_1_953' title='bbox 529 5595 564 5648; x_wconf 90' lang='lat' dir='ltr'>ita</span> <span class='ocrx_word' id='word_1_954' title='bbox 580 5600 669 5647; x_wconf 89' lang='lat' dir='ltr'>tamen</span> <span class='ocrx_word' id='word_1_955' title='bbox 683 5599 712 5648; x_wconf 92' lang='lat' dir='ltr'>ut</span> <span class='ocrx_word' id='word_1_956' title='bbox 726 5607 781 5647; x_wconf 93' lang='lat' dir='ltr'>non</span> <span class='ocrx_word' id='word_1_957' title='bbox 799 5591 961 5646; x_wconf 85' lang='lat' dir='ltr'>colerentur.</span> 
     </span>
    </p>

    <p class='ocr_par' dir='ltr' id='par_1_20' title="bbox 249 5654 999 5732">
     <span class='ocr_line' id='line_1_112' title="bbox 249 5654 999 5732; baseline 0.004 -19"><span class='ocrx_word' id='word_1_958' title='bbox 249 5654 326 5723; x_wconf 80' lang='lat' dir='ltr'>Quod</span> <span class='ocrx_word' id='word_1_959' title='bbox 340 5659 422 5729; x_wconf 87' lang='lat' dir='ltr'>igitur</span> <span class='ocrx_word' id='word_1_960' title='bbox 434 5676 468 5717; x_wconf 78' lang='lat' dir='ltr'>ex</span> <span class='ocrx_word' id='word_1_961' title='bbox 480 5663 551 5720; x_wconf 86' lang='lat' dir='ltr'>dieto</span> <span class='ocrx_word' id='word_1_962' title='bbox 558 5661 699 5732; x_wconf 89' lang='lat' dir='ltr'>capitulari</span> <span class='ocrx_word' id='word_1_963' title='bbox 711 5660 846 5718; x_wconf 82' lang='lat' dir='ltr'>mtumine</span> <span class='ocrx_word' id='word_1_964' title='bbox 863 5661 934 5718; x_wconf 74' lang='lat' dir='ltr'>beuti</span> <span class='ocrx_word' id='word_1_965' title='bbox 950 5676 999 5716; x_wconf 83' lang='lat' dir='ltr'>ac-</span> 
     </span>
    </p>
   </div>
   <div class='ocr_carea' id='block_1_16' title="bbox 1043 4471 1834 5730">
    <p class='ocr_par' dir='ltr' id='par_1_21' title="bbox 1043 4471 1834 5730">
     <span class='ocr_line' id='line_1_113' title="bbox 1043 4471 1826 4544; baseline -0.011 -14"><span class='ocrx_word' id='word_1_966' title='bbox 1043 4475 1201 4530; x_wconf 89' lang='lat' dir='ltr'>ineonsultis</span> <span class='ocrx_word' id='word_1_967' title='bbox 1214 4475 1340 4543; x_wconf 76' lang='lat' dir='ltr'>legitimis</span> <span class='ocrx_word' id='word_1_968' title='bbox 1351 4473 1522 4544; x_wconf 82' lang='lat' dir='ltr'>synodalibus</span> <span class='ocrx_word' id='word_1_969' title='bbox 1538 4473 1622 4536; x_wconf 90' lang='lat' dir='ltr'>actis,</span> <span class='ocrx_word' id='word_1_970' title='bbox 1646 4471 1681 4526; x_wconf 85' lang='lat' dir='ltr'>tie</span> <span class='ocrx_word' id='word_1_971' title='bbox 1696 4487 1726 4526; x_wconf 91' lang='lat' dir='ltr'>re</span> <span class='ocrx_word' id='word_1_972' title='bbox 1745 4477 1826 4531; x_wconf 67' lang='lat' dir='ltr'>unu,</span> 
     </span>
     <span class='ocr_line' id='line_1_114' title="bbox 1043 4539 1825 4613; baseline -0.004 -13"><span class='ocrx_word' id='word_1_973' title='bbox 1043 4545 1246 4600; x_wconf 81' lang='lat' dir='ltr'>aduersantibus</span> <span class='ocrx_word' id='word_1_974' title='bbox 1267 4544 1416 4612; x_wconf 74' lang='lat' dir='ltr'>praesertim</span> <span class='ocrx_word' id='word_1_975' title='bbox 1443 4542 1536 4613; x_wconf 89' lang='lat' dir='ltr'>legatis</span> <span class='ocrx_word' id='word_1_976' title='bbox 1562 4541 1719 4611; x_wconf 70' lang='lat' dir='ltr'>apostolica</span> <span class='ocrx_word' id='word_1_977' title='bbox 1742 4539 1825 4597; x_wconf 82' lang='lat' dir='ltr'>sedis.</span> 
     </span>
     <span class='ocr_line' id='line_1_115' title="bbox 1043 4611 1827 4679; baseline -0.011 -9"><span class='ocrx_word' id='word_1_978' title='bbox 1043 4614 1204 4670; x_wconf 89' lang='lat' dir='ltr'>adversariis</span> <span class='ocrx_word' id='word_1_979' title='bbox 1230 4615 1339 4668; x_wconf 85' lang='lat' dir='ltr'>credere</span> <span class='ocrx_word' id='word_1_980' title='bbox 1363 4612 1530 4667; x_wconf 74' lang='lat' dir='ltr'>maluerunt?</span> <span class='ocrx_word' id='word_1_981' title='bbox 1556 4611 1589 4664; x_wconf 81' lang='lat' dir='ltr'>Et</span> <span class='ocrx_word' id='word_1_982' title='bbox 1600 4624 1720 4679; x_wconf 87' lang='lat' dir='ltr'>quonam</span> <span class='ocrx_word' id='word_1_983' title='bbox 1740 4616 1827 4678; x_wconf 90' lang='lat' dir='ltr'>pacto,</span> 
     </span>
     <span class='ocr_line' id='line_1_116' title="bbox 1044 4680 1828 4753; baseline -0.013 -14"><span class='ocrx_word' id='word_1_984' title='bbox 1044 4700 1090 4739; x_wconf 88' lang='lat' dir='ltr'>eos</span> <span class='ocrx_word' id='word_1_985' title='bbox 1102 4683 1209 4753; x_wconf 85' lang='lat' dir='ltr'>quidem</span> <span class='ocrx_word' id='word_1_986' title='bbox 1225 4683 1344 4751; x_wconf 89' lang='lat' dir='ltr'>potuisse</span> <span class='ocrx_word' id='word_1_987' title='bbox 1355 4681 1455 4743; x_wconf 89' lang='lat' dir='ltr'>fallere,</span> <span class='ocrx_word' id='word_1_988' title='bbox 1464 4682 1506 4736; x_wconf 83' lang='lat' dir='ltr'>rel</span> <span class='ocrx_word' id='word_1_989' title='bbox 1517 4681 1572 4734; x_wconf 90' lang='lat' dir='ltr'>falli</span> <span class='ocrx_word' id='word_1_990' title='bbox 1586 4680 1671 4751; x_wconf 89' lang='lat' dir='ltr'>(quod</span> <span class='ocrx_word' id='word_1_991' title='bbox 1681 4680 1828 4735; x_wconf 86' lang='lat' dir='ltr'>humanum</span> 
     </span>
     <span class='ocr_line' id='line_1_117' title="bbox 1043 4746 1829 4826; baseline -0.015 -17"><span class='ocrx_word' id='word_1_992' title='bbox 1043 4753 1095 4823; x_wconf 82' lang='lat' dir='ltr'>cst)</span> <span class='ocrx_word' id='word_1_993' title='bbox 1121 4769 1173 4806; x_wconf 93' lang='lat' dir='ltr'>non</span> <span class='ocrx_word' id='word_1_994' title='bbox 1191 4760 1331 4821; x_wconf 88' lang='lat' dir='ltr'>putantes,</span> <span class='ocrx_word' id='word_1_995' title='bbox 1357 4766 1463 4807; x_wconf 89' lang='lat' dir='ltr'>omnem</span> <span class='ocrx_word' id='word_1_996' title='bbox 1486 4750 1539 4805; x_wconf 91' lang='lat' dir='ltr'>iilis</span> <span class='ocrx_word' id='word_1_997' title='bbox 1561 4751 1690 4805; x_wconf 86' lang='lat' dir='ltr'>adbibere</span> <span class='ocrx_word' id='word_1_998' title='bbox 1708 4746 1829 4826; x_wconf 67' lang='grc' dir='ltr'>ιίἀοιιιιιι</span> 
     </span>
     <span class='ocr_line' id='line_1_118' title="bbox 1044 4813 1829 4878; baseline -0.015 0"><span class='ocrx_word' id='word_1_999' title='bbox 1044 4823 1168 4878; x_wconf 89' lang='lat' dir='ltr'>omnibus</span> <span class='ocrx_word' id='word_1_1000' title='bbox 1187 4824 1213 4876; x_wconf 93' lang='lat' dir='ltr'>in</span> <span class='ocrx_word' id='word_1_1001' title='bbox 1230 4829 1344 4876; x_wconf 83' lang='lat' dir='ltr'>retenta</span> <span class='ocrx_word' id='word_1_1002' title='bbox 1356 4820 1466 4875; x_wconf 87' lang='lat' dir='ltr'>utinime</span> <span class='ocrx_word' id='word_1_1003' title='bbox 1482 4818 1674 4875; x_wconf 80' lang='lat' dir='ltr'>detractarint?</span> <span class='ocrx_word' id='word_1_1004' title='bbox 1688 4818 1753 4873; x_wconf 69' lang='lat' dir='ltr'>ilaec</span> <span class='ocrx_word' id='word_1_1005' title='bbox 1766 4813 1829 4869; x_wconf 86' lang='lat' dir='ltr'>mtbr</span> 
     </span>
     <span class='ocr_line' id='line_1_119' title="bbox 1044 4885 1831 4962; baseline -0.011 -15"><span class='ocrx_word' id='word_1_1006' title='bbox 1044 4894 1089 4948; x_wconf 90' lang='lat' dir='ltr'>diu</span> <span class='ocrx_word' id='word_1_1007' title='bbox 1107 4892 1249 4962; x_wconf 84' lang='lat' dir='ltr'>cogitanti,</span> <span class='ocrx_word' id='word_1_1008' title='bbox 1266 4891 1380 4960; x_wconf 90' lang='lat' dir='ltr'>etpiane</span> <span class='ocrx_word' id='word_1_1009' title='bbox 1394 4889 1480 4945; x_wconf 87' lang='lat' dir='ltr'>fateor</span> <span class='ocrx_word' id='word_1_1010' title='bbox 1496 4889 1694 4957; x_wconf 87' lang='lat' dir='ltr'>obtupescenti,</span> <span class='ocrx_word' id='word_1_1011' title='bbox 1711 4885 1777 4943; x_wconf 88' lang='lat' dir='ltr'>iliud</span> <span class='ocrx_word' id='word_1_1012' title='bbox 1787 4899 1831 4938; x_wconf 91' lang='lat' dir='ltr'>oc-</span> 
     </span>
     <span class='ocr_line' id='line_1_120' title="bbox 1044 4957 1832 5030; baseline -0.013 -12"><span class='ocrx_word' id='word_1_1013' title='bbox 1044 4962 1142 5023; x_wconf 90' lang='lat' dir='ltr'>currit,</span> <span class='ocrx_word' id='word_1_1014' title='bbox 1164 4963 1207 5016; x_wconf 88' lang='lat' dir='ltr'>bis</span> <span class='ocrx_word' id='word_1_1015' title='bbox 1222 4961 1387 5030; x_wconf 90' lang='lat' dir='ltr'>temporibus</span> <span class='ocrx_word' id='word_1_1016' title='bbox 1404 4975 1447 5014; x_wconf 90' lang='lat' dir='ltr'>res</span> <span class='ocrx_word' id='word_1_1017' title='bbox 1464 4959 1619 5015; x_wconf 67' lang='lat' dir='ltr'>emron-um</span> <span class='ocrx_word' id='word_1_1018' title='bbox 1641 4957 1758 5013; x_wconf 75' lang='lat' dir='ltr'>ancis</span> <span class='ocrx_word' id='word_1_1019' title='bbox 1774 4967 1832 5023; x_wconf 82' lang='lat' dir='ltr'>pcr-</span> 
     </span>
     <span class='ocr_line' id='line_1_121' title="bbox 1044 5025 1832 5103; baseline -0.014 -16"><span class='ocrx_word' id='word_1_1020' title='bbox 1044 5033 1112 5088; x_wconf 90' lang='lat' dir='ltr'>slmc</span> <span class='ocrx_word' id='word_1_1021' title='bbox 1129 5032 1243 5093; x_wconf 86' lang='lat' dir='ltr'>aluisse,</span> <span class='ocrx_word' id='word_1_1022' title='bbox 1263 5046 1294 5085; x_wconf 84' lang='lat' dir='ltr'>cx</span> <span class='ocrx_word' id='word_1_1023' title='bbox 1311 5045 1343 5085; x_wconf 89' lang='lat' dir='ltr'>eo</span> <span class='ocrx_word' id='word_1_1024' title='bbox 1361 5030 1432 5099; x_wconf 92' lang='lat' dir='ltr'>qnod</span> <span class='ocrx_word' id='word_1_1025' title='bbox 1454 5029 1645 5085; x_wconf 88' lang='lat' dir='ltr'>Constantinus</span> <span class='ocrx_word' id='word_1_1026' title='bbox 1665 5028 1733 5096; x_wconf 87' lang='lat' dir='ltr'>imp.</span> <span class='ocrx_word' id='word_1_1027' title='bbox 1749 5025 1832 5103; x_wconf 68' lang='lat' dir='ltr'>irena</span> 
     </span>
     <span class='ocr_line' id='line_1_122' title="bbox 1045 5093 1831 5169; baseline -0.017 -12"><span class='ocrx_word' id='word_1_1028' title='bbox 1045 5101 1209 5157; x_wconf 76' lang='lat' dir='ltr'>matrissuae</span> <span class='ocrx_word' id='word_1_1029' title='bbox 1224 5101 1339 5169; x_wconf 87' lang='lat' dir='ltr'>impulsu</span> <span class='ocrx_word' id='word_1_1030' title='bbox 1359 5100 1490 5155; x_wconf 89' lang='lat' dir='ltr'>recusarit</span> <span class='ocrx_word' id='word_1_1031' title='bbox 1510 5097 1643 5168; x_wconf 83' lang='lat' dir='ltr'>pollicitos</span> <span class='ocrx_word' id='word_1_1032' title='bbox 1660 5095 1773 5167; x_wconf 87' lang='lat' dir='ltr'>nuptias</span> <span class='ocrx_word' id='word_1_1033' title='bbox 1788 5093 1831 5146; x_wconf 91' lang='lat' dir='ltr'>dm</span> 
     </span>
     <span class='ocr_line' id='line_1_123' title="bbox 1045 5164 1832 5239; baseline -0.011 -13"><span class='ocrx_word' id='word_1_1034' title='bbox 1045 5178 1212 5239; x_wconf 79' lang='lat' dir='ltr'>exspectatas</span> <span class='ocrx_word' id='word_1_1035' title='bbox 1224 5170 1285 5224; x_wconf 80' lang='lat' dir='ltr'>iiiiae</span> <span class='ocrx_word' id='word_1_1036' title='bbox 1297 5170 1386 5225; x_wconf 82' lang='lat' dir='ltr'>Caroli</span> <span class='ocrx_word' id='word_1_1037' title='bbox 1403 5169 1501 5238; x_wconf 86' lang='lat' dir='ltr'>iiagni,</span> <span class='ocrx_word' id='word_1_1038' title='bbox 1524 5169 1558 5223; x_wconf 93' lang='lat' dir='ltr'>ob</span> <span class='ocrx_word' id='word_1_1039' title='bbox 1582 5167 1663 5236; x_wconf 86' lang='lat' dir='ltr'>itique</span> <span class='ocrx_word' id='word_1_1040' title='bbox 1687 5164 1832 5236; x_wconf 81' lang='lat' dir='ltr'>quamlibet</span> 
     </span>
     <span class='ocr_line' id='line_1_124' title="bbox 1045 5234 1832 5317; baseline -0.015 -20"><span class='ocrx_word' id='word_1_1041' title='bbox 1045 5240 1162 5297; x_wconf 87' lang='lat' dir='ltr'>oblatam</span> <span class='ocrx_word' id='word_1_1042' title='bbox 1179 5241 1347 5295; x_wconf 89' lang='lat' dir='ltr'>occasionem</span> <span class='ocrx_word' id='word_1_1043' title='bbox 1369 5239 1514 5308; x_wconf 84' lang='lat' dir='ltr'>arripuisse</span> <span class='ocrx_word' id='word_1_1044' title='bbox 1539 5238 1619 5294; x_wconf 87' lang='lat' dir='ltr'>rebus</span> <span class='ocrx_word' id='word_1_1045' title='bbox 1640 5236 1675 5291; x_wconf 89' lang='lat' dir='ltr'>ab</span> <span class='ocrx_word' id='word_1_1046' title='bbox 1688 5251 1722 5292; x_wconf 88' lang='lat' dir='ltr'>eo</span> <span class='ocrx_word' id='word_1_1047' title='bbox 1736 5234 1832 5317; x_wconf 85' lang='lat' dir='ltr'>gestis,</span> 
     </span>
     <span class='ocr_line' id='line_1_125' title="bbox 1044 5306 1832 5393; baseline -0.009 -29"><span class='ocrx_word' id='word_1_1048' title='bbox 1044 5311 1173 5393; x_wconf 82' lang='lat' dir='ltr'>pietatem</span> <span class='ocrx_word' id='word_1_1049' title='bbox 1184 5311 1246 5366; x_wconf 89' lang='lat' dir='ltr'>licet</span> <span class='ocrx_word' id='word_1_1050' title='bbox 1257 5309 1505 5378; x_wconf 79' lang='lat' dir='ltr'>praeseferentibus,</span> <span class='ocrx_word' id='word_1_1051' title='bbox 1519 5306 1678 5364; x_wconf 88' lang='lat' dir='ltr'>detrahendi</span> <span class='ocrx_word' id='word_1_1052' title='bbox 1693 5314 1797 5377; x_wconf 82' lang='lat' dir='ltr'>pariter</span> <span class='ocrx_word' id='word_1_1053' title='bbox 1806 5307 1832 5357; x_wconf 90' lang='lat' dir='ltr'>cl</span> 
     </span>
     <span class='ocr_line' id='line_1_126' title="bbox 1047 5374 1832 5449; baseline -0.01 -15"><span class='ocrx_word' id='word_1_1054' title='bbox 1047 5380 1207 5446; x_wconf 78' lang='lat' dir='ltr'>insultandi3</span> <span class='ocrx_word' id='word_1_1055' title='bbox 1233 5387 1315 5449; x_wconf 86' lang='lat' dir='ltr'>atque</span> <span class='ocrx_word' id='word_1_1056' title='bbox 1335 5379 1402 5434; x_wconf 85' lang='lat' dir='ltr'>adeo</span> <span class='ocrx_word' id='word_1_1057' title='bbox 1424 5379 1508 5447; x_wconf 86' lang='lat' dir='ltr'>ipsam</span> <span class='ocrx_word' id='word_1_1058' title='bbox 1530 5376 1666 5432; x_wconf 78' lang='lat' dir='ltr'>iiietenam</span> <span class='ocrx_word' id='word_1_1059' title='bbox 1691 5374 1832 5447; x_wconf 80' lang='lat' dir='ltr'>synodum,</span> 
     </span>
     <span class='ocr_line' id='line_1_127' title="bbox 1047 5447 1833 5574; baseline -0.009 -68"><span class='ocrx_word' id='word_1_1060' title='bbox 1047 5452 1167 5520; x_wconf 90' lang='lat' dir='ltr'>ipsorum</span> <span class='ocrx_word' id='word_1_1061' title='bbox 1179 5464 1260 5574; x_wconf 57' lang='lat' dir='ltr'>ugera</span> <span class='ocrx_word' id='word_1_1062' title='bbox 1273 5450 1412 5505; x_wconf 89' lang='lat' dir='ltr'>collectam</span> <span class='ocrx_word' id='word_1_1063' title='bbox 1430 5455 1457 5503; x_wconf 88' lang='lat' dir='ltr'>ct</span> <span class='ocrx_word' id='word_1_1064' title='bbox 1467 5447 1616 5504; x_wconf 85' lang='lat' dir='ltr'>absolutam</span> <span class='ocrx_word' id='word_1_1065' title='bbox 1635 5462 1691 5502; x_wconf 86' lang='lat' dir='ltr'>nott</span> <span class='ocrx_word' id='word_1_1066' title='bbox 1705 5449 1766 5502; x_wconf 91' lang='lat' dir='ltr'>sine</span> <span class='ocrx_word' id='word_1_1067' title='bbox 1779 5451 1833 5499; x_wconf 86' lang='lat' dir='ltr'>sto-</span> 
     </span>
     <span class='ocr_line' id='line_1_128' title="bbox 1047 5515 1834 5587; baseline -0.011 -12"><span class='ocrx_word' id='word_1_1068' title='bbox 1047 5521 1144 5576; x_wconf 88' lang='lat' dir='ltr'>macho</span> <span class='ocrx_word' id='word_1_1069' title='bbox 1155 5534 1188 5574; x_wconf 89' lang='lat' dir='ltr'>an</span> <span class='ocrx_word' id='word_1_1070' title='bbox 1209 5519 1305 5575; x_wconf 79' lang='lat' dir='ltr'>&#39;tisscz</span> <span class='ocrx_word' id='word_1_1071' title='bbox 1319 5519 1442 5574; x_wconf 89' lang='lat' dir='ltr'>homines</span> <span class='ocrx_word' id='word_1_1072' title='bbox 1455 5534 1556 5581; x_wconf 89' lang='lat' dir='ltr'>sumus,</span> <span class='ocrx_word' id='word_1_1073' title='bbox 1573 5525 1600 5573; x_wconf 92' lang='lat' dir='ltr'>et</span> <span class='ocrx_word' id='word_1_1074' title='bbox 1614 5517 1736 5587; x_wconf 85' lang='lat' dir='ltr'>quaudiu</span> <span class='ocrx_word' id='word_1_1075' title='bbox 1748 5517 1774 5569; x_wconf 93' lang='lat' dir='ltr'>in</span> <span class='ocrx_word' id='word_1_1076' title='bbox 1786 5515 1834 5569; x_wconf 83' lang='lat' dir='ltr'>bac</span> 
     </span>
     <span class='ocr_line' id='line_1_129' title="bbox 1048 5582 1834 5673; baseline -0.008 -28"><span class='ocrx_word' id='word_1_1077' title='bbox 1048 5591 1103 5645; x_wconf 85' lang='lat' dir='ltr'>rita</span> <span class='ocrx_word' id='word_1_1078' title='bbox 1118 5590 1248 5673; x_wconf 86' lang='lat' dir='ltr'>degimus,</span> <span class='ocrx_word' id='word_1_1079' title='bbox 1260 5591 1335 5645; x_wconf 90' lang='lat' dir='ltr'>bisce</span> <span class='ocrx_word' id='word_1_1080' title='bbox 1344 5590 1477 5645; x_wconf 80' lang='lat' dir='ltr'>interdum</span> <span class='ocrx_word' id='word_1_1081' title='bbox 1490 5588 1602 5658; x_wconf 80' lang='lat' dir='ltr'>privatis</span> <span class='ocrx_word' id='word_1_1082' title='bbox 1612 5586 1717 5657; x_wconf 85' lang='lat' dir='ltr'>pulsari</span> <span class='ocrx_word' id='word_1_1083' title='bbox 1735 5582 1834 5641; x_wconf 83' lang='lat' dir='ltr'>affecti·</span> 
     </span>
     <span class='ocr_line' id='line_1_130' title="bbox 1049 5655 1833 5730; baseline -0.011 -11"><span class='ocrx_word' id='word_1_1084' title='bbox 1049 5661 1099 5719; x_wconf 84' lang='lat' dir='ltr'>bus</span> <span class='ocrx_word' id='word_1_1085' title='bbox 1113 5660 1189 5717; x_wconf 86' lang='lat' dir='ltr'>inuti</span> <span class='ocrx_word' id='word_1_1086' title='bbox 1207 5659 1340 5730; x_wconf 89' lang='lat' dir='ltr'>cogimur.</span> <span class='ocrx_word' id='word_1_1087' title='bbox 1365 5658 1454 5715; x_wconf 85' lang='lat' dir='ltr'>ilitior</span> <span class='ocrx_word' id='word_1_1088' title='bbox 1474 5660 1509 5714; x_wconf 87' lang='lat' dir='ltr'>sit</span> <span class='ocrx_word' id='word_1_1089' title='bbox 1529 5659 1580 5714; x_wconf 87' lang='lat' dir='ltr'>ista</span> <span class='ocrx_word' id='word_1_1090' title='bbox 1601 5655 1833 5727; x_wconf 57' lang='lat' dir='ltr'>reprehensum</span> 
     </span>
    </p>
   </div>
   <div class='ocr_carea' id='block_1_17' title="bbox 0 0 1923 6116">
    <p class='ocr_par' dir='ltr' id='par_1_22' title="bbox 0 0 1923 6116">
     <span class='ocr_line' id='line_1_131' title="bbox 0 0 1923 6116; baseline 0 0"><span class='ocrx_word' id='word_1_1091' title='bbox 0 0 1923 6116; x_wconf 95' lang='lat' dir='ltr'> </span> 
     </span>
    </p>
   </div>
  </div>
 </body>
</html>
