3780 6120
182 248 235 312 835

616 240 646 296 u.
666 239 791 297 utuoll
812 239 918 296 usual
938 240 1013 298 ΟΡΡ.
1034 240 1124 298 etus
1143 242 1163 298 l.
1184 240 1307 298 suerio
1322 238 1366 297 ul.

1760 234 1812 290 836

181 365 265 440 479
282 370 312 419 ιιι
326 362 421 426 fertur,
443 374 504 417 cum
517 367 574 412 toto
590 365 693 427 potenti
712 371 761 411 suo
781 355 902 410 exercitii
921 356 971 409 im·
985 360 1009 418 Λ
1022 357 1062 410 eis
1076 356 1207 416 dcliilibus
1220 355 1355 427 possimus
1368 352 1402 407 de
1414 348 1609 407 munitionibus
1622 347 1761 418 predictis
1772 349 1817 404 dc·

181 444 321 498 inuratur,
342 433 390 488 sed
411 431 521 486 oinnino
550 429 690 497 ignoratur
711 427 745 480 ab
767 425 892 480 omnibus
918 439 972 494 quo

181 506 240 575 ejus
259 504 385 558 efferatur
400 501 529 561 intentio,
553 497 593 551 rel
608 498 634 551 in
649 497 720 564 quod
732 495 791 564 ejus
811 494 910 550 effrena
925 510 972 548 ro-

182 575 272 628 luntas
285 573 416 628 inebriata
436 567 579 637 triumphis
592 567 736 636 praeteritis
755 575 783 620 ct
798 565 892 633 spoliis
907 564 972 618 flilc·

182 644 247 697 lium
261 640 412 697 humefacta
425 638 592 708 frequentius
601 636 763 704 impellatur.
778 636 817 689 Eri
833 635 874 689 his
889 635 973 704 igitur

181 723 209 767 et
228 713 288 767 allis
301 711 412 766 infinitis
430 708 558 778 perieulis
575 713 602 760 et
623 708 763 761 timoribus
784 720 832 774 per
852 705 972 758 ditersas

182 783 296 845 litteras,
314 791 343 836 et
358 781 487 849 speciales
501 778 610 831 nuntios
622 777 752 830 intimatis
769 775 884 829 fideliter
898 782 973 829 tanto

182 854 238 922 regi
254 866 277 917 t,
298 851 395 921 quibus
407 865 491 918 usquc
505 849 538 901 ad
556 847 675 901 cordium
698 847 802 900 risccra
820 853 847 901 et
874 844 972 897 funda-

182 931 273 976 inenta
291 921 469 979 concutimur,
488 918 545 971 locu
560 925 661 979 mistia,
678 930 738 982 qum
752 916 793 969 sui
806 915 859 969 situ
877 923 905 967 ct
917 912 973 967 bel-

182 992 298 1048 latorum
317 990 416 1045 auxilio
430 987 514 1043 furori
527 988 611 1041 bostis
629 987 755 1040 resistcre
769 999 848 1054 posse
861 982 973 1038 confidi·

183 1077 252 1124 mus,
275 1060 449 1121 muniuntur,
468 1057 545 1127 juxta
568 1056 745 1110 munientium
759 1055 919 1117 facultates,
946 1061 974 1106 ct

182 1133 217 1185 ab
230 1130 453 1212 expugnabilibus
467 1142 562 1183 eorum
577 1126 671 1180 incolae
688 1141 741 1181 non
762 1125 863 1192 absque
882 1123 973 1193 graui·

181 1200 232 1255 lius
246 1200 413 1255 detrimentis
432 1214 523 1255 rernm
545 1207 729 1264 etcorporum
746 1194 896 1263 angustiis,
911 1206 973 1247 cum

182 1271 253 1333 filiis,
269 1271 359 1334 rebus,
375 1279 402 1323 et
417 1267 594 1321 familiaribus
608 1267 664 1320 suls
681 1267 714 1319 ad
727 1265 785 1319 loca
800 1264 898 1318 tutiora
912 1278 976 1317 enn-

183 1340 305 1411 fuglunt,
332 1339 433 1393 laribus
454 1337 571 1405 propriis
595 1335 739 1389 derelictis.
760 1334 894 1389 Caeterum
912 1347 973 1386 cura

183 1409 291 1464 illorum
305 1409 421 1463 miseriis
437 1416 463 1460 et
483 1405 619 1467 aerumnis,
636 1420 652 1457 a
671 1405 770 1472 quibus
781 1412 808 1457 et
821 1418 902 1473 super
912 1401 973 1484 qui·

182 1479 233 1532 lius
246 1478 444 1538 diversimode,
470 1483 497 1530 et
509 1475 684 1543 frequenter,
710 1473 861 1542 importune
875 1488 907 1526 ac
921 1486 973 1526 im·

183 1555 299 1616 portame
312 1546 483 1616 requirimur,
505 1543 666 1598 necessariis
680 1543 822 1610 nequimus
831 1541 975 1597 subuenire

184 1616 321 1681 remediis,
346 1616 445 1670 doloris
459 1614 605 1668 acerbitate
617 1612 804 1676 coiifmlimur,
819 1621 847 1667 et
861 1613 888 1665 in
901 1610 975 1665 defc-

1022 426 1158 480 fensorum
1176 426 1385 495 opportunitate,
1398 437 1430 475 ac
1448 420 1612 488 competenti
1624 418 1747 482 sulisidio
1757 433 1816 488 pro

1022 497 1112 552 ridere
1128 508 1151 549 ι.
1167 496 1309 550 Provideat
1321 509 1387 564 ergo
1400 507 1556 560 (quesumus
1571 490 1638 544 tanti
1649 488 1734 560 [080
1748 489 1817 559 reip's

1022 567 1163 621 clementia
1178 568 1249 620 circa
1263 564 1383 632 exposita
1399 561 1516 615 uliomm
1531 559 1660 628 pericula,
1677 566 1817 614 succurrat

1022 637 1134 691 dextera
1149 645 1244 690 restrae
1257 635 1385 703 potentie
1407 631 1505 686 festino
1528 630 1647 683 remedio
1667 629 1746 683 nubis
1763 629 1816 698 lupi

1023 707 1128 774 rapacis
1143 706 1246 760 insidiis
1260 704 1457 771 circumceptis,
1471 701 1562 769 palpet
1574 700 1654 752 beata
1667 714 1763 752 manus
1778 714 1815 753 rc

1022 777 1064 844 gia
1083 777 1175 844 plagas
1195 784 1301 829 nostras
1322 783 1349 829 et
1371 773 1499 834 uulnera,
1523 777 1660 841 unguenta
1679 767 1816 822 salutifera

1024 845 1076 900 illis
1091 845 1292 907 misericordias,
1313 844 1469 914 priusquam
1486 840 1593 894 illorum
1608 838 1699 919 saiiics
1717 836 1816 892 medul-

1023 915 1056 971 lis
1078 915 1217 980 iuliiereat,
1245 913 1418 969 infundendo.
1443 912 1586 965 Dominum
1600 909 1686 962 Eliain
1701 909 1735 964 de
1748 908 1817 963 insat

1023 984 1136 1044 militem
1151 985 1265 1040 latorem
1279 983 1453 1053 presentium
1468 991 1495 1035 et
1509 981 1536 1034 in
1550 988 1623 1034 terra
1638 978 1742 1033 diutius
1756 993 1816 1035 con·

1022 1064 1158 1109 uersatum
1183 1053 1359 1126 magnitudini
1382 1061 1479 1106 restrae
1499 1049 1659 1120 propensius
1683 1063 1816 1103 commen·

1023 1124 1128 1183 tlemus.
1152 1124 1232 1179 Vitat
1247 1132 1275 1179 et
1289 1123 1378 1178 valcat
1399 1120 1527 1190 maiestas
1542 1120 1615 1190 regia
1638 1134 1686 1189 per
1700 1126 1814 1199 tempora

1023 1193 1162 1264 longiora,
1188 1195 1230 1250 eui
1249 1209 1299 1249 uos
1322 1202 1350 1248 et
1363 1193 1477 1249 'ferram
1501 1199 1624 1249 satietaiu
1647 1188 1816 1244 devotissime

1022 1265 1256 1321 commendamus.

1291 1371 1458 1430 EPISTOLA
1483 1370 1549 1427 atti.

1024 1484 1179 1556 liudolphus
1195 1484 1285 1557 recipit
1304 1485 1332 1539 in
1345 1483 1453 1540 tutelari
1471 1481 1599 1553 pupillum
1616 1481 1813 1552 quinqueremi.

1173 1595 1236 1671 (Am
1250 1595 1329 1651 Dum.
1344 1595 1424 1661 taso,
1439 1594 1497 1650 cod.
1513 1593 1584 1650 Ruti.
1602 1596 1669 1659 xii.)

183 1694 256 1741 ctum
272 1686 379 1750 virium,
395 1684 588 1753 compassionis
603 1683 645 1736 rel
655 1681 798 1737 affectuum
813 1681 975 1737 exsolvimus
989 1699 1013 1761 ῃ
1026 1705 1225 1762 „cmm-q,
1244 1736 1280 1748 -.
1301 1706 1456 1775 Rudulplnis
1479 1707 1628 1776 pupillum,
1651 1706 1699 1775 qui
1721 1720 1814 1760 annum

183 1764 211 1809 et
227 1755 360 1825 lacrymas
382 1755 522 1809 charitatis
536 1753 561 1805 b.
581 1752 660 1806 Norit
677 1752 801 1821 equidem
815 1751 973 1806 excellentia

184 1836 274 1880 restra
287 1826 358 1879 vires
370 1824 553 1878 habitatorum
568 1822 671 1892 Syriae,
695 1829 836 1878 aestatum
857 1821 974 1876 bribilem

184 1894 329 1964 provincie
352 1894 523 1957 cismarina,
552 1893 627 1947 norit
651 1893 761 1961 insuper
784 1891 974 1962 AEgypliorum

184 1965 340 2035 potentiam,
357 1964 431 2018 norit
443 1971 573 2031 preterea
584 1971 719 2017 extremas
733 1963 892 2031 patriarche
903 1959 976 2015 tero

183 2035 336 2106 solymitani
358 2034 499 2102 praedicti,
521 2048 553 2088 ac
565 2033 752 2102 religiosorum
775 2032 895 2085 omnium
909 2045 976 2099 pau·

183 2112 320 2174 pertatcs,
338 2106 413 2157 norit
428 2104 462 2159 ad
476 2105 532 2157 brec
546 2104 654 2172 quartis
677 2101 871 2156 munitionibus
885 2115 976 2156 muro·

185 2188 256 2238 rum,
271 2173 467 2241 machinarum,
483 2173 667 2243 garrularum,
684 2171 830 2242 galearum,
854 2186 885 2225 ac
899 2171 976 2225 belli-

1059 1778 1148 1831 actatii
1163 1779 1287 1847 quintum
1304 1779 1423 1831 nondum
1437 1779 1546 1847 eregit,
1564 1777 1638 1846 regia
1657 1777 1710 1831 sub
1727 1786 1814 1846 prote·

1059 1848 1150 1902 ctione
1164 1847 1279 1917 accipit:
1299 1846 1412 1917 ejusque
1432 1849 1501 1901 bona
1524 1847 1613 1901 omnia
1633 1853 1689 1900 tam
1711 1846 1814 1901 mobilia

1060 1932 1140 1984 quain
1151 1917 1297 1976 immobilia
1314 1932 1343 1972 se
1359 1918 1432 1986 regio
1446 1917 1599 1987 patrocinio
1610 1916 1711 1970 tirenda
1730 1931 1816 1970 susce·

1059 1987 1136 2095 pissed
1149 1987 1202 2042 hoc
1217 1987 1361 2058 diplomate
1378 2003 1427 2057 per
1452 1996 1538 2043 totum
1558 1987 1705 2056 imperium
1719 1987 1816 2040 denun-

1061 2057 1110 2112 tiat
1141 2096 1148 2111 .

1059 2168 1100 2224 Ad
1111 2171 1162 2224 boe
1175 2171 1276 2225 nostris
1290 2170 1412 2226 humeris
1429 2171 1510 2240 regim
1530 2170 1668 2240 dignitatis
1681 2179 1724 2224 est
1736 2170 1816 2239 impo-

183 2258 278 2298 cnrum
293 2243 534 2299 instrumentorum
549 2243 625 2311 copia
648 2250 748 2296 sancte
763 2240 854 2295 Terre
875 2250 975 2295 nostrie
1024 2238 1093 2294 situs
1105 2241 1291 2311 principatus,
1307 2241 1429 2310 annique
1443 2242 1527 2295 nostri
1544 2256 1628 2295 sacrae
1649 2240 1816 2295 delibutionis

185 2313 336 2367 muniendae
348 2313 494 2383 indigeant,
515 2313 589 2366 norit
615 2312 730 2375 finaliter
747 2326 796 2365 iios
809 2325 903 2366 carere
917 2309 975 2364 suf·
1025 2309 1085 2363 oleo
1098 2319 1161 2367 sunt
1179 2313 1320 2382 peruncti,
1342 2320 1371 2364 ul
1390 2326 1470 2364 inanu
1488 2310 1670 2375 fortitudinis,
1694 2310 1816 2369 bracliiu·

183 2383 302 2438 ficientia
317 2382 498 2447 defensorum,
514 2389 542 2435 et
559 2397 592 2435 ex
604 2383 681 2436 nobis
699 2381 741 2435 vel
762 2381 869 2436 aliunde
882 2389 976 2449 poten·
1024 2393 1078 2447 que
1089 2389 1199 2436 extento
1213 2382 1297 2436 sinius
1312 2382 1432 2436 oninium
1446 2381 1496 2437 sub
1511 2380 1634 2437 Romano
1647 2380 1761 2450 imperio
1775 2382 1817 2438 de·

184 2453 251 2508 tium
261 2467 312 2523 pro
325 2452 466 2524 stipendiis
486 2466 540 2506 non
559 2452 668 2519 babere,
684 2452 754 2506 uuile
766 2459 793 2506 et
805 2451 883 2507 nobis
897 2459 923 2505 et
937 2450 977 2505 lo-
1024 2449 1144 2521 gentium
1159 2450 1314 2507 defensores
1328 2463 1350 2503 ι.
1365 2450 1419 2505 Sed
1432 2452 1484 2505 etsi
1498 2458 1637 2505 teneamur
1652 2451 1753 2506 adbuc
1763 2466 1817 2503 oin·

184 2606 320 2670 ululatus,
344 2602 477 2669 lanienta,
501 2619 633 2674 vocesque
657 2605 779 2675 ingentes
803 2603 976 2662 moerentium
1026 2605 1099 2677 regis
1114 2619 1207 2676 regum
1224 2604 1386 2661 imitatorem
1401 2604 1528 2660 ostendit.
1554 2605 1591 2658 lle
1606 2603 1701 2659 codem
1715 2611 1742 2658 ct
1756 2603 1817 2666 illul

184 2676 354 2742 exaudiebat,
366 2675 400 2730 ob
414 2674 586 2746 direptiones,
601 2674 723 2738 vulnera,
745 2681 849 2745 stupra,
862 2682 889 2729 et
902 2674 970 2728 occi·
1027 2684 1163 2740 narratur,
1181 2675 1334 2745 increpasse
1354 2676 1388 2728 ali
1409 2675 1498 2728 nando
1511 2674 1656 2735 satellites,
1673 2675 1720 2742 qui
1736 2674 1818 2729 liunii

183 2748 273 2801 sinncs
290 2760 338 2818 pcr
356 2745 486 2799 barbaros
507 2743 592 2799 factas
615 2744 828 2801 commendabat.
845 2742 913 2798 Cum
937 2743 977 2799 sie
1026 2745 1066 2801 les
1078 2761 1110 2799 ac
1123 2746 1254 2811 tenuioris
1268 2691 1521 2801 fortunaciiomincs
1535 2745 1705 2807 ainorebant,
1726 2758 1819 2799 conec·

183 2822 283 2882 orarct,
303 2831 367 2870 cccc
389 2815 574 2869 nefandissimi
592 2814 714 2868 bondncs
738 2813 866 2885 templum
890 2813 977 2884 ingre·
1025 2815 1081 2886 ptls
1102 2815 1145 2870 bis
1156 2816 1264 2870 serbis:
1292 2815 1369 2868 «Per
1382 2815 1475 2876 Deum,
1499 2815 1579 2869 sinite
1594 2814 1719 2869 bonrincs
1732 2815 1765 2868 ad
1779 2827 1818 2868 nic

185 2887 304 2951 diamur,
322 2885 464 2955 ipsumque
476 2900 538 2939 cum
556 2884 635 2939 dictis
648 2882 778 2938 fratribus
791 2892 853 2938 ante
871 2897 976 2938 sacram
1026 2885 1128 2941 venire.
1145 2883 1203 2940 Non
1218 2886 1289 2940 enim
1303 2886 1364 2940 idco
1375 2885 1409 2939 ad
1424 2885 1458 2939 iiii
1496 2885 1565 2939 rium
1579 2891 1687 2939 creatus
1699 2898 1770 2950 suin,
1792 2895 1818 2939 ut

184 2972 259 3011 aram
277 2954 498 3025 procumbentem
514 2953 658 3009 crudeliter
671 2967 840 3024 peremerei
858 2953 913 3008 llac
925 2967 976 3007 au·
1025 2954 1055 3015 lii
1067 2955 1158 3010 arcula
1173 2955 1296 3012 includor
1312 2976 1321 3007 i
1338 2954 1423 3038 qLips.
1471 2971 1514 3009 ori.
1528 2953 1587 3008 Pol.
1603 2969 1628 3010 c.
1645 2953 1684 3026 7).

185 3035 240 3080 tem
254 3024 280 3078 iii
293 3024 403 3094 regione
414 3031 476 3077 ante
489 3038 574 3077 annos
586 3030 647 3077 octo
664 3023 690 3077 in
704 3022 874 3078 solitudinem
886 3037 973 3088 versa,
989 3051 1011 3114 c
1065 3024 1141 3091 euni
1164 3040 1300 3095 nusquam
1321 3026 1372 3079 nisi
1388 3023 1459 3094 regis
1473 3023 1581 3079 titulum
1600 3033 1714 3095 usurpat
1736 3031 1775 3079 toi
1794 3024 1819 3081 iit

185 3093 399 3149 Christianorum
420 3093 548 3163 sanquine
570 3091 664 3147 satiari
680 3093 801 3162 cupiens,
824 3100 975 3148 anacastra
1027 3095 1202 3166 epistolarum
1217 3110 1338 3161 numero,
1363 3095 1406 3150 bic
1421 3095 1521 3164 regiani
1538 3095 1723 3151 inunctionem
1737 3110 1767 3149 se
1779 3111 1821 3149 ai·-

187 3166 283 3219 fnierat
295 3162 461 3218 Beiidocdar.
1027 3166 1131 3233 cepisse
1146 3164 1284 3247 gloriatur,
1309 3181 1403 3220 corum
1414 3164 1547 3234 ingratiis,
1560 3165 1606 3233 qui
1620 3165 1820 3234 imperatoriam

222 3246 235 3276 ι
250 3234 307 3288 uuo
329 3232 372 3286 liic
386 3231 634 3288 animadvertenda.
655 3229 776 3286 Pdmum
791 3246 862 3287 anno
883 3232 977 3288 eodeni
1026 3250 1089 3290 cuni
1104 3250 1176 3304 regia
1191 3233 1369 3299 confundunt,
1386 3248 1516 3306 regesque
1528 3249 1621 3291 ornnes
1629 3233 1820 3298 Romanorum,

186 3302 255 3357 teis
267 3301 364 3372 sapius
374 3300 407 3354 ad
420 3301 589 3425 liudolplium
604 3301 720 3366 litteras,
741 3309 769 3357 et
788 3303 896 3357 nuntios
916 3303 978 3358 mis
1027 3305 1083 3361 imo
1094 3307 1177 3359 ctiaiii
1190 3303 1342 3360 Germaniae
1358 3306 1533 3374 imperatores
1553 3304 1709 3375 appellant,
1734 3303 1822 3375 cujus·

186 3388 232 3431 sos
242 3388 311 3436 esse,
330 3385 384 3442 quo
398 3372 435 3425 nil
451 3387 497 3427 cre
516 3371 606 3425 initias
623 3372 703 3426 rebus
722 3371 843 3441 trepidis.
856 3371 978 3428 Alterum
1028 3375 1100 3429 modi
1122 3383 1163 3430 est
1177 3372 1304 3430 collector
1319 3376 1415 3431 barum
1431 3374 1589 3438 litterarum,
1613 3375 1658 3445 qni
1672 3390 1725 3430 non
1741 3374 1821 3433 sema-l

186 3443 279 3526 Cyprii
293 3441 364 3512 regis
376 3441 494 3512 Hugonis
510 3441 707 3506 liberalitatem,
722 3456 767 3495 scu
782 3442 871 3511 potius
886 3458 979 3496 asseri·
1027 3440 1196 3514 Rudolpliuiu
1213 3444 1310 3515 ipsum,
1335 3453 1500 3516 repugnante
1513 3446 1617 3509 colem,
1632 3445 1822 3515 imperatorem

186 3522 315 3568 fanonem
327 3527 341 3564 a
355 3512 662 3580 patriarcbaenicndari,
674 3511 978 3585 dunifludolpboalium
1028 3514 1153 3584 appellnt.
1179 3515 1267 3569 l'crlia
1286 3516 1432 3579 orationis,
1454 3530 1514 3584 qum
1532 3515 1559 3569 in
1578 3517 1648 3585 riqis
1669 3517 1823 3572 inunctione

187 3583 294 3637 titulum
308 3596 390 3650 quani
401 3582 505 3652 regium
522 3596 574 3635 non
589 3582 694 3636 tribuit.
1048 3584 1222 3649 referuntur,
1237 3585 1367 3640 audienda
1382 3601 1415 3640 ex
1431 3583 1529 3641 I‘nn'if.
1548 3582 1626 3640 fluia.
1645 3604 1655 3635 ι
1672 3585 1822 3648 Constitue,

223 3650 385 3705 blordanus
411 3666 453 3721 ap.
480 3650 610 3722 llaynald.
631 3651 729 3717 (lali,
756 3669 783 3706 n.
815 3649 860 3720 lit)
884 3651 977 3717 refert,
1028 3600 1160 3718 fiontius,
1184 3655 1363 3725 principatum
1386 3670 1466 3725 super
1490 3655 1633 3711 humerum
1650 3654 1724 3724 rjus,
1747 3657 1825 3711 utsit

187 3721 290 3778 octobri
306 3737 397 3775 mense
420 3723 521 3791 aliquot
539 3722 715 3777 subsidiarias
732 3723 824 3792 cupias
836 3721 980 3778 Ptolrinal-
1030 3724 1119 3790 fortis,
1139 3724 1240 3793 justiis,
1262 3725 1357 3788 fidelis,
1372 3725 1508 3795 providus,
1533 3734 1561 3780 el
1576 3725 1729 3782 indefessus
1749 3724 1823 3795 regni

187 3794 247 3846 ilem
261 3791 394 3861 appulisse
405 3807 438 3845 cx
454 3791 598 3848 Occidente
617 3793 773 3857 suliinissas,
790 3794 852 3847 dum
866 3807 979 3862 gencra—
1029 3793 1118 3862 buius,
1129 3802 1156 3849 ct
1172 3795 1262 3864 populi
1278 3797 1314 3849 tui
1333 3798 1505 3866 gubernator,
1533 3805 1588 3857 etc.
1606 3815 1616 3848 i
1640 3795 1696 3851 lice
1718 3797 1825 3852 mireris

188 3862 221 3915 lis
236 3871 381 3931 apparatus
390 3862 482 3917 debat.
507 3881 516 3912 i
533 3860 610 3915 Circa
624 3861 704 3916 finem
717 3862 850 3926 Octoliris,
864 3865 911 3925 ait,
929 3862 979 3918 do·
1029 3865 1199 3933 Rudolpbum
1214 3881 1263 3935 pro
1275 3880 1357 3934 regno
1369 3866 1509 3935 imperium
1523 3863 1657 3934 proferre.
1672 3867 1739 3937 licgi
1753 3868 1823 3923 enini

188 3934 278 3987 niinus
297 3930 455 3987 Guillelnius
472 3933 504 3986 dc
523 3930 608 3986 Rosse
619 3933 671 3985 lon
689 3933 815 4003 applicuit
836 3932 981 3987 Ptolcniai·
1030 3935 1212 3990 liumaiioruin
1225 3936 1427 4004 gubernandum
1438 3935 1658 3990 committebatur
1670 3937 1823 4008 imperium,

189 4000 252 4057 dem
267 4017 327 4056 cum
341 4001 375 4056 to
390 4002 530 4066 militibus,
551 4011 578 4056 ct
593 3949 653 4057 aiiis
666 4002 699 4055 ott
714 4004 859 4073 equitibus,
878 4010 905 4058 et
918 4018 980 4059 euni
1029 4020 1084 4076 quo
1099 4019 1209 4074 reguum
1228 4005 1310 4060 ctiam
1325 4005 1433 4074 aliquod
1447 4006 1518 4061 iuter
1539 4003 1705 4062 feudatarius
1726 4007 1825 4089 priuci-

211 4071 397 4140 uadringcntis
423 4071 579 4127 ballistariis
606 4073 640 4126 ad
657 4073 789 4142 stipendia
806 4073 942 4129 ecclesie.
968 4091 978 4129 i
1030 4084 1088 4147 put.
1113 4076 1312 4131 continebatur.
1340 4074 1516 4144 lmpcraturia
1541 4090 1606 4130 reru
1627 4077 1752 4134 inunctio
1773 4092 1823 4132 uos

189 4087 280 4208 gnare
294 4141 391 4197 irarum
414 4143 565 4196 litterarum
582 4149 649 4196 eliis
662 4151 725 4199 ante
739 4144 765 4197 ld
778 4143 981 4213 temporiscon-
1031 4161 1143 4215 regnum
1165 4145 1340 4215 'triipcriuinrc
1361 4146 1442 4200 certis
1464 4145 1562 4200 fluibus
1588 4145 1824 4220 circumscriptum

189 4211 263 4265 stitui
279 4211 380 4267 debet:
408 4227 467 4282 qum
486 4211 557 4266 eninr
570 4222 738 4281 sequuntur,
754 4212 856 4267 nullum
871 4214 982 4271 omniuo
1032 4216 1205 4286 designabat,
1228 4216 1274 4270 scd
1294 4231 1453 4286 quacunque
1468 4215 1587 4271 Ecclesia
1604 4215 1651 4271 uei
1665 4219 1825 4273 extendeba-

190 4281 339 4336 subsidium
348 4296 381 4337 eo
394 4282 549 4350 peierasse
562 4279 710 4336 luculenter
722 4284 917 4338 denienstrant.

228 4363 239 4390 ι
257 4351 413 4421 liudolphus
426 4351 453 4404 in
466 4351 521 4405 suis
537 4349 635 4404 litteris
653 4353 686 4405 atl
706 4351 864 4420 Gregorium
880 4351 901 4406 X
917 4353 946 4425 (i.
960 4368 979 4418 i,

189 4436 232 4490 rp.
252 4419 294 4490 li)
313 4429 426 4474 testatus
437 4428 510 4484 crat,
527 4436 556 4474 se
569 4435 602 4475 co
626 4421 712 4491 magis
731 4423 764 4477 ail
780 4437 884 4478 sacram
901 4438 982 4493 cipe-

191 4492 320 4545 ditionem
331 4489 451 4554 accendi,
472 4506 521 4560 qim
535 4489 663 4544 iratrirclis
693 4493 800 4547 certioris
820 4494 903 4549 nostri
921 4510 982 4549 osso

189 4562 221 4615 oli
239 4559 366 4627 Cruclfiri
387 4557 498 4628 qforiunt
516 4568 590 4613 crire
609 4508 697 4615 carnii
717 4562 801 4617 solitis
819 4578 924 4635 peracre
945 4562 983 4619 ibi

212 4629 376 4683 uicscebant.
402 4628 503 4684 idcirco
519 4644 603 4698 usquc
627 4632 659 4685 ad
682 4641 820 4690 extremos
842 4648 898 4688 sure
920 4634 983 4690 rite

192 4649 250 4754 :iles
264 4699 327 4753 illuc
341 4698 473 4772 proficisci
488 4699 670 4767 ilesiilcrarit;
691 4709 719 4756 at
734 4718 805 4759 anno
819 4703 884 4759 taut
898 4702 983 4760 Frau-

192 4770 327 4824 rufurtuin
351 4771 384 4825 ad
407 4769 516 4824 coniitia
537 4782 694 4839 properans,
721 4788 781 4841 quie
802 4771 836 4829 ad
858 4774 983 4830 cumdem

192 4842 273 4895 finem
284 4841 309 4893 in
321 4840 426 4906 linerat,
437 4842 530 4896 morbo
543 4848 660 4896 tciitatus
675 4841 787 4897 interiit.
804 4842 983 4910 Quamobrem

193 4911 283 4967 onmia
305 4910 366 4976 ista,
385 4925 445 4979 quai
466 4911 548 4980 probe
561 4926 640 4967 nosse
658 4912 757 4968 dieitur
775 4913 801 4968 iii
817 4912 859 4969 bis
876 4913 981 4983 litteris,

194 4992 337 5051 antequam
353 4996 401 5035 rex
420 4980 603 5037 Romanorum
620 4994 769 5048 crearetur,
791 4991 931 5055 perspectu
945 4984 984 5041 illi

193 5062 281 5115 crant,
303 5052 458 5120 cmdcmque
475 5050 572 5107 litterae
591 5051 672 5111 fidem
691 5053 801 5120 faciunt,
817 5062 890 5109 recte
910 5053 984 5111 aftlr-

196 5125 263 5177 inari
282 5120 432 5176 aGerarilo
457 5122 570 5196 aliisque
592 5124 785 5193 scriptoribus,
813 5124 983 5193 Ritdolpiium

193 5201 256 5246 aitte
268 5207 368 5249 armum
383 5192 470 5258 teto,
490 5209 551 5249 cuin
565 5208 675 5251 uxorem
690 5195 776 5256 iluiit,
794 5194 913 5265 insyria
930 5211 984 5251 mo

195 5271 282 5316 ratum
295 5276 355 5316 esse
369 5279 429 5319 cuin
442 5271 528 5334 patre,
545 5265 651 5320 taurelsi
671 5265 827 5320 incredibile
849 5266 981 5330 rideatur,

193 5348 254 5386 enin
262 5340 350 5387 castra
362 5341 482 5389 secutum
490 5332 743 5400 fuisscfridericill,
753 5335 908 5390 utiionnulli
916 5333 985 5389 affir-

194 5411 287 5468 uiant;
304 5419 365 5457 nain
380 5419 451 5460 aniio
463 5403 537 5467 teeti,
551 5420 612 5460 cuin
623 5403 776 5461 fridericus
788 5404 982 5470 transfretatis,

192 5470 349 5542 liudolphus
361 5489 428 5543 puer
442 5483 501 5530 erat
518 5475 655 5532 demonis.
680 5475 745 5531 lide
762 5490 843 5547 supra
858 5475 887 5548 (l.
904 5492 923 5541 i,
938 5489 981 5545 ep.

193 5539 221 5604 Ξ,
235 5551 291 5597 not.
308 5555 332 5609 ⁰,
346 5545 398 5599 col.
414 5544 487 5618 705).

228 5608 240 5646 δ
260 5610 401 5681 singulare
421 5615 473 5671 boc
492 5615 626 5687 diploma,
649 5613 726 5683 eujus
744 5613 831 5670 simile
851 5630 982 5684 nusquam

195 5692 238 5733 nie
258 5695 389 5742 reperisse
405 5685 517 5745 ingenue
540 5686 635 5750 fatcor,
658 5686 808 5756 principem
832 5685 982 5756 piissimum

1032 4295 1086 4350 tur,
1110 4285 1280 4357 imperatoris
1294 4295 1455 4357 potestatem
1473 4285 1644 4341 cllirnilcbat:
1662 4288 1699 4342 ita
1712 4296 1751 4351 ut,
1765 4286 1825 4362 jure

1052 4356 1142 4425 roprio
1160 4356 1305 4426 pontificis,
1331 4372 1440 4425 regum,
1466 4371 1689 4426 somniorumque
1709 4359 1824 4414 aliorum

996 4372 1182 4549 nlprincipum
1197 4427 1348 4481 nullatcnus
1362 4426 1513 4490 linniinuto,
1529 4428 1722 4496 imperatoraii
1737 4429 1825 4484 mtbo

1043 4497 1112 4551 icam
1134 4495 1289 4566 religionem
1314 4497 1486 4551 asserendam
1510 4497 1609 4566 ubique
1635 4507 1771 4555 terrarum
1798 4508 1825 4553 et

1031 4564 1152 4636 gentium
1167 4567 1360 4636 temporaliter,
1376 4567 1600 4637 quemadmodum
1614 4567 1736 4638 pmntifex
1749 4570 1825 4641 spiri·

1034 4635 1152 4699 tuaiitcr,
1177 4637 1310 4691 dominari
1330 4637 1473 4691 diceretur.
1495 4636 1536 4690 bil
1550 4637 1646 4692 niellus
1667 4641 1825 4708 comprobat

1032 4706 1102 4763 lianc
1114 4721 1181 4770 rein,
1195 4721 1275 4790 quam
1288 4707 1422 4761 orationes
1434 4723 1483 4777 pro
1497 4706 1648 4775 hujusmodi
1668 4709 1825 4763 inunctione

1034 4777 1163 4831 institutae
1176 4777 1295 4849 (tercie.
1310 4776 1383 4831 Suet.
1404 4774 1432 4840 5,
1448 4793 1507 4847 cap.
1520 4778 1536 4831 ὅ
1548 4818 1555 4843 ,
1568 4793 1599 4859 p.
1612 4776 1658 4847 ii)
1671 4795 1740 4850 quas
1754 4779 1826 4834 lubia

1034 4858 1183 4918 opportune
1198 4846 1250 4900 buc
1263 4846 1377 4901 afferre:
1394 4865 1403 4896 ι
1422 4848 1492 4901 licus
1502 4863 1603 4918 omnip.
1621 4848 1698 4917 eujus
1712 4860 1754 4905 est
1769 4865 1826 4904 oin-

1035 4918 1076 4970 nis
1095 4924 1214 4997 potestas
1233 4925 1260 4971 ct
1276 4916 1402 4987 dignitas,
1426 4924 1453 4971 tc
1465 4916 1575 5040 supplici
1590 4919 1734 4975 ueroiione
1745 4928 1825 4989 atque

1034 4985 1182 5040 bunnlliina
1196 5001 1276 5056 prece
1290 4988 1459 5058 deposcimus
1474 4999 1504 5041 ut
1529 4987 1581 5041 iuic
1598 4985 1701 5044 famulo
1722 4998 1770 5044 tuo
1792 4988 1823 5043 Ν.

1033 5071 1191 5126 prosperum
1217 5056 1396 5124 imperatoriae
1424 5056 1573 5124 majestatis
1600 5059 1737 5116 concidas
1759 5058 1826 5114 efic—

1034 5141 1118 5190 ciuin,
1131 5135 1161 5180 ut
1173 5126 1200 5181 in
1215 5133 1259 5179 tua
1271 5128 1438 5198 protectique
1453 5129 1609 5193 constituto,
1633 5129 1826 5185 adserendum

1035 5196 1181 5252 Ecclesiam
1195 5206 1266 5250 tuam
1282 5206 1413 5264 sanctam,
1424 5197 1492 5251 niliil
1502 5198 1526 5252 ci
1537 5199 1679 5268 praesentia
1693 5218 1710 5252 u
1742 5200 1825 5257 ciant.

1034 5265 1125 5320 futura
1138 5266 1205 5323 uili'il
1218 5268 1367 5321 obsistant:
1382 5267 1429 5322 stri
1442 5267 1590 5337 inspirante
1605 5269 1693 5324 sancti
1706 5269 1827 5341 Spiritits

1035 5336 1119 5399 dorio,
1139 5337 1264 5407 populum
1279 5338 1330 5392 sibi
1354 5336 1489 5393 subditum
1511 5354 1587 5407 aequo
1604 5338 1720 5408 jiistitim
1743 5341 1827 5395 libra·

1035 5407 1108 5461 minc
1122 5422 1216 5477 regere
1233 5408 1330 5471 ratem,
1346 5415 1374 5461 ct
1386 5407 1412 5461 in
1431 5408 1557 5464 omnibns
1577 5410 1705 5480 operibus
1720 5410 1778 5465 suis
1801 5415 1827 5462 te

1036 5492 1142 5547 semper
1164 5478 1272 5542 timeat,
1300 5479 1400 5548 tibique
1420 5475 1521 5546 jug'ter
1543 5478 1649 5549 placere
1668 5478 1826 5535 contendat.

1036 5547 1106 5603 Deus
1125 5546 1172 5601 llei
1189 5546 1260 5602 lilius
1280 5546 1304 5601 l.
1327 5547 1358 5602 C.
1383 5548 1415 5602 u.
1436 5557 1546 5612 noster,
1568 5548 1644 5617 quia
1667 5549 1749 5606 Patre
1767 5549 1827 5606 olco

1037 5617 1250 5687 participationis
1261 5627 1357 5673 unctus
1369 5627 1410 5673 cst
1423 5632 1479 5687 prm
1490 5618 1666 5690 participibus
1681 5621 1749 5682 seis,
1770 5619 1827 5690 ipse

1035 5700 1085 5757 per
1103 5697 1262 5756 praecluem
1284 5689 1353 5744 sacri
1376 5687 1503 5760 urigiirnii
1524 5688 1683 5746 infusionem
1709 5688 1825 5762 Spiritui
