3780 6120
145 246 191 305 B'li
568 245 599 301 B.
620 244 744 301 cauom
768 243 874 299 MAGNI
895 243 971 301 ΟΡΡ.
988 244 1109 302 ranst.
1132 246 1252 306 SECTIO
1268 250 1311 305 ill.

1721 256 1773 316 8¹12

144 374 244 426 aemio,
258 375 306 416 seu
317 357 420 414 laetum
436 368 477 414 est
490 374 538 429 per
548 358 697 429 privilegia,
711 358 750 412 rel
763 371 929 440 quacunque
942 366 967 425 Α
981 367 1063 413 tatem
1081 368 1213 426 nostram,
1233 375 1376 416 ascensum
1397 368 1478 433 atque
1492 376 1653 419 consensum
1678 369 1772 424 uuani-

144 435 195 488 alia
206 431 306 499 scripta
316 444 536 498 quorumcunque
547 439 668 482 tenorum
682 442 695 468 ι
709 443 790 496 super
810 442 931 497 recogni-

144 502 275 564 tionibus,
286 507 313 554 et
324 497 546 554 malleationibus
557 538 565 562 ,
584 498 821 565 approbationibus
854 497 932 551 iuno-

145 571 312 633 ratiouibus,
331 568 594 632 corrdrmatiooibus,
607 567 805 630 donationibus,
820 581 932 621 eonces-

142 642 270 704 sionibus,
279 637 540 706 etiaetis,seugestis
549 637 929 705 tarrralioramimperatorum,

142 722 267 779 etreguru
282 710 463 763 Rornanorum
476 707 705 777 praedecessorum
718 708 786 774 regis
800 705 928 773 ejusdem,

142 795 222 849 quam
242 780 325 847 ipsius
342 777 423 846 regis,
445 785 473 830 et
490 776 642 857 specialiter
665 792 745 846 super
758 775 886 830 fidelitate
898 775 928 841 b,

142 850 303 913 obedientia,
329 846 547 909 honorificentia,
567 857 593 900 et
606 846 753 902 reverentia
769 861 816 914 per
829 844 929 898 ilonau-

142 935 192 977 nos
222 920 408 999 imperatores,
428 924 456 971 et
481 930 556 985 roges
587 915 713 971 lionranis
744 914 928 984 pontificibus,

141 999 169 1043 et
181 988 232 1068 ipsi
248 987 376 1041 boelesiae
388 985 583 1054 impendendis,
600 1001 632 1040 ac
641 984 865 1053 possessionibus.
881 983 930 1039 bo-

141 1059 261 1120 noribus,
287 1063 314 1109 et
324 1054 431 1122 juribus
447 1055 567 1123 ejusdem
592 1054 733 1118 Ecclesie,
750 1064 777 1108 et
804 1056 928 1108 norrrina-

141 1129 190 1180 tim
207 1141 288 1196 super
316 1132 372 1179 tota
385 1132 472 1188 terra,
489 1140 549 1194 quae
563 1134 604 1179 est
624 1139 639 1177 a
661 1123 826 1179 iiadieolano
844 1138 929 1191 usque

140 1197 173 1249 acl
188 1196 363 1265 ceperanum,
382 1195 501 1249 nrarcbia
520 1193 698 1257 Aneorritana,
719 1193 817 1247 ducatu
833 1192 928 1260 Spole-

981 429 1061 484 miter
1073 441 1153 500 atque
1167 432 1337 485 concorditer
1350 431 1508 486 exhibemus
1531 442 1554 487 ¹.
1582 433 1617 488 Et
1638 436 1774 504 promitti-

981 514 1041 554 mus
1055 501 1126 567 quod
1144 509 1238 555 contra
1254 501 1409 570 praemissa,
1435 501 1478 555 rel
1498 501 1600 572 aliquid
1623 507 1773 575 praemisso

981 584 1041 622 rum
1053 569 1125 623 nulio
1139 585 1257 638 unquam
1269 581 1389 640 tempore
1407 571 1554 627 veniemus.
1569 570 1624 628 Sed
1636 589 1669 628 ea
1684 578 1772 632 omnia

980 648 1007 692 et
1021 640 1126 708 singola
1138 654 1187 709 pro
1199 655 1278 763 posse
1287 650 1380 695 nostro
1394 643 1600 710 procurabimus
1614 643 1773 701 inviolabili·

981 716 1022 761 ter
1035 709 1184 763 observari.
1214 710 1233 762 't
1249 717 1277 763 ut
1295 711 1353 765 baec
1374 719 1466 765 nostra
1481 711 1615 775 voluntas,
1640 716 1770 783 approba·

980 777 1028 840 tio,
1053 779 1210 842 ratificatio,
1235 794 1361 835 assensus
1380 779 1501 903 [datossr.
1521 781 1585 835 odd.
1603 784 1770 857 eonsensusl,

980 857 1061 915 atque
1070 849 1212 917 promissio
1225 865 1239 903 a
1254 850 1330 904 nobis
1343 850 1445 904 eisdem
1483 851 1589 905 omanis
1602 854 1771 923 pontificibus

979 924 1006 968 et
1023 917 1149 972 eeclesia
1164 918 1191 971 in
1210 927 1368 987 perpetuum
1389 921 1576 985 observentur,
1590 922 1643 977 boc
1655 938 1770 992 praeseus

979 987 1108 1056 seriptum
1123 988 1184 1041 inde
1197 990 1255 1042 lieri
1268 988 1390 1053 lecimus,
1403 1000 1613 1059 nostrorumque
1624 992 1769 1062 sigidororu

979 1056 1126 1109 nrunimine
1136 1057 1518 1141 robomrirnuspoboratumi.
1530 1061 1667 1116 detumet
1681 1063 1768 1118 datum

978 1139 1049 1180 anno
1079 1127 1183 1180 Domini
1207 1128 1347 1182 millesimo
1372 1128 1554 1183 ducentesimo
1574 1133 1768 1200 septuagesimo

979 1210 1058 1258 norro,
1075 1195 1130 1249 iad.
1147 1212 1196 1259 ru,
1212 1195 1293 1266 530
1311 1213 1340 1251 re
1377 1206 1438 1252 aute
1450 1200 1581 1268 praedieto
1601 1201 1711 1256 doruirto
1724 1218 1768 1258 oo·

141 1277 219 1329 irruo,
235 1273 307 1319 terra
333 1262 478 1317 comitissae
497 1262 640 1326 llatbiidis,
668 1263 775 1316 ciuitate
801 1263 928 1316 Rauenna
979 1272 1035 1318 stro
1051 1265 1158 1319 domiuo
1180 1265 1320 1335 liudolpho
1356 1268 1451 1321 lorum.
1476 1283 1541 1338 rege
1564 1268 1683 1339 glorioso
1699 1271 1767 1342 regui

141 1331 290 1404 lliaverrnel
306 1340 353 1395 ,et
371 1331 489 1394 AEnrilia,
505 1332 569 1400 llojo
583 1330 700 1402 [bobini.
713 1332 832 1395 Cmsena,
848 1330 930 1386 Foro·
978 1331 1037 1399 ejus
1054 1349 1124 1388 aorro
1139 1334 1155 1388 6
1173 1334 1195 1386 ¹.

140 1403 241 1472 populi,
260 1401 387 1462 Forlirio,
408 1401 545 1464 Farerrtia,
561 1402 670 1455 lmrooIa
692 1400 813 1471 [ironia],
842 1401 929 1454 Bono·
1354 1405 1388 1460 lii

140 1473 195 1534 nia,
222 1470 358 1534 Ferraria,
386 1469 521 1531 Comaclo,
546 1470 680 1532 adrianis,
706 1478 786 1538 atque
805 1468 925 1534 Gabello,
1024 1511 1030 1522 .
1470 1515 1476 1527 ,
1522 1518 1528 1530 ,
1588 1515 1594 1527 ,

138 1541 266 1594 llrcruiuo
303 1538 456 1662 [glrirrriuoi
489 1539 599 1603 Urbino,
628 1538 827 1603 llontelerctri,
848 1537 928 1609 529
995 1509 1116 1582 D²Vl⁰m⁰
1137 1528 1188 1584 ‘1¹²⁰
1209 1512 1364 1594 ΜοῖράΜ
1386 1513 1560 1623 “mg‘t'ffl
1578 1532 1646 1586 lm
1667 1533 1750 1574 “um

139 1611 275 1664 territorio
325 1609 442 1670 alnensi,
466 1609 594 1662 comitatu
622 1609 781 1663 Brettonorii
808 1606 928 1678 [Brente-
1260 1584 1343 1638 “mm
1359 1592 1456 1637 ‘uem’

139 1679 230 1750 ouriii,
254 1679 400 1732 exarchatu
424 1677 567 1739 liarenrrm,
592 1675 740 1748 Pentapoli,
760 1677 965 1774 llassa‘l'ra-B
1013 1671 1170 1754 liudolphus
1191 1672 1239 1727 Dei
1263 1676 1349 1743 gralia
1378 1673 1561 1729 Romanorum
1585 1690 1633 1736 rex
1665 1692 1765 1747 semper

138 1748 212 1802 traria
234 1763 294 1801 curn
316 1746 501 1814 adjacentibus
520 1747 600 1802 ter-ris
622 1755 649 1800 eu
670 1748 795 1802 erunibus
811 1747 871 1802 aliis
894 1749 928 1804 ad
977 1740 1193 1820 breunovensis
1214 1744 1327 1798 Rotnani
1347 1744 1454 1812 imperit
1481 1744 1604 1799 sideribus
1617 1760 1763 1816 vpraesentes

137 1818 292 1884 praedictam
316 1817 464 1871 Ecclesiam
489 1816 694 1887 pertinentibus,
719 1831 780 1870 eum
803 1817 927 1872 omnibus
977 1808 1081 1865 luterus
1104 1812 1264 1882 inspecturis
1288 1815 1401 1883 gratiam
1423 1828 1498 1867 suam
1519 1824 1546 1869 et
1563 1829 1644 1870 omne
1659 1816 1763 1873 bonurn.

138 1887 245 1949 linibus,
263 1887 408 1941 territoriis
421 1894 500 1953 atque
515 1885 608 1940 insulis
623 1885 648 1939 in
663 1886 732 1939 mari
754 1895 879 1954 terreque
892 1886 926 1942 ad
977 1879 1044 1946 Quia
1064 1882 1179 1952 legalem
1193 1882 1271 1937 decet
1283 1883 1452 1937 elementiam
1464 1883 1505 1938 sle
1515 1883 1655 1939 libertates
1668 1886 1764 1955 lorpes-

136 1957 297 2024 provincias‚
311 1956 442 2019 civitates,
458 1957 595 2010 territoria
605 1964 632 2010 et
643 1956 701 2010 loca
715 1956 843 2025 predicta
856 1971 924 2080 effi)-
976 1950 1043 2031 dere
1052 1958 1079 2004 el
1092 1952 1263 2032 bellemerilis
1278 1952 1446 2008 liberalitatis
1466 1963 1493 2008 til
1507 1954 1699 2033 illunillcessllce
1713 1972 1763 2013 sue

136 2041 189 2092 quo
204 2027 283 2080 modo
297 2025 495 2094 spectantibus3
517 2040 567 2079 nee
585 2041 638 2079 non
653 2040 733 2094 super
746 2026 854 2080 civitate
909 2053 924 2065 ·
975 2029 1090 2086 8i²¹¹³¹11
1102 2023 1244 2092 impartirr,
1256 2023 1327 2089 ‘1²¹⁰d
1340 2038 1374 2078 ‘³¹
1385 2037 1416 2077 0⁰
1427 2023 1540 2091 i¹¹llissl'10
1553 2024 1579 2088 '¹2
1591 2040 1624 2078 ³⁰
1635 2025 1761 2089 ecclesiis.

136 2110 216 2148 urana
228 2107 251 2158 ο,
266 2108 293 2150 et
306 2110 389 2164 regno
400 2094 497 2148 Siciliae
508 2109 569 2149 cum
579 2094 703 2148 omnibus
717 2096 750 2148 ad
761 2096 845 2163 ipsam
864 2108 925 2165 spe-
975 2094 1003 2142 el
1020 2089 1195 2145 eeclesiarum
1211 2091 1330 2161 praelatis
1345 2091 1444 2147 trullum
1459 2107 1569 2161 prorsus
1583 2094 1610 2147 itt
1633 2095 1690 2148 suis
1700 2094 1763 2164 juri·

135 2165 270 2219 ouantibus
295 2173 350 2218 tam
375 2165 442 2217 citra
466 2163 582 2218 Plrarum
604 2179 686 2232 quam
709 2165 795 2229 ultra,
814 2163 924 2221 Corsica
974 2156 1025 2212 bus
1046 2158 1228 2229 proiecticiam
1256 2161 1407 2230 irrogetur,
1437 2165 1470 2216 ad
1496 2162 1686 2218 universorum
1711 2174 1760 2220 tam

134 2250 241 2303 equoque
252 2243 331 2304 atque
347 2233 470 2288 Sardinia
484 2233 510 2297 d,
525 2233 667 2288 eteeteris
681 2234 761 2288 terris
775 2249 807 2288 ac
817 2233 924 2302 juribus
973 2229 1146 2296 praesentium
1162 2246 1242 2298 quam
1257 2230 1407 2287 futurorum
1426 2231 1548 2286 notitiam
1567 2235 1690 2288 volumus
1703 2249 1761 2304 per-

134 2304 168 2357 ad
184 2304 267 2372 ipsam
292 2303 439 2359 Ecclesiam
458 2303 663 2373 pertinentibus,
689 2302 743 2357 Nos
768 2303 852 2358 nostri
876 2317 924 2359 no-
973 2298 1223 2369 Velllle‚qll0d1)er
1242 2299 1380 2356 libertales
1398 2300 1466 2365 illas,
1481 2302 1761 2372 quibuslicl'edllolrl!

135 2372 206 2427 nrine
220 2374 385 2442 principatus
398 2373 424 2426 in
444 2373 568 2427 omnibus
583 2388 614 2426 ac
628 2373 775 2439 peremnia
788 2372 922 2443 approbo·
973 2374 1072 2421 nostre
1087 2377 1206 2437 tempore
1219 2369 1341 2425 civitates
1360 2378 1387 2423 et
1406 2371 1462 2424 loca
1482 2386 1650 2441 quaecuuque
1664 2375 1761 2427 dotari-

133 2457 194 2495 mus
203 2452 230 2496 er
242 2444 414 2506 ratificamus,
428 2457 459 2496 ne
473 2442 568 2496 iisdem
581 2442 705 2496 omnibus
722 2449 749 2496 et
759 2443 880 2512 singuiis,
895 2453 924 2500 ee
973 2450 1044 2503 mus,
1056 2437 1287 2493 uullumrolumus
1300 2440 1447 2509 imperioet
1457 2442 1579 2497 ecelesiis
1592 2458 1625 2496 ae
1638 2445 1760 2497 ecclesia·

133 2511 336 2580 quibuscunque
349 2512 408 2565 aliis
428 2527 508 2581 super
519 2511 621 2565 eisdem
635 2526 683 2579 per
694 2513 818 2566 eumdem
831 2528 860 2567 re
878 2527 922 2568 em
972 2520 1032 2586 rum
1046 2508 1164 2575 prolatis
1176 2508 1209 2587 io,
1219 2510 1275 2562 suis
1291 2507 1397 2576 juribus
1417 2518 1444 2564 et
1464 2511 1619 2566 bominibus
1640 2515 1760 2582 prejudi-

133 2596 240 2649 quoquo
254 2582 333 2636 nrodo
346 2579 425 2636 laetis
438 2591 465 2635 et
478 2581 505 2634 iu
518 2589 657 2649 postermrr
672 2580 812 2647 iaciendis,
826 2529 921 2637 refun-
972 2589 1044 2630 eum
1055 2577 1178 2646 generari
1203 2591 1224 2632 ¹.
1243 2577 1296 2634 Sed
1309 2579 1430 2634 uolumus
1442 2582 1512 2649 quod
1526 2580 1671 2650 imperium
1683 2582 1756 2653 531

167 2745 180 2772 r
196 2732 265 2787 liinc
286 2732 356 2787 tituli
370 2748 450 2804 quem
473 2732 609 2802 diplomati
634 2733 849 2803 promittendum
864 2733 920 2791 diri
971 2728 1140 2799 rumaliquot
1155 2731 1326 2801 scriptorum,
1347 2732 1394 2800 (1¹¹1
1413 2732 1493 2787 rebus
1511 2733 1620 2802 penitus
1644 2735 1758 2806 inexplo

132 2802 920 2875 (col.8iid,not.⁸)parsprioreomprobatur;praescriptus
971 2799 1052 2863 ratis,
1079 2810 1237 2855 novatorum
1261 2803 1400 2869 opiniones
1424 2819 1440 2855 a
1466 2803 1622 2857 doctissimo
1647 2820 1679 2860 ac
1700 2821 1756 2860 ren.

131 2873 200 2936 aliis,
223 2875 312 2928 minus
325 2884 414 2926 rectos
435 2872 597 2936 declarator,
615 2888 647 2926 ae
663 2873 815 2940 presertim
837 2888 920 2943 appo-
970 2869 1045 2924 eard.
1065 2868 1180 2924 Baronio
1191 2870 1351 2940 iarupridem
1369 2873 1529 2937 confutatas,
1552 2882 1580 2927 et
1594 2888 1645 2942 pro
1659 2877 1699 2930 sui
1711 2876 1756 2931 aeri

131 2943 206 3022 situs·
226 2957 241 2995 a
265 2942 408 2996 collectore
427 2942 601 3010 epistolarum
626 2943 706 3009 bajus
724 2942 834 3002 codicis.
858 2944 919 3000 rusi
970 2953 1215 3007 armorumgenere
1227 2952 1254 3020 ei
1269 2942 1344 3009 copia
1355 2941 1491 3010 protritus,
1505 2947 1756 3024 reQOtlueremalue·

133 3020 305 3146 arguimur
319 3088 488 3135 sacramento
511 3079 647 3135 fidelitatis
659 3088 721 3135 sart
744 3078 815 3135 dicta
831 3081 912 3154 (Dias.
929 3016 1149 3146 cffiiffl
1158 3009 1758 3154 Ιέιῖιζυίιοιοῗιῖἷίιῗυίιιῗιιξξέιιέιῒῗξῦιιῖῗιίιᾚ

132 3151 158 3204 in
182 3149 247 3204 Cod.
274 3150 355 3214 llud,
375 3166 401 3203 n.
435 3151 469 3203 lb·
493 3151 581 3230 seqq.)
618 3151 736 3204 urranimi
761 3151 914 3207 testimonio
964 3147 1103 3213 stolorum,
1120 3146 1229 3217 eiusque
1249 3149 1521 3217 suecessoribusjura
1542 3152 1601 3206 luce
1625 3153 1682 3221 ipsa
1705 3159 1757 3210 cla·

130 3220 281 3301 principum
310 3221 446 3281 roborata,
471 3234 556 3286 magas
578 3220 715 3288 magisque
738 3221 914 3289 comprobant
965 3218 1111 3272 rioraeum
1128 3218 1269 3288 liudolpho
1281 3229 1309 3273 et
1328 3217 1479 3274 Germaniae
1492 3221 1662 3290 principibus
1676 3224 1757 3280 riudi-

130 3290 247 3343 rndolem
277 3288 380 3357 imperii
411 3289 590 3343 Oreidcutaiis
618 3304 762 3343 asummo
788 3290 914 3358 porrtillee
964 3302 1037 3341 care.

130 3360 259 3422 renovati,
272 3360 420 3427 presertim
433 3367 493 3428 post
503 3358 714 3428 Caroliogiorum
727 3359 835 3423 scriem,
850 3376 912 3416 cum
1004 3357 1012 3395 ¹
1030 3356 1257 3426 Septemvirorum
1272 3357 1375 3412 illustre
1389 3358 1529 3427 collegium
1544 3359 1651 3430 imperii
1664 3377 1758 3419 omnes

130 3429 218 3484 Ottni
239 3429 387 3497 imperialia
413 3429 526 3498 insignia
554 3429 681 3497 suscepit.
703 3427 865 3498 Quiasuper
885 3444 914 3485 re
964 3426 1100 3495 ptiltcipes
1118 3427 1267 3491 exbibens,
1282 3444 1336 3482 1¹⁰³
1357 3443 1418 3482 cum
1443 3437 1543 3483 sancite
1564 3431 1637 3486 Sitifis
1654 3430 1757 3498 iuribus

129 3497 278 3552 arrrdiendus
291 3499 387 3551 iterruu
401 3497 517 3552 dbertus
535 3498 666 3566 liudolpbi
691 3498 763 3552 lilius
776 3498 914 3555 Bonilireio
966 3495 1097 3564 lludolpbi
1111 3495 1277 3564 majestatem
1291 3498 1392 3567 regiam
1404 3498 1521 3553 uindicat
1542 3501 1636 3566 semel,
1649 3502 1756 3566 iterum,

130 3568 197 3631 lllll,
223 3567 386 3636 sicloqueos
403 3581 439 3620 :r
462 3567 661 3622 l'iaderotione
677 3578 704 3621 et
717 3569 915 3626 sincerocorde
964 3574 991 3619 et
1021 3566 1100 3620 tertio
1123 3568 1252 3621 adversus
1274 3567 1443 3622 inscitiamne
1467 3582 1501 3620 ao
1524 3571 1758 3627 asserrtaumernt

129 3637 266 3707 proliteor,
291 3638 363 3706 quod
389 3638 569 3691 liomauorum
597 3653 674 3707 roges
690 3639 717 3692 in
737 3639 914 3707 imperatores
964 3636 1153 3689 recentiorum·
1166 3634 1272 3689 Antrum
1284 3637 1415 3706 siquidem
1431 3636 1499 3690 liii)
1511 3642 1649 3707 regnantis
1660 3639 1758 3696 liudoi-

130 3709 298 3776 postmodum
325 3707 516 3776 promovendi,
543 3722 592 3776 per
609 3709 699 3762 sedern
726 3708 847 3762 eaurdem
879 3709 914 3764 ad
964 3704 1009 3773 phi
1024 3705 1094 3774 regis
1105 3706 1211 3759 llomm.
1231 3715 1336 3761 sextum
1356 3706 1430 3775 regni
1444 3706 1569 3775 appellat.

129 3777 179 3831 boc
203 3777 341 3845 potissime
365 3792 398 3831 ac
420 3777 571 3845 specialiter
592 3787 785 3841 assumuntur,
811 3789 840 3832 ut
860 3779 914 3833 siat
1001 3773 1142 3828 ⁸libutius
1167 3775 1218 3828 hee
1236 3777 1353 3829 edietum
1378 3776 1405 3829 iu
1419 3777 1528 3832 annales
1553 3779 1659 3845 recubu
1688 3782 1757 3838 uude

128 3844 156 3898 S.
171 3846 202 3899 ιι.
218 3846 344 3901 Ecclesiae
357 3847 488 3910 adrorati,
500 3847 638 3902 marotiae
656 3848 728 3913 idei,
748 3863 780 3903 ao
794 3844 913 3914 ejusden
964 3841 1030 3897 illud
1048 3845 1154 3912 excepit
1175 3854 1271 3899 auctor
1288 3845 1385 3900 Pietat·
1406 3844 1498 3899 lustr·
1513 3847 1572 3916 (tib.
1590 3865 1608 3912 r,
1631 3865 1692 3920 erp.
1712 3852 1756 3918 st,

127 3915 253 3970 Ecclesiae
265 3916 391 3986 precipui
404 3915 568 3971 defensores.
585 3936 593 3968 ι
963 3927 990 3980 p.
1006 3912 1078 3984 lbi),
1088 3913 1302 3968 animadvertens
1310 3915 1455 3983 permultos
1467 3916 1494 3969 id
1506 3919 1637 3988 temporis
1647 3931 1758 3989 cubator

163 3997 173 4024 c
193 3985 351 4055 Qnapqpam
367 3986 430 4039 urps
453 3987 537 4040 {roma
554 3988 612 4054 ejus
631 3996 710 4041 rer-nm
725 3995 813 4057 capnt,
826 4001 914 4055 quma
963 3996 1023 4037 csse
1036 3983 1158 4038 ecclesiis
1172 3982 1278 4039 auferre
1288 3983 1350 4052 jora
1373 4000 1430 4039 sua.
1454 3986 1637 4052 Quamobrem
1660 3989 1762 4046 liudoi-

127 4053 290 4110 [indiculum
303 4057 335 4110 ad
348 4054 515 4124 Ceperanum
528 4057 658 4125 pervenit,
676 4059 744 4110 inter
757 4057 915 4112 donationes
963 4053 1032 4121 plius
1043 4067 1092 4122 pro
1108 4067 1200 4106 eorum
1212 4056 1382 4109 inormitate
1396 4056 1431 4107 ita
1442 4055 1543 4108 sanxit.
1558 4057 1715 4129 llayuaidus
1725 4062 1756 4117 de

127 4125 276 4193 principum
304 4126 436 4180 recensita
462 4126 591 4188 rideatur,
612 4137 641 4179 ιιι
663 4126 767 4179 aiebam
794 4126 820 4179 iu
843 4125 914 4180 uotis
963 4123 1057 4175 eadem
1068 4122 1257 4177 constitutione
1269 4124 1380 4193 loqueos
1395 4123 1475 4195 (teis
1488 4141 1526 4188 ,n.
1539 4125 1585 4252 (ii)
1601 4130 1757 4186 :ridden-

127 4194 160 4247 ad
189 4195 388 4263 liudolplrinum
425 4194 560 4261 diploma.
596 4195 658 4263 qnia
700 4204 788 4248 tamen
819 4203 913 4250 contra
963 4191 1036 4257 dum,
1050 4192 1097 4256 ait,
1119 4192 1198 4246 rebus
1209 4192 1376 4252 Germanicis
1389 4193 1505 4257 ridetur,
1519 4195 1559 4251 lio
1579 4197 1756 4268 ulplrumCaa

126 4278 230 4331 aequum
243 4274 270 4317 et
282 4275 383 4317 rectum
394 4262 450 4329 eius
461 4265 607 4318 dorrriuato
618 4279 678 4318 cum
690 4265 794 4318 ceteris
803 4265 914 4318 catrriurr·
964 4274 1052 4315 sarem
1064 4262 1284 4317 constitutionem
1298 4264 1349 4319 boo
1360 4279 1430 4318 atauo
1442 4264 1569 4332 edidisse,
1591 4285 1645 4337 qua
1656 4286 1756 4340 praero-

126 4334 244 4395 deretur,
265 4334 378 4387 seorsim
392 4348 406 4385 a
421 4331 586 4401 principibus
601 4335 763 4388 unroinatur.
780 4334 912 4388 Caeterum
963 4331 1067 4400 gatiras
1092 4331 1283 4387 ecclesiasticis
1309 4349 1451 4389 concessas
1472 4335 1654 4393 confirmarit.
1678 4360 1688 4393 r
1717 4341 1755 4395 iix

125 4401 259 4456 distinctae
288 4402 366 4469 buius
389 4404 578 4456 uorrrioationis
607 4404 752 4458 necessitas
783 4412 855 4471 patet
880 4393 1089 4458 exlicootextu
1100 4409 1183 4471 patet,
1198 4410 1253 4456 tam
1265 4415 1402 4459 auctorem
1418 4404 1576 4472 pmdietum
1590 4422 1675 4477 quam
1685 4410 1755 4492 liap-

124 4471 250 4537 preseoti
266 4485 355 4524 rerum
368 4479 450 4534 stato,
474 4473 664 4540 qucmridesis
686 4472 712 4526 in
727 4473 914 4529 dissertatione
963 4469 1071 4524 baldum
1096 4486 1149 4525 nou
1166 4486 1226 4526 csse
1250 4484 1388 4530 assecutus
1415 4471 1526 4541 buiusee
1553 4480 1755 4536 oonsdtutiours

125 4539 299 4607 praecedenti,
315 4556 342 4593 n.
364 4540 397 4593 li
409 4554 485 4609 seqq.
963 4553 1055 4594 reram
1069 4542 1240 4595 sententiam.

160 4607 226 4663 llle
239 4609 325 4663 tribus
344 4608 417 4663 bisce
439 4610 532 4664 insulis
550 4611 706 4681 liudolphus
720 4611 747 4665 in
769 4611 914 4681 diplomate
996 4609 1083 4663 hNon
1108 4612 1190 4680 igitur
1211 4610 1386 4666 ecclesiarum
1409 4621 1489 4682 atque
1508 4615 1753 4674 ecclesiastieorum

125 4679 283 4732 nominatim
308 4693 360 4733 non
374 4678 499 4747 loquitur,
516 4682 622 4734 tametsi
636 4698 697 4751 quae
715 4682 741 4734 in
761 4682 913 4750 preceden·
962 4678 1091 4734 duntaxat
1109 4681 1171 4748 jura
1189 4680 1315 4744 vindicat,
1329 4683 1376 4737 sed
1390 4683 1525 4751 precipue
1537 4685 1666 4756 imperii:
1684 4689 1753 4757 quod

125 4748 196 4802 tibus
217 4747 389 4803 corrllrmarat
413 4749 553 4804 instauret.
576 4751 611 4804 dt
633 4752 766 4819 principes
784 4751 912 4820 quidquid
961 4749 1029 4818 aequi
1045 4766 1077 4804 ae
1089 4751 1150 4806 boui
1163 4751 1292 4820 principis
1304 4754 1442 4822 proprium
1455 4761 1506 4817 est,
1522 4769 1555 4808 ea
1572 4757 1680 4813 scilieet
1700 4761 1749 4828 pri

125 4816 281 4900 liudolphus
293 4818 393 4887 scripto
405 4820 586 4885 maudaverat,
608 4831 695 4874 ratum
711 4821 849 4883 lrabeotes,
869 4822 912 4889 bie
961 4829 1023 4873 rato
1041 4820 1151 4875 cuilibet
1173 4835 1226 4874 noo
1246 4821 1354 4891 elargiri
1373 4837 1433 4890 quae
1454 4831 1501 4877 aut
1541 4825 1750 4896 riecipatui,aut

124 4888 270 4956 respiciunt
287 4888 320 4942 ad
332 4888 437 4943 celebre
449 4889 567 4943 edictum
589 4905 632 4960 ap.
661 4891 746 4960 llayu.
772 4890 861 4961 (1275,
882 4907 910 4944 rr.
961 4891 1139 4944 saerosanctis
1151 4891 1272 4944 eeclesiis
1290 4893 1443 4947 detrimenti
1461 4895 1508 4962 qui
1528 4909 1610 4963 quaro
1625 4896 1752 4953 inierant.

121 4958 157 5012 38
168 4959 257 5028 seqq.)
272 4959 363 5013 datum
381 4957 511 5014 Larisaea
524 4961 608 5014 altera
624 4961 666 5015 die
678 4968 736 5030 post
751 4960 912 5028 mlloqrriom
999 4960 1007 5000 ¹
1022 4958 1102 5014 i‘lura
1114 4958 1264 5028 huiusmodi
1278 4963 1416 5032 privilegia
1431 4963 1459 5016 in
1471 4963 1574 5019 codicis
1587 4964 1752 5037 liudolpbirri

121 5042 183 5081 eum
195 5027 324 5096 Gregorio
344 5027 377 5091 X,
391 5029 435 5083 ubi
449 5029 565 5098 legitur:
582 5049 591 5081 ι
606 5030 749 5097 Adiutores
762 5031 864 5085 erlinus
877 5032 911 5086 ad
959 5029 1080 5097 epistolis
1102 5031 1218 5084 vidimus
1233 5048 1240 5082 :
1258 5045 1317 5099 quae
1344 5033 1415 5087 inter
1438 5033 1566 5087 nonnulla
1581 5037 1752 5106 reperiuntur

121 5098 291 5153 retinendum
309 5106 338 5152 et
351 5097 545 5154 defendendum
572 5100 697 5155 Ecclesiae
717 5100 845 5154 llomaoae
869 5116 911 5155 re-
961 5100 1112 5154 eivitatibus
1132 5099 1265 5154 eobemiae
1276 5109 1305 5155 et
1316 5101 1441 5156 lioraniae
1457 5104 1630 5171 oorrlirruata,
1646 5122 1707 5176 quae
1719 5108 1750 5160 ab

40 5177 43 5183 ·
120 5182 204 5237 gnum
226 5168 325 5224 stride
342 5184 403 5223 curn
423 5169 595 5224 omnibusad
619 5173 705 5240 ipsum
729 5171 912 5224 sectantibus
959 5167 1277 5233 Ottocaroobtinucraut,
1297 5181 1326 5226 ut
1345 5172 1403 5243 (lib.
1422 5188 1452 5236 n,
1467 5187 1509 5241 cp.
1526 5173 1569 5255 15)
1582 5175 1675 5231 Brona
1696 5176 1750 5231 llo·

120 5239 255 5293 tameitra
275 5237 486 5309 Pbarumquam
497 5239 588 5293 ultra:
608 5255 658 5294 nee
672 5255 724 5294 uon
775 5240 911 5295 isicanret
960 5241 1041 5294 rariae
1051 5241 1146 5295 civitas
1156 5256 1198 5293 arar
1219 5239 1329 5295 lissimis
1339 5244 1374 5295 ab
1386 5242 1480 5297 eodem
1495 5243 1646 5314 privernas
1658 5247 1749 5313 ditata,

121 5307 282 5374 Sardiniam,
303 5322 337 5363 ae
356 5306 616 5377 coloniamque
639 5311 672 5364 ad
695 5325 754 5364 earn
775 5310 910 5379 pertinere
958 5319 1020 5377 post
1041 5310 1172 5380 insignem
1196 5256 1230 5364 se
1251 5310 1297 5363 illo
1325 5311 1464 5366 victoriam
1492 5325 1657 5383 reportatam
1681 5330 1750 5373 anrro

119 5388 277 5431 noscuntur.
299 5397 309 5432 r
338 5379 485 5449 Dequibus
503 5379 597 5434 insulis
618 5381 643 5433 iu
669 5381 764 5434 cadom
781 5381 909 5434 disserta·
959 5379 1038 5443 1278,
1063 5396 1124 5434 conr
1141 5379 1260 5448 ejusdem
1279 5380 1359 5446 esde,
1385 5382 1419 5435 ab
1434 5380 1576 5452 liudolpho
1594 5389 1749 5441 eorumdem

119 5444 194 5498 tione
208 5449 313 5503 abunde
327 5449 452 5504 disserui.
959 5450 1189 5504 coniimrationem
1208 5465 1261 5504 non
1284 5451 1342 5504 sine
1362 5451 1452 5520 aliquo
1473 5464 1619 5522 augurento
1631 5458 1747 5512 obtiuue

157 5514 324 5586 ‘singulare
343 5519 395 5574 boc
410 5534 493 5588 genus
504 5519 694 5587 comprobandi
717 5519 798 5574 etiam
819 5517 908 5574 itrtura
959 5529 1001 5574 rat
1011 5521 1104 5575 eodem
1120 5530 1166 5574 aut
1178 5522 1299 5588 sequenti
1312 5536 1393 5576 anno.
1415 5520 1573 5591 Huiusmodi
1586 5536 1678 5581 autem
1695 5526 1745 5599 pri·

112 5580 250 5666 dluddpbi
265 5586 422 5656 diplomata,
441 5590 526 5644 aliare
539 5589 639 5659 scripta
652 5604 701 5658 pro
721 5600 820 5645 sanetae
837 5589 909 5644 sedis
958 5589 1064 5660 vilegia,
1078 5590 1100 5644 si
1110 5591 1255 5659 quidquam
1274 5591 1388 5660 irnperio
1407 5600 1454 5647 aut
1465 5591 1590 5652 ecdcsiis
1611 5606 1749 5667 reuereri,

118 5653 222 5727 juribus
240 5659 399 5724 asserendis,
423 5675 517 5728 niagno
539 5660 710 5728 exprobratio
734 5669 774 5714 est
796 5673 908 5730 arripere·
958 5661 1147 5716 coristitmione
1160 5661 1211 5716 ista
1226 5661 1389 5717 moderatur.

145 5740 152 5766 l
927 5764 929 5768 .
