3780 6120
127 240 182 298 ato
630 231 719 293 Littlu
737 227 907 294 eadberht.
928 267 962 279 -
978 224 1245 299 PROLEGOli‘ENbr
1698 232 1751 303 ι’ἵι

122 359 216 420 nequa
227 350 271 418 pia
282 347 388 402 l'eiita's
398 348 492 401 etiem
505 346 667 430 i‘lctasdlsit
679 346 725 402 :Si
737 347 911 428 munumen-
925 347 948 410 Ᾱ
963 348 1153 404 miraculorum
1177 343 1325 421 insignibus
1351 363 1534 417 coruscante«,
1551 357 1591 408 rel
1615 330 1696 410 crrtc¹
1713 362 1752 431 i'pz

121 422 193 490 siniit
204 418 355 480 certamen,
367 426 702 486 coqmrcetrroentatein,et
713 415 911 470 rerltoabberti-
962 433 1021 471 sitm
1036 421 1196 484 lloniiiittm;
1218 423 1347 491 imagines
1361 438 1424 476 vero
1436 433 1464 476 et
1477 425 1616 492 gentilium
1629 442 1750 485 errorum

121 492 159 546 lit
170 505 213 544 mi
227 487 319 567 (lomi,
331 501 388 547 riu,
403 486 448 551 bl,
458 485 530 567 ⁸52);
545 488 592 542 sed
609 486 636 540 iii
652 487 812 555 imaginibus
825 484 911 539 artill-
961 488 1079 542 vanitate
1094 491 1204 558 prolatae
1215 492 1278 553 sint,
1292 493 1431 546 etnnllam
1443 493 1537 548 salutis
1547 495 1750 566 exhibitionem,

121 574 183 617 eam
206 557 338 612 industria
359 554 489 618 formatis,
513 572 573 626 qiiae
595 566 760 638 spectatores
779 570 843 610 suos
858 554 913 637 ple
961 556 1062 611 nullain
1077 562 1238 614 sacramenti
1253 560 1364 630 alicujus
1379 563 1536 617 mortalibus
1547 569 1750 636 prerogativam

122 643 248 708 rumque,
261 627 296 681 ob
313 641 401 679 renim
415 633 551 692 gestarum
563 641 728 688 memoriam,
744 625 873 679 inducunt
883 638 911 678 in
961 625 1105 692 adducant,
1121 630 1169 684 sed
1183 631 1269 685 oculis
1281 632 1467 686 tautummodo
1490 631 1605 700 faveant,
1621 651 1669 706 per
1682 653 1750 706 riuos

121 699 344 759 admirationem
359 695 514 750 adoratores
534 710 598 752 vero
617 710 724 765 semper
739 696 765 749 in
779 709 909 749 errorem.
961 697 1038 762 quasi
1053 712 1100 766 per
1114 699 1243 766 quosdam
1260 700 1360 770 legatos
1396 711 1514 756 cstaruiri
1531 712 1620 758 rerum
1646 721 1749 761 meino-

121 768 182 850 Non
194 767 268 849 enim
290 765 434 819 mediocris
463 772 505 846 ¹est
526 778 685 847 erroneum
699 764 771 845 aliud
785 765 913 818 adoratur
962 765 1028 817 riam
1043 767 1169 822 cordibus
1184 769 1310 824 mandent
1313 809 1366 822 .....
1380 717 1457 825 buda
1477 772 1682 845 daturiiitelligl
1697 794 1749 832 nnn

121 839 263 906 religionis
275 835 348 888 cultu
370 849 451 902 quam
465 850 488 889 is
502 850 548 904 qui
567 836 653 890 dixit:
667 833 808 888 Dominum
830 833 912 886 ileum
962 837 1145 903 picturas,scd
1159 838 1323 908 Scripturas,
1336 840 1367 893 ad
1383 848 1482 901 nostrat
1497 840 1557 896 littei
1571 847 1749 902 eruditionem

86 922 91 934 ·
121 918 196 962 tirum
209 903 342 968 adorabit,
355 914 378 957 et
389 904 428 957 itti·
440 904 488 958 aoli
499 906 592 959 seruies
603 904 692 977 (Dent.
705 920 742 966 vi,
756 903 811 972 15).
828 920 838 954 ι
961 916 1023 959 esso
1036 913 1187 962 concessas.
1203 908 1288 975 Quam
1302 922 1367 980 ergo
1390 911 1426 963 sit
1444 910 1591 977 incautum,
1616 930 1752 986 quumque

131 1030 133 1034 .
157 979 185 1032 5.
199 976 239 1030 Ne
251 974 312 1043 quis
327 974 475 1037 cavillator,
490 976 576 1043 inquit
593 974 716 1036 baliscus,
731 973 774 1026 liic
785 971 914 1026 obtrudat
962 986 977 1025 a
992 975 1097 1029 ratione
1110 987 1242 1032 remotum
1256 979 1346 1033 ninere
1365 996 1371 1031 :
1388 977 1464 1033 Sicut
1484 980 1582 1037 divium
1606 982 1753 1055 Scriptum

121 1047 269 1103 solemnem
287 1043 372 1097 latriae
386 1052 413 1098 ιι
433 1045 520 1107 dulim,
534 1044 655 1098 cultusve
672 1042 787 1097 absoluti
804 1050 831 1095 et
843 1040 912 1095 rela·
962 1040 1056 1108 libros,
1074 1046 1109 1098 ita
1124 1047 1253 1117 imagines
1267 1049 1301 1103 oh
1322 1051 1477 1102 memoriam
1500 1054 1683 1109 venerationis
1708 1057 1754 1112 ba·

121 1118 172 1172 tiri
196 1113 405 1176 distinctionem,
426 1112 538 1168 Carolus
553 1129 660 1167 omnem
679 1113 789 1166 omnino
819 1111 913 1164 adimit
963 1111 1066 1179 bemus,
1082 1113 1160 1170 tacite
1183 1118 1331 1185 intelligere
1351 1127 1438 1188 potest
1453 1119 1574 1188 quisquis
1599 1125 1751 1183 divinarunt

123 1185 284 1256 imaginibus
306 1183 333 1237 iii
354 1183 484 1251 religione
508 1185 625 1248 cultum,
650 1197 704 1236 nou
729 1181 912 1234 adorationem
963 1183 1163 1251 Scripturarum
1177 1189 1356 1257 cognitionem
1381 1188 1497 1242 babet.»
1526 1191 1560 1244 Et
1582 1201 1643 1262 post
1667 1196 1751 1252 multa

122 1257 204 1312 modo
216 1253 349 1308 divinitati
366 1254 493 1318 debitam,
512 1253 651 1308 sedetiam
667 1271 675 1302 i
691 1252 803 1314 cultum,
819 1249 914 1304 obser·
963 1259 1102 1306 sacrarum
1118 1255 1268 1311 litterarum
1293 1258 1378 1326 elogia
1398 1258 1455 1312 liaec
1475 1260 1571 1330 sublim
1593 1265 1634 1316 ii:
1655 1284 1663 1312 i
1681 1265 1752 1322 Nihil

122 1333 258 1382 vationem
270 1322 338 1393 (iat.
351 1339 382 1386 it,
392 1340 415 1375 c.
429 1323 478 1388 23;
493 1322 538 1376 tit.
553 1339 594 1386 iii,
609 1339 632 1375 c.
644 1321 700 1394 l8),
713 1321 913 1376 venerationem
964 1320 1046 1389 igitur
1059 1323 1153 1378 borum
1169 1342 1229 1396 quae
1249 1327 1466 1395 perstrinximus,
1482 1330 1538 1382 sive
1557 1279 1598 1386 bb
1611 1333 1750 1401 similium,

142 1397 201 1452 tit.
215 1411 235 1448 ιι
250 1410 273 1446 ι.
291 1392 359 1464 et),
374 1395 557 1474 honoremque
573 1407 636 1447 eum
659 1392 704 1474 qui
726 1389 794 1445 collo
816 1387 913 1444 iussexo
964 1404 1024 1471 quse
1038 1392 1176 1450 brevitatis
1190 1397 1280 1450 studio
1292 1397 1523 1465 pretermisimus,
1539 1401 1751 1473 inimaginibus

135 1464 200 1534 Cap.
215 1462 271 1533 ab),
285 1462 327 1516 vel
344 1470 433 1532 capite
454 1477 598 1518 summisso
613 1461 756 1516 exhibetur
769 1457 849 1531 (Gap.
873 1457 911 1527 ι),
964 1472 981 1513 o
999 1462 1144 1529 imaginum
1159 1465 1325 1529 aderamno
1340 1481 1428 1519 renim
1446 1467 1641 1526 insensatarum
1655 1476 1752 1540 cultor,

123 1535 166 1591 rel
176 1533 263 1589 thuris
273 1541 299 1587 et
310 1531 480 1586 luminarium
491 1531 627 1587 oblatione
640 1531 715 1602 (Cap.
727 1528 754 1602 ι)
767 1549 776 1581 ι
791 1534 911 1583 constat:
964 1528 1085 1585 iiivcnire
1099 1547 1177 1601 posse
1190 1543 1215 1588 te
1227 1543 1342 1599 constat,
1355 1550 1414 1603 qiiae
1428 1536 1491 1590 dnin
1507 1538 1548 1592 lits
1562 1543 1686 1600 omnibu,
1697 1560 1754 1600 mg,

123 1613 184 1676 qnae
196 1618 277 1660 voces
293 1602 394 1657 cultum
415 1601 538 1671 quemvis
551 1602 718 1670 religiosum,
737 1599 818 1654 etiam
836 1596 914 1652 latria
964 1597 1078 1653 ritorum
1093 1605 1276 1672 praerogativis
1289 1613 1407 1668 careant,
1423 1605 1552 1661 dolendus
1569 1613 1752 1683 potiusquam

122 1674 277 1730 inferiorem
292 1673 515 1741 complectuntur,
532 1686 647 1793 eumque
661 1671 729 1725 adeo
744 1683 824 1738 quent
836 1666 915 1722 hodie

123 1745 244 1801 Ecclesia
259 1743 378 1796 Romana
396 1741 556 1812 imaginibus
567 1741 601 1796 de
612 1741 740 1796 erendum
749 1745 835 1809 putat.
852 1737 916 1792 uult

120 1816 194 1870 euim
210 1812 365 1867 Tridentino
377 1814 495 1882 synodus
505 1811 597 1867 lidelcs
610 1829 619 1860 i
631 1809 762 1880 imagines
774 1807 913 1871 venerari,

121 1883 251 1947 emulari,
266 1890 293 1936 et
309 1897 400 1936 coram
411 1882 445 1936 iis
454 1881 653 1951 caputaperire,
668 1878 912 1948 acprocumbere.i

157 1955 184 2008 4.
203 1953 288 2021 Negat
310 1951 423 2007 Carolus
443 1966 508 2006 eam
527 1951 689 2020 imaginibus
714 1946 912 2011 exhihendam,

123 2025 166 2080 vel
181 2022 392 2086 venerationem,
406 2037 466 2090 quae
478 2020 579 2075 sanctis
601 2020 657 2075 rita
680 2019 790 2082 iunctis,
806 2015 848 2069 rel
867 2016 914 2069 ad·

121 2094 283 2155 arationem,
300 2091 522 2161 quaeritantibus
535 2103 568 2145 ex
580 2089 721 2145 charitatis
734 2096 761 2143 ιι
773 2086 913 2144 salutatio-

122 2165 169 2219 iiis
180 2163 268 2220 allicio
280 2162 437 2224 exhibetur;
455 2162 506 2215 hoc
524 2167 576 2224 est,
591 2160 697 2215 civilem
712 2157 912 2218 salutationem,

122 2250 184 2304 quae
196 2232 409 2302 religiosocultu
423 2231 501 2313 longe
514 2230 626 2286 inferior
638 2237 689 2285 est.
706 2247 715 2279 i
735 2227 764 2283 Si
778 2228 860 2297 igitur
869 2240 914 2278 au-

122 2304 187 2375 geli,
207 2303 233 2356 in
254 2302 302 2364 uit,
328 2303 385 2356 sive
409 2302 540 2364 homines,
565 2300 674 2354 minime
695 2297 823 2354 adorandi
838 2302 911 2359 sunt,

123 2374 198 2428 salva
221 2318 376 2427 eboratione
397 2387 456 2440 quae
474 2370 614 2425 charitatis
628 2377 655 2424 ct
669 2366 838 2423 salutationis
857 2363 915 2419 oili-

122 2444 168 2499 cio
180 2443 332 2503 exhibetur,
350 2441 540 2495 multominus
563 2439 778 2507 imaginesque
801 2435 913 2490 rationis

123 2519 250 2582 expertes
263 2519 335 2575 sunt,
348 2526 397 2566 nec
410 2511 570 2565 salutatione
583 2523 632 2563 nec
646 2509 803 2563 adoratione
816 2506 911 2576 dignae,

123 2582 241 2650 eoquod
258 2582 400 2635 insensate
415 2581 478 2644 siut,
495 2581 637 2635 adorande
648 2587 731 2633 sunt:
750 2592 810 2646 quic
821 2577 844 2629 si
867 2575 913 2628 ad-

122 2653 234 2708 orandae
254 2666 307 2705 non
327 2658 399 2713 sunt,
416 2651 469 2704 imo
488 2650 617 2718 quianon
633 2648 813 2716 sunl,duplex
834 2645 872 2698 illi
888 2648 913 2698 in

124 2723 177 2778 hac
198 2729 275 2791 parto
295 2720 440 2788 deliquium
455 2727 562 2789 patrare
575 2719 758 2788 perhibentur,
780 2716 836 2770 sire
851 2714 914 2783 quia

123 2807 172 2847 eas
187 2793 309 2854 adorant,
330 2790 386 2844 sive
410 2791 472 2858 quia
490 2797 520 2842 ut
534 2789 585 2845 boc
599 2787 728 2852 iacerent,
741 2788 775 2840 ab
786 2785 914 2854 apostolis

123 2863 176 2918 sthi
188 2862 315 2916 traditum
327 2875 386 2914 esse
398 2859 573 2914 mentiuntur.
585 2876 594 2910 i
610 2858 672 2913 llaec
689 2857 736 2910 lili.
751 2872 781 2920 ii,
797 2870 856 2924 cap.
868 2855 912 2908 ts.

134 2962 137 2966 >
160 2930 349 2986 suaseris
372 2931 480 2999 quidem
501 2931 572 2983 vasis
597 2926 757 2997 aequiparari
785 2926 915 2994 imagines

122 3002 226 3072 patitur
239 3003 367 3055 librorum
382 2999 568 3055 Carolinorum
588 3005 691 3060 auctor,
705 3004 752 3050 aut
763 2996 912 3049 divinarum

123 3071 326 3140 Scripturarum
341 3069 500 3135 Codicibus3
518 3068 687 3136 Nicaenisque
708 3066 850 3128 irascitur,
867 3049 951 3133 quic

123 3156 172 3197 eas
197 3157 240 3195 res
254 3141 324 3194 inter
343 3155 372 3194 se
385 3147 615 3209 comparaverant.
631 3139 666 3192 nt
684 3137 730 3205 qui
753 3137 913 3205 imaginibus

123 3212 206 3267 hodie
223 3209 342 3266 deicrtur
361 3210 456 3274 honos,
472 3210 550 3278 longo
563 3208 703 3262 intervallo
724 3213 834 3276 superat
851 3220 914 3259 eum

123 3282 170 3350 qui
184 3281 256 3335 vasis
269 3280 501 3349 voluminibusque
512 3279 597 3333 sacris
611 3279 637 3331 in
657 3277 776 3333 Ecclesia
790 3276 912 3329 habetur.

127 3369 137 3401 i
152 3352 257 3418 Quanta
269 3350 378 3421 (inquit)
392 3350 549 3404 excellentia
561 3363 623 3402 vasa
638 3348 728 3402 divino
742 3346 825 3401 cultui
838 3361 914 3399 man·

123 3422 213 3490 eipata
225 3420 537 3489 imaginihusemineant,
551 3419 647 3473 divinae
659 3417 724 3486 legis
738 3418 914 3470 instrumenta

124 3492 323 3552 demonstrant;
346 3505 408 3544 cum
428 3491 520 3557 utique
536 3490 592 3552 illa,
613 3489 784 3556 praecipiente
801 3485 916 3538 llomlno

124 3575 173 3631 per
186 3562 294 3631 lioysen
312 3561 339 3613 iu
353 3559 498 3613 testimonii
514 3558 687 3612 tabernaculo
700 3555 817 3617 condita,
830 3561 857 3608 et
869 3554 912 3606 iii-

124 3631 253 3685 stituente
274 3639 365 3682 vatum
387 3629 556 3684 sanctissimo
572 3628 663 3692 llavid,
679 3642 727 3697 per
745 3624 915 3679 Salomonem

125 3700 263 3769 intemplo
276 3700 467 3769 Hierosolymis
478 3699 584 3752 coiiilita
602 3705 683 3765 atque
693 3697 790 3758 (licata,
803 3702 830 3748 ct
844 3695 914 3764 typi-

124 3787 219 3826 corum
232 3785 358 3826 sensuum
373 3784 470 3825 arcana
484 3767 705 3839 significaverint,
717 3775 743 3820 et
757 3767 784 3818 in
800 3765 844 3818 liis
856 3777 915 3830 qum

125 3841 159 3895 ad
173 3842 220 3894 llei
236 3841 337 3894 cultum
350 3842 493 3908 pertinent,
511 3837 629 3893 diuturni
641 3836 783 3890 ministerii
798 3833 915 3887 ollicium

159 3911 298 3965 staverint.
311 3909 358 3963 llas
378 3919 478 3973 autern,
491 3910 565 3963 salva
579 3909 682 3962 ratione
699 3907 838 3961 cliorubim
859 3905 916 3958 sive

182 3995 208 4033 ni
228 3988 255 4034 et
266 3982 381 4038 leonum,
395 3981 440 4048 qui
452 3995 505 4032 non
517 3981 549 4032 ad
566 3979 741 4039 adorandum,
755 3976 801 4028 scd
818 3975 852 4027 ail
874 3987 915 4026 rc·

129 4066 188 4104 rum
203 4049 352 4103 suturarum
365 4049 586 4118 significationem
600 4048 699 4103 conditi
715 4053 786 4108 sunt,
800 4059 852 4099 non
873 4057 917 4097 so·

127 4121 206 4175 bima
219 4134 353 4188 quoquam
364 4128 519 4174 sanctorum
531 4134 583 4172 uon
591 4117 715 4177 conditu,
727 4117 768 4168 vel
777 4117 915 4175 dedicatae,

127 4191 173 4246 sed
187 4205 254 4257 pene
275 4196 432 4244 cunctorum
456 4190 554 4242 divine
566 4189 632 4258 legis
646 4186 817 4241 oraculorum
839 4185 916 4238 testi-

127 4260 225 4315 moniis
246 4274 436 4327 usquequaque
464 4267 527 4313 sunt
557 4259 697 4313 abdicatae.
729 4254 791 4309 llaec
811 4268 917 4323 quoque

128 4345 200 4394 rasa,
217 4343 276 4397 quae
289 4330 322 4383 ad
336 4331 485 4411 peragenda
497 4335 595 4383 nostae
613 4325 804 4394 redemptionis
816 4331 916 4395 myste-

129 4401 180 4465 ria,
193 4406 286 4453 sancta
300 4398 381 4453 hahet
393 4399 524 4461 Ecclesia,
539 4413 644 4466 semper
661 4405 723 4451 sunt
737 4394 859 4448 fidelibus
870 4410 916 4447 ne·
933 4396 1019 4454 Dsoli
1033 4394 1155 4460 debetur,
1170 4395 1228 4462 ipso
1242 4393 1399 4463 opitulante,
1418 4394 1606 4466 impendimus,
1623 4417 1632 4449 i
1650 4399 1712 4454 ttfflc
1722 4399 1756 4453 ι).
1841 4438 1843 4444 .

128 4470 255 4532 cessaria,
269 4482 427 4537 semperque
437 4470 465 4522 in
478 4469 568 4522 divino
579 4470 652 4522 cultu
663 4466 791 4521 ollieiosa.
804 4464 831 4517 ln
845 4480 892 4518 ras
903 4479 916 4518 s

129 4540 210 4610 igitur
221 4539 276 4592 lieo
289 4537 461 4602 sacrificium,
474 4554 526 4592 uon
542 4538 568 4592 in
584 4536 744 4607 imaginihus
756 4533 913 4589 offertur...

130 4609 248 4677 uanique
263 4608 321 4662 sine
337 4609 497 4678 imaginibus
508 4615 535 4661 et
549 4609 647 4662 lavacri
663 4607 744 4671 unda,
758 4613 785 4659 et
798 4605 866 4659 sacri
887 4603 915 4657 li-

128 4679 221 4744 onorii
236 4678 327 4732 unctio
343 4678 454 4747 percipi,
473 4687 499 4732 et
512 4678 686 4748 thymiamata
702 4675 813 4738 adoleri,
831 4682 858 4728 et
877 4674 916 4728 lu-

129 4749 278 4804 minaribus
291 4749 349 4803 loca
361 4763 407 4803 sac
422 4765 438 4801 a
453 4748 621 4817 perlustrari,
634 4757 662 4801 ct
678 4745 799 4816 corporis
813 4751 839 4797 ιι
853 4758 918 4798 san-

130 4820 219 4889 guinis
233 4818 363 4873 [lominicl
379 4819 546 4873 consecratio
558 4817 627 4873 ellici
667 4823 753 4879 otest;
766 4814 824 4868 siue
847 4819 919 4872 vasis

128 4898 194 4945 tero
206 4903 351 4955 nunqnam.
377 4888 444 4943 Nam
458 4895 486 4942 et
505 4897 604 4944 nostre
617 4832 712 4944 subtis
735 4892 840 4949 auctor,
856 4900 918 4942 cuin

129 4967 156 5013 et
168 4957 258 5012 Veteri
271 4959 443 5013 Testamenta
466 4961 610 5013 terminum
624 4966 651 5013 et
671 4957 745 5011 Novo
757 4956 862 5010 initium
875 4972 919 5026 po-

130 5036 215 5092 neret,
230 5043 283 5097 non
297 5029 450 5097 tinigtnm,
465 5031 511 5084 sed
522 5029 633 5083 calicem
650 5028 785 5095 accepisse
795 5025 921 5091 perbihe-

131 5105 193 5152 tor:
209 5105 237 5152 et
258 5113 306 5168 per
325 5101 482 5169 proplietam
504 5099 632 5154 Dominus
652 5114 704 5151 nou
729 5098 766 5150 ait
785 5108 791 5145 :
811 5094 921 5151 blanda-

129 5167 204 5228 mini,
217 5170 262 5238 qul
277 5168 352 5222 sertis
367 5169 506 5237 imagines,
521 5170 586 5224 scd:
610 5167 777 5222 Mitndnmini
790 5167 834 5232 qui
846 5166 920 5234 [eris

130 5253 192 5292 rara
206 5236 329 5292 Domini»
343 5238 409 5305 (lan.
424 5254 470 5301 iii,
484 5239 538 5309 ll),
551 5238 612 5293 llaec
626 5238 672 5292 lib.
688 5255 717 5300 ii,
730 5252 789 5304 cap.
801 5233 846 5290 Sil.

165 5307 200 5362 Et
225 5322 284 5377 cap.
305 5309 361 5362 50:
381 5328 389 5359 ι
409 5309 511 5363 uti-tuae
534 5309 681 5377 Scripturas
707 5309 792 5372 tibus,
822 5309 919 5374 inquit,

130 5375 263 5447 imagines
288 5380 339 5432 rite
361 5380 520 5447 aequiparari
546 5395 599 5432 iiou
617 5386 748 5447 possunt:
765 5395 824 5432 cuin
847 5378 921 5433 Scri·

130 5455 218 5517 pturae
232 5447 330 5503 divinae
342 5449 397 5502 siut
423 5449 438 5501 a
464 5447 519 5502 Deo
533 5447 739 5518 predestinata,
758 5457 786 5503 et
838 5458 922 5502 tmo-

131 5524 222 5572 mcuta
235 5518 395 5572 saeculoram
418 5519 451 5572 ad
478 5518 601 5571 liuiuana
622 5518 717 5572 salutis
740 5527 922 5573 emouiueiita

130 5586 258 5641 cieiuenti
272 5587 438 5642 exhibitione
451 5602 596 5650 concesse,
616 5587 784 5657 habeantque
798 5601 923 5643 aneni-es

132 5666 242 5711 satietas
253 5666 280 5711 ιι
293 5659 461 5712 venerabiles
477 5657 549 5711 viros
563 5659 691 5711 rirtiitoui
717 5658 885 5728 lampadibus
897 5668 924 5711 ιι
976 5655 1066 5722 rui-ipit
1085 5673 1094 5702 i
1112 5650 1219 5721 (Mutii.
1237 5665 1265 5715 x,
1279 5649 1294 5701 l

965 1669 1103 1724 mirandus
1116 1687 1154 1738 ea,
1169 1689 1217 1728 cur
1228 1689 1274 1728 eas
1288 1673 1386 1728 divinis
1397 1675 1542 1746 Scripturas
1555 1678 1641 1747 thila,
1657 1684 1683 1737 iii
1695 1686 1755 1753 qiii-

966 1737 1071 1819 hustot
1082 1740 1153 1796 bona
1164 1746 1343 1813 reperiuntur,
1353 1746 1518 1814 equiparare
1526 1747 1644 1807 affectes.
1655 1750 1694 1807 Tu
1708 1757 1755 1824 qui

965 1806 1026 1862 lidei
1039 1816 1092 1864 tua
1105 1813 1248 1879 puritatem
1259 1815 1285 1867 iu
1300 1814 1461 1883 imaginibus
1471 1830 1631 1876 conservare
1639 1831 1665 1876 te
1674 1823 1753 1887 dieis,

965 1878 1076 1947 supplex
1089 1882 1128 1934 eis
1154 1891 1244 1936 astare
1267 1894 1486 1948 mementorum
1513 1887 1752 1957 tliyuiiaiiiatlltiis:

964 1962 1014 2000 nos
1031 1960 1164 2030 praecepta
1176 1952 1282 2006 Domini
1307 1955 1399 2007 solerti
1422 1956 1591 2026 indagatione
1611 1964 1753 2030 perquira-

963 2031 1025 2070 mus
1044 2034 1070 2071 in
1086 2018 1184 2077 divinae
1197 2022 1264 2091 legio
1278 2021 1432 2077 Codicibus.
1447 2024 1485 2078 Tu
1501 2026 1678 2085 lumEiiarihos
1692 2046 1754 2101 pci-

963 2084 1049 2140 lustra
1062 2089 1190 2156 picturas,
1202 2107 1251 2146 nos
1261 2090 1461 2160 frequentemus
1475 2095 1580 2151 divinas
1588 2096 1752 2169 Scripturas

964 2155 1003 2209 Tit
1029 2156 1179 2214 fucatorum
1204 2170 1345 2216 venerator·
1363 2172 1421 2217 esto
1440 2163 1582 2220 eoloratis
1604 2184 1652 2223 nos
1674 2182 1755 2226 rene*

964 2233 1068 2306 ratores
1080 2239 1106 2282 et
1125 2245 1237 2299 mperes
1256 2231 1341 2284 siiuiis
1368 2247 1495 2287 sensuum
1516 2232 1686 2293 arcanorum.
1714 2240 1754 2298 ni

964 2294 1077 2363 depictis
1091 2299 1243 2354 demulcere
1258 2300 1365 2365 tabulis,
1392 2317 1442 2355 nos
1463 2302 1561 2359 divinis
1587 2308 1754 2365 mulceamur

963 2364 1098 2434 alloquiis.
1114 2368 1152 2422 Tu
1169 2370 1260 2439 liguris
1273 2385 1361 2424 rernm
1389 2371 1468 2437 insta,
1484 2374 1623 2442 inquibus
1642 2393 1691 2434 nec
1714 2381 1757 2436 ri··

963 2449 1020 2500 sus,
1036 2452 1086 2492 nec
1099 2438 1216 2502 auditus,
1230 2454 1280 2494 nec
1297 2448 1400 2509 gustus,
1416 2456 1466 2496 nec
1485 2445 1622 2511 odoratus,
1639 2463 1689 2504 nec
1709 2458 1753 2504 ta*

964 2513 1079 2588 ctusuest
1094 2521 1101 2560 ι
1114 2523 1163 2563 nos
1177 2509 1307 2563 instemus
1321 2509 1419 2565 divinar
1434 2511 1495 2581 legi,
1511 2527 1570 2581 qua·
1582 2524 1624 2569 est
1638 2517 1757 2589 irrcprc··

964 2575 1114 2642 licnsihtlts,
1131 2578 1158 2632 in
1170 2593 1223 2645 qua
1236 2579 1418 2633 testimouium
1431 2581 1547 2648 Domini,
1570 2585 1679 2648 justitia
1699 2590 1756 2644 sive

963 2659 1109 2716 praecepta,
1123 2649 1204 2702 timor
1218 2649 1275 2704 sire
1283 2648 1384 2715 judicia
1397 2650 1455 2717 eius
1470 2652 1653 2710 inveniuntur.
1672 2674 1682 2709 i

1001 2714 1027 2768 6.
1043 2715 1115 2771 ldein
1131 2726 1226 2773 auctor
1240 2719 1395 2788 indignatur
1422 2730 1577 2779 sanctorum
1604 2737 1753 2799 niartymm

964 2792 992 2839 ιι
1003 2787 1186 2867 consessorum
1201 2788 1321 2857 reliquiis
1334 2799 1360 2843 e:
1372 2791 1492 2846 restibus
1511 2793 1642 2864 imagines
1666 2814 1680 2850 a
1706 2800 1754 2854 Ni·

965 2869 1047 2936 cauis
1062 2858 1089 2911 iii
1104 2857 1206 2912 honore
1217 2859 1361 2927 coaequari.
1377 2859 1481 2914 Nullam
1497 2877 1560 2932 ergo
1574 2867 1757 2924 omnidotali*

965 2940 1067 2994 giosain
1095 2929 1296 2982 reiterationem
1332 2928 1493 2999 imaginihus
1521 2933 1665 3000 exhibuit;
1693 2953 1757 2993 cum

966 2996 1142 3063 apndomncs
1155 2997 1317 3053 inconfesse
1338 2999 1382 3063 sit,
1396 3014 1456 3055 cam
1477 3015 1537 3069 qum
1562 3004 1682 3073 reliquiis
1707 3007 1756 3062 dcd

966 3063 1059 3129 fertur,
1076 3068 1153 3136 longe
1167 3066 1235 3121 inira
1246 3068 1354 3122 latriam
1366 3084 1436 3126 csse.
1450 3089 1459 3121 ι
1475 3071 1645 3138 Sanctorum,
1659 3077 1756 3146 inquit,

965 3149 1078 3215 corpora
1091 3139 1225 3202 reiterari,
1241 3153 1387 3207 eorumque
1410 3141 1533 3211 reliquiis
1558 3142 1686 3199 bonorem
1708 3161 1757 3201 eii-

965 3205 1059 3260 hibere
1084 3221 1137 3260 non
1153 3209 1211 3262 sine
1233 3222 1315 3263 causa
1328 3217 1449 3265 vetustas
1478 3210 1632 3266 admisit...
1663 3215 1758 3272 Dicant

965 3275 1004 3357 illi
1019 3277 1064 3330 ulii
1079 3292 1197 3345 uuquam
1207 3277 1351 3345 jubeamur
1364 3280 1494 3349 imagines
1508 3283 1643 3337 adoraret
1663 3283 1755 3340 Sancti

965 3360 993 3398 tn
1006 3346 1162 3401 celestibus
1175 3349 1284 3402 scilibiis
1298 3363 1358 3401 cuin
1373 3347 1480 3404 Christo
1501 3350 1590 3405 vivere
1613 3361 1640 3407 ιι
1662 3369 1756 3409 cornui

965 3429 1027 3469 ossa
1039 3415 1199 3486 quaudoque
1213 3426 1396 3471 resurrectura
1411 3420 1557 3474 creduntur
1570 3431 1615 3474 :at
1625 3423 1756 3493 imagines

966 3499 1016 3565 uec
1028 3487 1128 3565 vixisse
1140 3502 1256 3555 uuquam
1281 3487 1437 3553 creduntur,
1453 3503 1503 3546 nec
1519 3498 1756 3548 resurrectura...

967 3554 1130 3623 imaginibus
1144 3569 1209 3625 ergo
1224 3570 1285 3624 que
1300 3571 1350 3611 nec
1361 3557 1460 3613 vixisse
1472 3575 1588 3627 unquam
1599 3573 1756 3629 creduntur,

966 3638 1017 3678 nec
1032 3633 1234 3689 resurrecturae,
1255 3626 1301 3678 sed
1317 3635 1362 3679 aut
1382 3627 1488 3697 ignibus
1503 3639 1550 3683 aut
1564 3632 1635 3686 carie
1658 3647 1758 3687 cousu-

966 3693 1073 3773 meude
1083 3695 1268 3774 perliihentur,
1283 3696 1467 3751 adorationem
1482 3699 1532 3751 soli
1559 3699 1614 3754 beo
1639 3701 1758 3757 debitam

966 3763 1111 3846 impartiri,
1126 3773 1173 3817 aut
1185 3766 1307 3834 segnitiei
1319 3775 1370 3828 est,
1393 3767 1417 3820 si
1438 3775 1574 3835 utrunque
1588 3770 1695 3839 agitur,
1713 3781 1759 3827 aut

967 3847 1089 3896 insanie,
1103 3834 1145 3887 vel
1158 3836 1248 3903 potius
1263 3835 1437 3898 infidelitatis,
1467 3837 1489 3890 si
1514 3838 1688 3906 pertinaciter
1711 3840 1758 3896 de·

967 3903 1095 3964 ienditiir.
1111 3902 1165 3957 Nos
1179 3903 1269 3971 itaque
1284 3921 1333 3958 tiro
1347 3919 1408 3959 cum
1422 3907 1577 3976 vigilantio,
1590 3909 1701 3978 eiusque
1715 3923 1759 3966 se·

967 3974 1107 4042 quacibus,
1133 3974 1261 4042 reliquias
1290 3974 1464 4044 abnegantes,
1486 3992 1536 4031 nee
1562 3994 1622 4032 ruiu
1647 3978 1758 4035 Siuiouc

966 4043 1079 4112 eiusque
1090 4044 1265 4113 complicibus
1281 4043 1410 4112 imaglucs
1424 4048 1578 4111 adorantes,
1594 4058 1621 4102 ct
1635 4050 1756 4118 reliquiis

967 4116 1024 4168 sive
1047 4122 1201 4167 sanctorum
1215 4112 1373 4184 corporibus
1397 4125 1575 4185 oppurtunum
1599 4119 1757 4188 obsequium

967 4183 1125 4239 exhibemus
1138 4204 1146 4247 t
1159 4191 1186 4237 ct
1196 4183 1331 4242 basilicas,
1349 4196 1427 4254 prout
1439 4185 1513 4248 libet,
1528 4198 1680 4242 sanctoruni
1693 4190 1761 4244 ima·

967 4254 1084 4326 ginibus,
1103 4255 1159 4308 sive
1173 4254 1253 4308 ctiam
1268 4269 1345 4317 auru,
1362 4262 1506 4324 argentove
1526 4270 1704 4325 exornamus3
1731 4268 1760 4314 ιι

969 4325 1107 4380 servitium
1128 4323 1304 4386 adorationis,
1334 4323 1390 4378 sive
1416 4327 1540 4390 culturae,
1560 4328 1609 4381 soli
1634 4328 1698 4392 ileu,
1714 4329 1757 4383 citi

969 4465 1019 4519 bro
1034 4481 1075 4527 iii,
1088 4480 1148 4533 rap.
1165 4463 1208 4518 ‘lb

1004 4536 1087 4589 llulto
1102 4537 1189 4590 niinus
1202 4535 1303 4616 patitur
1316 4533 1447 4607 imagines
1460 4539 1583 4608 componi
1593 4554 1652 4594 cum
1667 4553 1756 4606 criirr,

968 4606 1030 4674 quia
1048 4607 1136 4659 erucis
1151 4605 1248 4659 vexillo
1260 4605 1386 4674 aiiiiqiius
1400 4605 1494 4671 hostis,
1509 4625 1561 4662 non
1587 4609 1757 4679 imaginihus,

968 4678 1054 4731 victus
1066 4686 1107 4730 cst
1119 4692 1126 4738 ;
1139 4683 1166 4728 et
1177 4689 1285 4730 cmceiu
1296 4673 1424 4742 jubemur
1435 4677 1538 4742 tollere,
1552 4693 1603 4733 nou
1618 4678 1757 4749 imagines.

970 4764 979 4797 i
997 4745 1055 4799 Non
1071 4754 1135 4800 sunt
1147 4745 1230 4815 igitur
1240 4747 1371 4814 imagines
1383 4746 1456 4801 cruci
1475 4748 1682 4817 aequiparanda,
1705 4760 1758 4803 nott

968 4814 1121 4880 adorandae,
1136 4814 1329 4877 noncolendae,
1348 4817 1394 4869 sed
1413 4815 1476 4871 huic
1496 4817 1596 4871 mundo
1618 4831 1678 4872 cum
1705 4833 1760 4873 ce-

968 4887 1033 4953 terls
1047 4900 1106 5008 ‘bbae
1119 4884 1210 4939 mundi
1226 4892 1288 4938 sunt
1316 4884 1507 4953 relinquenda.
1529 4905 1538 4936 i
1559 4887 1621 4940 lime
1648 4886 1718 4941 libro
1740 4896 1760 4942 it

971 4971 1031 5024 cap.
1088 4995 1095 5008 .

1006 5027 1032 5079 l.
1054 5027 1131 5079 lluiic
1143 5030 1280 5078 auctorem
1296 5038 1330 5078 ne
1353 5022 1493 5078 relativam
1516 5023 1622 5090 quidem
1643 5039 1756 5079 renora-

972 5095 1072 5149 tionem
1087 5094 1229 5148 admittere
1240 5100 1345 5147 constat
1359 5107 1392 5147 ex
1408 5093 1476 5148 libro
1488 5107 1529 5157 tir,
1541 5109 1600 5162 cup.
1617 5093 1668 5148 to:
1687 5113 1696 5144 ι
1716 5095 1761 5148 lli·

972 5173 1035 5218 cant
1058 5163 1149 5234 igitur,
1164 5163 1260 5230 inquit,
1277 5162 1374 5231 quibus
1386 5163 1437 5218 lioe
1451 5171 1504 5217 tam
1552 5163 1651 5217 culiare
1664 5173 1705 5218 est
1716 5166 1759 5219 di·

973 5249 1045 5298 eere,
1056 5234 1117 5302 quia
1130 5233 1253 5353 imafiuis
1261 5232 1347 5288 honor
1358 5233 1384 5286 in
1395 5233 1509 5301 primam
1528 5248 1631 5286 ormam
1642 5235 1738 5288 transit
1751 5251 1759 5288 r

971 5306 1063 5359 dicant
1077 5304 1099 5357 si
1113 5303 1164 5356 hoc
1192 5302 1305 5371 egerint,
1320 5311 1364 5356 aut
1378 5294 1591 5370 quibusvalcant
1601 5302 1761 5359 testiiiiouiis

971 5375 1119 5445 approbare
1133 5387 1141 5435 ;
1158 5371 1286 5426 Dominus
1302 5382 1453 5440 naiiiqueet
1467 5369 1590 5426 Salvator
1604 5384 1695 5425 uostcr
1707 5383 1761 5430 iioit

972 5447 1010 5498 ait
1022 5459 1029 5498 :
1040 5442 1163 5510 Quaniliu
1179 5440 1280 5495 lecistis
1294 5440 1464 5510 imaginibus,
1479 5441 1545 5495 sed:
1565 5439 1688 5505 Quotidie
1698 5442 1762 5511 [eci-

970 5515 1018 5568 rtis
1033 5513 1078 5566 ani
1091 5511 1123 5565 de
1136 5512 1252 5564 miniatis
1277 5511 1344 5576 istis,
1369 5510 1433 5563 milii
1450 5511 1554 5580 serinia
1576 5509 1682 5580 quatit.
1697 5528 1759 5579 xxv,

972 5585 1028 5654 tut.
1043 5582 1097 5637 Nec
1111 5583 1149 5636 ait
1163 5596 1171 5634 ι
1183 5579 1233 5647 Qui
1246 5580 1387 5699 imagines,
1399 5577 1475 5634 sedr'
1486 5578 1537 5645 Qui
1551 5597 1594 5634 roa
1605 5581 1703 5702 ιιιιὲιι,
1721 5591 1761 5636 ott

1315 5650 1333 5720 ).
1351 5649 1382 5702 Ει
1402 5649 1448 5705 lib:
1465 5665 1502 5716 tr,
1516 5666 1575 5718 cup.
1592 5651 1634 5703 lll.
1676 5649 1759 5722 ‘Epi-
