3780 6120
119 293 165 351 tet

303 307 381 364 COD.
398 306 485 365 olet.
500 341 534 350 -
545 307 789 371 noscitare..
807 309 873 365 suti
886 306 962 364 COD.
978 304 1184 364 debellatis.
1198 339 1232 348 -
1249 307 1417 364 STEPHANI
1438 310 1457 364 tl
1477 309 1585 365 brist.

1705 313 1757 368 ltili

155 418 280 473 erasas
299 419 499 489 limctegangus
515 421 598 473 abbas
612 423 697 473 sacris
708 420 845 473 liminibus
856 433 917 486 pro-
933 425 955 477 Α
1004 416 1132 484 principis
1151 416 1299 485 patrocinio
1311 414 1464 483 pellicatum
1477 418 1499 470 si
1511 419 1537 471 in
1555 418 1651 472 timore
1665 419 1723 482 lici,
1733 429 1761 474 et

120 507 232 569 metaris
262 507 301 560 tui
328 507 400 561 beati
420 508 602 574 apostolorum
625 509 755 576 principis
781 509 864 573 l’etri,
890 517 919 561 ct

121 599 221 655 nostris
231 598 372 653 obtutibus
382 608 560 666 praesentatus
574 601 699 669 imposita
713 600 764 654 sibi
779 601 858 654 verba
876 615 919 653 sa-

121 689 261 744 lutationis
271 703 305 745 ac
316 690 456 758 sospitatis
477 703 500 756 ι,
513 707 529 744 a
540 692 596 746 Deo
606 701 720 746 servatae
737 702 817 762 atque
828 708 920 746 aman-

123 783 234 837 tissima
248 780 415 835 excellentiae
427 790 480 837 tue
502 781 661 852 [exponens
684 781 722 836 uel
745 783 828 837 simile
844 781 920 853 quid]

123 875 280 929 innumeras
294 875 472 942 omnipotenti
490 875 545 927 lieo
561 875 615 928 lacti
628 874 716 930 allecti
732 877 833 946 gratias
852 875 921 928 relc-

126 975 215 1021 rciites
224 966 340 1036 egimus,
355 975 478 1035 petentes
489 966 546 1033 eius
559 967 677 1022 diuinam
697 969 919 1029 miscricordiam,

124 1057 186 1112 licet
210 1064 366 1124 peccatores
389 1066 417 1109 et
436 1055 548 1126 indigni,
571 1069 601 1111 ut
621 1073 670 1126 pro
691 1074 740 1112 sua
755 1068 780 1113 te
797 1068 921 1127 protegat

125 1149 234 1217 pictate,
248 1147 474 1202 excellentissime
487 1147 534 1212 tili,
551 1156 578 1202 et
594 1147 679 1204 multo
705 1149 819 1216 amplius
840 1159 922 1218 atque

125 1239 273 1308 perlectios
297 1255 347 1293 suo
367 1240 463 1293 timore
488 1248 563 1292 tuum
590 1254 702 1306 reanum
723 1239 874 1303 conlirinet,
894 1248 922 1293 ct

127 1343 219 1382 amore
245 1328 402 1396 apostolico,
425 1335 597 1396 quatenusct
616 1328 742 1397 praesenti
766 1328 821 1382 rita
845 1328 923 1400 longe

129 1418 242 1502 [Gretr.,
253 1417 385 1488 lonppera]
398 1417 514 1472 feliciter
526 1417 635 1482 lruaris,
646 1427 674 1473 et
690 1426 798 1473 aeternas
810 1419 924 1472 beatitu-

123 1509 202 1564 -diuis
224 1508 340 1580 [lomim
363 1510 539 1564 beatitudinis
551 1506 680 1580 paradisi]
696 1525 817 1574 consors,
833 1510 922 1565 lractu

130 1602 270 1672 apostolici
294 1600 406 1665 amoris,
433 1600 502 1656 ellici
531 1601 675 1666 merearis;
702 1601 716 1641 b
744 1602 844 1656 etenim
870 1603 924 1672 70

1006 485 1076 539 l'ctri
1095 501 1196 548 ainore,
1213 501 1266 554 quo
1286 485 1399 539 mirilico
1414 487 1602 542 alliciebantur
1625 503 1677 540 una
1699 505 1763 543 cuin

1005 571 1077 623 iege,
1089 555 1320 623 perseveraverint
1332 570 1416 624 usque
1428 557 1454 609 in
1468 556 1558 609 linem.
1571 557 1678 611 Petrum
1687 566 1761 626 pote·¹

1004 632 1075 678 state
1096 624 1146 677 sibi
1171 639 1186 677 a
1211 625 1265 678 llcn
1283 639 1410 678 concessa
1429 634 1538 694 peccata
1558 628 1602 681 liic
1619 627 1717 693 delere,
1734 637 1763 682 et

1005 693 1110 762 aperire
1118 692 1227 760 januam
1245 694 1319 764 regni
1331 694 1471 749 coeloruiii.

1006 782 1184 852 isiopbanus
1199 784 1342 853 episcopus
1353 799 1448 839 serius
1461 802 1602 840 servarum
1625 786 1682 849 Dei,
1697 786 1765 841 riris

970 871 1094 942 gloriosis
1113 874 1266 942 nostrisque
1294 874 1356 928 liliis
1380 875 1507 929 orionibus
1530 877 1643 931 docilius
1675 879 1764 947 gentis

972 960 1146 1017 Francorum.

1007 1051 1081 1105 Lata
1108 1054 1205 1121 gaudet
1225 1061 1317 1108 sancta
1335 1062 1423 1108 mater
1440 1054 1561 1109 Ecclesia
1584 1057 1611 1109 in
1635 1065 1764 1125 provectu

972 1139 1090 1195 fideliam
1105 1140 1230 1196 liliorum.
1255 1144 1401 1212 Propterea
1424 1145 1473 1199 etsi
1496 1161 1607 1213 corpore
1629 1148 1762 1209 absentes

972 1234 1068 1303 spiritu
1081 1249 1146 1288 reno
1156 1245 1312 1303 praesentes,
1329 1237 1473 1304 gloriosam
1489 1240 1670 1306 prudentiam,
1685 1250 1767 1308 atque

974 1323 1147 1378 dilectionem
1161 1333 1287 1388 vestram,
1304 1326 1489 1381 sublimissimi
1504 1328 1562 1392 sitii,
1575 1330 1639 1382 acsi
1650 1345 1767 1398 prasen-

973 1411 1073 1466 tialitcr
1095 1413 1297 1481 amplectentes,
1324 1416 1352 1469 in
1366 1417 1459 1470 osculo
1478 1419 1562 1485 pacis,
1576 1418 1725 1472 salutamus
1739 1419 1767 1472 in

974 1502 1087 1557 Domino
1112 1503 1253 1559 diceutes:
1272 1504 1396 1575 Ferietur,
1413 1506 1534 1570 Domina,
1553 1507 1626 1561 bairis
1649 1518 1674 1561 et
1691 1510 1767 1562 rectia

974 1593 1051 1646 corde
1065 1593 1124 1664 (Pa.
1137 1596 1239 1666 cxxii).
1256 1595 1388 1663 Quoniam
1405 1598 1530 1652 fiduciam
1554 1599 1685 1654 babemus
1695 1600 1767 1669 quod

129 1706 249 1762 praesens
272 1692 491 1760 Drocttqangiis,
513 1690 598 1745 tidelis
616 1700 677 1746 iiius
699 1693 819 1757 missus,
845 1690 922 1758 juria
975 1682 1059 1737 Deum
1080 1685 1189 1750 timetis,
1215 1695 1243 1741 et
1262 1697 1443 1755 protectorem
1458 1700 1576 1743 vestrum
1597 1681 1706 1745 beatum
1719 1692 1769 1746 Pe·

130 1781 200 1850 quod
225 1782 304 1837 nobis
325 1782 431 1837 toeuius
453 1780 519 1845 suit,
543 1797 689 1852 congruum
709 1798 759 1852 per
783 1798 844 1838 eum
870 1793 922 1837 ruffi
938 1762 961 1820 li
976 1782 1057 1838 trum,
1072 1776 1220 1845 principem
1235 1778 1430 1846 apostolorum,
1445 1778 1565 1848 diligitis,
1583 1789 1617 1834 ‘et
1638 1796 1699 1834 cuni
1713 1791 1768 1836 tota

130 1871 331 1926 minimissimis
357 1870 471 1925 boiiitaii
495 1871 521 1924 iii
548 1886 597 1926 ore
619 1880 748 1940 ponentes
771 1873 923 1927 remisimus
974 1866 1073 1919 iiicntis
1102 1866 1244 1921 dcrntione
1270 1882 1319 1936 pro
1344 1866 1402 1936 ejus
1419 1869 1582 1937 perlicicuda
1606 1871 1723 1926 utilitate
1741 1874 1767 1927 in

131 1976 302 2030 responsum,
316 1960 358 2014 cui
371 1968 399 2014 et
411 1960 570 2014 inomnibus
582 1960 692 2015 credere
703 1959 922 2031 julieasllaimb„
975 1963 1068 2008 nostra
1079 1956 1266 2012 obsecratione
1278 1966 1468 2026 cnop-ratores
1488 1966 1516 2011 et
1534 1957 1671 2026 adjutores
1683 1962 1769 2027 eritis,

131 2050 244 2122 lubeasl,
274 2051 339 2120 quia
362 2051 390 2104 in
414 2051 539 2105 amnibus
563 2066 623 2120 quae
645 2052 787 2115 mandasti,
816 2050 925 2106 Christo
974 2060 1024 2115 pro
1039 2055 1113 2101 certo
1130 2057 1252 2102 tenentes
1264 2049 1335 2118 quod
1349 2064 1397 2118 por
1416 2059 1553 2105 certamen
1569 2051 1641 2121 quod
1666 2052 1771 2120 iricius

132 2149 304 2210 cooperante,
329 2140 459 2194 salutaria
478 2141 525 2196 tibi
548 2141 744 2207 mandarimus,
772 2143 819 2197 sed
844 2142 925 2211 iniple
975 2145 1096 2191 sanctam
1109 2138 1257 2192 Ecclesiam
1271 2148 1389 2192 vestram
1402 2138 1554 2208 spiritalem
1576 2152 1689 2196 matrem
1703 2141 1771 2196 lece·

133 2228 304 2282 llomiaicum
319 2228 431 2291 dietum,
446 2229 516 2283 sieut
531 2232 661 2298 scriptum
673 2239 715 2284 cst
724 2249 730 2284 :
740 2229 871 2296 Quoniam
880 2232 926 2301 qai
975 2226 1045 2291 ritis,
1053 2228 1086 2282 ab
1099 2227 1157 2296 ipso
1169 2228 1289 2297 principe
1301 2228 1484 2297 apostolorum
1496 2239 1585 2283 restra
1599 2229 1772 2285 dimittantur

131 2319 331 2388 perseveraberit
348 2321 466 2384 usquein
478 2319 556 2387 finem
571 2318 663 2390 [Geni.
686 2321 747 2376 add.
763 2321 826 2392 tici,
839 2321 927 2376 aalma
976 2325 1096 2386 peccata,
1120 2325 1148 2372 et
1161 2333 1210 2387 pro
1227 2318 1297 2388 capti
1315 2316 1429 2389 [danim
1450 2317 1544 2389 empti]
1566 2335 1648 2373 cursu
1662 2319 1772 2384 laboris,

132 2407 179 2460 erit
196 2418 221 2458 0.
239 2407 279 2460 Ex
302 2407 354 2461 boc
373 2408 445 2461 eniiu
468 2411 623 2479 centuplam
650 2412 774 2480 accipies,
793 2421 820 2466 et
845 2413 927 2467 vitain
977 2408 1133 2479 crn·uplum
1152 2409 1292 2479 accipiatis
1317 2410 1350 2464 de
1370 2424 1451 2463 manu
1468 2409 1525 2476 lici,
1545 2417 1573 2464 et
1590 2411 1673 2463 vitain
1688 2411 1774 2479 possi-

133 2495 284 2566 possidebis
296 2505 437 2551 remmam.
452 2497 509 2553 llac
520 2509 609 2553 autem
619 2501 744 2568 petimus,
766 2501 812 2566 bii,
826 2512 854 2556 ut
865 2503 928 2557 dum
978 2497 1066 2552 dcatis
1077 2507 1206 2552 aeternam
1228 2509 1252 2550 θ.

135 2589 231 2642 missos
246 2596 308 2643 tuos
319 2589 352 2643 ad
365 2604 415 2642 nos
425 2591 562 2644 remittere
571 2589 695 2657 jusseris,
710 2608 772 2646 euni
792 2595 930 2663 responsis
1014 2587 1116 2640 idcireo
1137 2587 1330 2651 obsecramur,
1356 2593 1437 2653 atque
1459 2585 1634 2655 conjuramus
1655 2597 1773 2643 restrain

136 2677 206 2732 liuiie
217 2679 351 2734 Joaunein
371 2679 458 2733 rironi
472 2681 625 2751 religiosum
646 2697 709 2736 euni
719 2683 759 2737 eis
770 2684 930 2751 mittereju-
980 2677 1209 2745 sapientissimam
1227 2675 1386 2729 charitatem
1397 2675 1553 2744 perlleuin,
1580 2686 1607 2731 et
1621 2693 1671 2746 per
1684 2678 1775 2732 linini-

136 2770 214 2836 lleast
243 2770 332 2825 fidelis
356 2771 428 2824 enirn
450 2779 512 2826 lutis
530 2782 581 2837 est,
599 2780 627 2826 et
643 2774 789 2841 prudenter
812 2783 931 2842 reportat
981 2784 1044 2822 num
1058 2779 1181 2822 nostruin
1193 2766 1284 2821 iesum
1296 2765 1444 2829 Christum,
1457 2775 1484 2820 et
1499 2767 1570 2822 diem
1581 2768 1774 2823 latui-umora-

137 2872 276 2928 responsa.
290 2860 363 2914 Beue
378 2860 447 2917 vale.

517 2954 538 3010 tl

177 3043 228 3113 71
249 3043 332 3098 iruii
352 2993 727 3171 EPffiWkifflEffiUs
744 3046 897 3103 musaeu

142 3200 173 3257 lii
188 3219 240 3274 qna
259 3205 427 3258 continentur
446 3208 591 3275 pretiorum
613 3209 728 3262 actiones
753 3218 778 3261 et
795 3207 932 3264 ulcrnmar

377 3317 379 3321 .
438 3274 634 3330 ieiiedictionei.

233 3366 294 3439 (dii.
312 3365 387 3420 Darii.
404 3366 463 3430 755,
481 3366 546 3421 eoa.
558 3366 620 3422 Car.
636 3385 674 3432 xi,
691 3386 780 3422 aaron.
797 3368 837 3439 5.)

144 3454 486 3510 diurnarum-Eadem
516 3459 658 3512 occasione
687 3467 748 3513 orat
767 3458 932 3513 Francorum

176 3527 274 3590 duces,
300 3534 330 3578 ut
348 3529 434 3580 saneti
461 3525 533 3580 Petri
560 3544 668 3582 causam
686 3544 738 3582 una
762 3544 824 3583 cum
849 3545 931 3600 rege,

175 3594 252 3663 juxta
276 3596 416 3650 conditum
443 3611 491 3664 por
519 3597 744 3668 droctegangum,
774 3600 932 3668 suscipiant.

177 3664 322 3720 Caelestem
359 3667 601 3722 remunerationem
637 3668 720 3737 ipsius
752 3672 934 3738 apostolorum

180 3774 341 3830 ‘liabiliom
359 3774 439 3845 (dnn.
456 3778 503 3832 lib.
515 3794 582 3842 xxii,
601 3794 628 3831 n.
645 3778 700 3845 to),
720 3779 801 3832 llritct
837 3791 935 3847 angunt

147 3845 215 3899 bunc
230 3846 353 3910 missum,
377 3862 424 3900 seu
437 3847 553 3917 legatum
577 3849 657 3918 regis,
677 3849 802 3902 abbatem
843 3848 936 3901 emeti-

147 3929 261 3978 ieasem,
286 3931 339 3968 non
358 3915 541 3980 Gorzicnscui,
563 3926 592 3971 ut
606 3918 737 3981 cointius
755 3917 836 3972 luisse
849 3925 934 3984 putat.

148 3984 290 4038 Historiam
306 3994 334 4038 et
349 3986 405 4053 ipse
417 3996 524 4052 narrat;
539 3989 651 4041 missum
670 3988 793 4042 videlicet
815 4003 830 4040 a
850 3987 937 4055 pniiti-

148 4055 194 4106 liee
209 4054 292 4108 lidum
306 4056 442 4110 boriiiuem
457 4057 590 4139 peregrini
603 4058 705 4121 babitu,
715 4058 760 4126 qui
774 4065 819 4111 aut
830 4057 936 4119 litteris

149 4137 191 4177 ant
206 4125 274 4178 ritae
288 4125 361 4179 vocis
378 4127 488 4181 oraculo
509 4126 672 4197 significaret
698 4128 752 4195 regi
775 4127 937 4181 desiderium

149 4195 281 4262 pontilicis
295 4194 323 4247 in
336 4193 478 4250 Franciam
491 4197 581 4259 eundi,
600 4206 629 4251 at
640 4212 702 4250 cuin
717 4214 749 4252 eo
765 4198 798 4251 de
812 4196 938 4250 Ecclesiae

150 4265 355 4319 necessitatibus
365 4265 576 4334 colloqueretur:
590 4267 735 4335 statimque
754 4282 768 4319 a
784 4282 846 4337 rege
859 4267 938 4320 bene-

151 4335 200 4389 licli
209 4334 326 4389 recreatis
332 4350 451 4390 memore
463 4337 573 4392 missum
582 4339 795 4406 Druethangnm
803 4337 938 4400 abbatem,

149 4413 174 4458 et
190 4405 262 4458 baud
275 4405 314 4458 ita
338 4406 423 4459 multo
439 4415 497 4474 past
519 4407 703 4479 Rodigaiignin
719 4407 871 4476 episcopum
886 4404 940 4458 ile-

982 2857 1071 2919 minis,
1086 2857 1113 2910 in
1127 2871 1180 2926 qao
1195 2871 1289 2911 omncs
1303 2872 1352 2925 pro
1375 2857 1475 2911 nostris
1490 2856 1653 2914 facinoribus
1672 2860 1775 2914 erlinus

982 2949 1036 3019 72
1049 2948 1177 3003 reddituri
1194 2948 1325 3003 rationem
1338 2957 1401 3002 ante
1414 2949 1531 3004 tribunal
1553 2952 1647 3005 aeterni
1660 2950 1773 3017 iudicis,

983 3051 1013 3097 ut
1037 3043 1110 3097 nulla
1136 3043 1323 3112 interponatur
1340 3043 1457 3103 occasio,
1480 3051 1507 3096 et
1527 3041 1642 3114 [Eaiiil.,
1662 3042 1702 3115 ut]
1720 3062 1773 3099 nan

984 3133 1043 3186 sitis
1060 3132 1203 3202 adjutores
1216 3135 1249 3187 ad
1260 3132 1434 3188 obtinendum
1446 3132 1529 3186 lilium
1547 3142 1668 3188 nastrum
1687 3151 1701 3188 a
1720 3136 1776 3190 ilco

982 3234 1120 3281 servatam
1141 3224 1293 3295 Pippinuiii,
1317 3224 1573 3279 excellentissimum
1597 3240 1696 3295 regem,
1726 3241 1777 3295 pio

983 3317 1145 3398 perlicienda
1159 3318 1275 3372 utilitate
1289 3317 1401 3371 fautoris
1414 3317 1495 3372 rostri
1508 3318 1578 3371 bcati
1593 3317 1776 3386 apostoloram

984 3407 1112 3476 principis
1129 3407 1213 3470 Petri,
1225 3406 1294 3460 sicut
1309 3421 1358 3474 per
1375 3412 1533 3474 praesentem
1549 3405 1774 3476 lirocteganguni,

984 3496 1139 3567 religiosum
1154 3495 1289 3559 abbatem,
1302 3495 1412 3563 eiusque
1427 3495 1592 3548 concomites
1602 3494 1777 3559 direximuss,

985 3596 1117 3656 quatenus
1133 3588 1210 3640 robis
1224 3587 1457 3649 concurrentibus,
1474 3586 1537 3640 duui
1563 3594 1656 3641 nostra
1681 3587 1779 3655 depre-

985 3677 1056 3731 catio
1069 3675 1150 3730 lucrit
1166 3675 1284 3745 impleta,
1296 3676 1353 3743 ipso
1365 3675 1485 3743 principe
1496 3675 1690 3745 apostolorum,
1702 3676 1781 3745 cujus

1022 3802 1033 3829 ι
1058 3789 1127 3843 llinc
1148 3796 1241 3856 patcnt
1258 3794 1362 3840 secreta
1385 3786 1517 3848 consilia,
1540 3802 1601 3908 qnae
1618 3786 1783 3857 luculentius

985 3859 1154 3983 equicantnr
1167 3859 1194 3911 in
1218 3855 1339 3925 sequenti
1355 3855 1476 3922 epistola.
1492 3856 1547 3935 lic·
1564 3856 1662 3909 eclesia
1676 3857 1780 3911 seilicet

986 3932 1018 3987 de
1031 3928 1150 3983 enilcnda
1165 3927 1293 3980 adversus
1305 3925 1494 3995 Langobardos
1507 3924 1669 3994 agitabatur.

1021 3996 1346 4065 dllncboiiicprineipiiim
1355 3995 1502 4048 litterarum
1514 3994 1675 4061 quasbullas
1684 4004 1783 4050 vocant

987 4069 1133 4124 Gariicrius
1157 4067 1195 4138 (ia
1222 4064 1338 4135 dppeiid.
1359 4064 1394 4117 od
1426 4063 1471 4117 tii.
1498 4061 1606 4133 Dium.)
1642 4065 1782 4120 cautiones

987 4140 1117 4210 quasdam
1129 4135 1268 4206 praemittit
1283 4133 1449 4203 inscriptioni
1469 4132 1668 4203 pontiliciamm
1680 4135 1780 4203 episto-

989 4211 1086 4271 larum,
1104 4223 1217 4276 quarum
1230 4205 1323 4274 quinta
1338 4204 1491 4272 opinionem
1514 4218 1608 4257 eorum
1627 4204 1778 4273 praesefert,

989 4281 1034 4349 qui
1049 4278 1188 4347 pautiliccs
1203 4290 1298 4329 iioiiion
1314 4289 1392 4328 suuni
1405 4274 1588 4343 postposuisse
1595 4280 1701 4354 putant,
1717 4290 1780 4329 cuin

989 4347 1204 4418 precedentibus
1213 4345 1335 4413 personis
1352 4345 1510 4406 scriberent,
1520 4358 1581 4397 cum
1594 4342 1780 4409 inferioribus,

1010 4419 1181 4487 raptisuisse;
1191 4429 1270 4485 quani
1284 4421 1371 4468 tannen
1383 4412 1478 4468 ialsaiii
1490 4428 1550 4467 essc
1564 4414 1711 4478 contendit,
1720 4430 1782 4484 pro-

151 4481 261 4537 fflssefflr
277 4487 305 4528 θῑ
322 4475 498 4530 Ᾰΰῑθὴθῐῐϋΰῑ
512 4478 616 4540 duceni,
631 4477 677 4546 qui
691 4477 843 4544 l¹⁰¹¹¹ls¹⁰⁰¹¹l
857 4475 940 4528 ⁰⁰⁰¹3·
954 4435 1054 4542 ”faiis
1065 4486 1194 4607 exemplis
1209 4500 1224 4538 a
1238 4484 1332 4565 quinio
1345 4482 1444 4537 seculo
1458 4483 1491 4537 ad
1504 4497 1614 4537 nonum.
1635 4482 1670 4535 At
1691 4498 1783 4538 circut-

151 4552 272 4597 tarentur
289 4545 352 4598 illac
368 4555 487 4600 eanum.
511 4547 581 4605 Ante
609 4546 735 4601 lleteiisis
765 4545 881 4613 cpisonpi
914 4552 941 4596 ct

151 4614 259 4684 collegae
285 4616 431 4668 ailreiitniu
457 4616 526 4671 datm
542 4621 647 4679 litterae,
666 4631 697 4669 ae
712 4625 815 4669 secreta
829 4613 941 4668 consilia

151 4685 260 4738 eredita.
295 4683 376 4739 llisce
397 4686 468 4739 baud
492 4687 654 4759 exspectatis
678 4686 818 4754 Pippiuuiii
844 4683 943 4736 alteras

151 4754 252 4821 legatos
266 4754 373 4808 misisse
389 4760 547 4824 comprobat
558 4756 694 4828 pontilicis
706 4758 793 4809 disces
803 4769 840 4807 us
860 4754 942 4806 lioaia

151 4824 194 4877 die
208 4823 241 4876 il
254 4823 367 4878 Octobr.
391 4827 506 4898 (anast,
521 4829 548 4882 in
567 4828 625 4881 Vita
651 4825 740 4894 stapla.
762 4823 815 4895 ll).
839 4822 943 4876 Etenim

152 4909 223 4947 anno
233 4895 329 4948 codem
342 4904 486 4965 antequam
498 4897 617 4967 pontilcx
627 4896 662 4950 ad
673 4895 836 4949 Francorum
853 4907 944 4960 regem

153 4977 181 5018 se
199 4972 329 5026 verteret,
352 4972 410 5019 tuin
429 4965 659 5036 Consentinopoli
679 4979 757 5033 aponi
780 4962 942 5032 quasici·at;

154 5043 211 5086 tum
228 5031 359 5102 Optatam
384 5037 510 5090 abbatem
535 5037 740 5098 cassinensem,
767 5043 794 5087 ct
818 5033 945 5087 attonem

155 5102 364 5159 t'utiariieaseni
396 5106 498 5175 legatos
527 5110 638 5163 miserat
667 5102 809 5172 distulpbo
835 5101 944 5172 (Cbroa.

160 5171 292 5236 talant,
314 5172 376 5228 ller.
393 5173 456 5228 ltol.
480 5185 545 5232 toni.
570 5178 668 5247 primo,
681 5183 751 5243 part.
765 5174 805 5243 ll),
826 5187 876 5226 nec
894 5169 946 5225 nisi

154 5257 251 5311 exspes
261 5245 325 5298 binc
338 5247 454 5300 sanioris
467 5248 575 5314 mentis,
587 5248 647 5303 inde
659 5243 762 5309 auxilii,
773 5257 805 5297 co
815 5240 945 5310 coaluqit,

154 5322 224 5368 teste
237 5313 350 5369 historia
369 5316 453 5370 omni.

192 5383 341 5439 bliotanda
354 5402 459 5442 merces
469 5404 485 5443 a
497 5387 623 5458 pontillce
635 5383 748 5439 Francis
769 5381 876 5461 regibus
885 5394 948 5448 pro-

156 5454 255 5515 missaz
279 5470 334 5510 non
346 5456 419 5511 enim
431 5458 484 5512 alia
494 5467 619 5513 occurret
642 5457 669 5510 in
691 5454 754 5508 ullis
769 5467 802 5506 ex
816 5454 948 5531 buiuseo-

157 5526 226 5580 dieia
240 5526 349 5581 litteris.
370 5525 465 5583 Timor
477 5528 523 5583 lici
535 5536 562 5583 et
576 5542 652 5582 anior
671 5522 743 5579 Petri
755 5521 861 5576 assidue
874 5533 949 5587 inge-

157 5604 257 5649 rantur
270 5597 389 5666 regibus,
395 5613 497 5680 perque
505 5595 768 5675 bajuspatrocinium
776 5599 948 5662 peccatorum

159 5669 236 5720 reaia
258 5675 286 5721 ct
312 5683 452 5736 premium
486 5680 616 5725 amioum
645 5671 821 5737 promittitur,
845 5672 950 5715 merces

159 5738 284 5791 sectam,-
298 5738 511 5793 tantomiiii'isa.
719 5751 722 5756 ·

991 4558 1132 4629 pliiiiiistu
1163 4553 1432 4632 esterideiis.Ceaa.
1596 4621 1601 4632 ι

1028 4627 1207 4695 repperiam
1222 4631 1328 4678 aeterna!
1350 4623 1470 4690 ejusdem
1487 4621 1619 4676 mercedis
1639 4621 1786 4690 promissio

992 4697 1157 4752 Francorum
1170 4694 1293 4752 duellius,
1318 4699 1474 4760 opportunae
1493 4707 1608 4760 preces:
1627 4706 1688 4744 trani
1704 4691 1785 4761 Egiri-

994 4769 1086 4822 burins
1099 4767 1125 4818 iri
1142 4764 1202 4817 viia
1216 4763 1305 4817 Caroli
1320 4762 1389 4832 (cap.
1406 4761 1433 4831 a)
1449 4762 1481 4815 de
1496 4761 1598 4830 Pippini
1610 4761 1780 4827 expeditione

992 4837 1083 4892 italica
1098 4836 1134 4888 ita
1148 4834 1281 4902 loquitur:
1300 4851 1308 4881 ι
1327 4832 1402 4897 Quod
1422 4831 1496 4900 prius
1518 4831 1626 4899 quidem
1641 4837 1668 4883 ct
1681 4845 1696 4882 a
1708 4839 1786 4899 patre

993 4907 1052 4975 ejus
1064 4905 1201 4973 Stcpliaiio
1217 4917 1287 4971 papa
1309 4902 1474 4970 supplicante
1486 4916 1546 4954 enni
1563 4915 1657 4970 magna
1670 4899 1786 4954 diillciil-

994 4985 1048 5029 tate
1076 4983 1229 5042 susceptum
1253 4978 1304 5033 cst,
1330 4972 1392 5039 qnia
1416 4971 1524 5038 quidam
1554 4984 1587 5024 eit
1619 4970 1786 5038 principibus

995 5046 1169 5106 Francorum,
1194 5057 1255 5096 cuin
1276 5041 1374 5110 quibus
1402 5039 1554 5095 consultare
1579 5040 1692 5100 solebat,
1718 5039 1787 5091 adeo

995 5113 1124 5169 voluntati
1137 5112 1195 5180 cius
1206 5111 1287 5164 renisi
1301 5121 1371 5173 sunt,
1382 5118 1411 5163 ut
1425 5124 1453 5164 se
1468 5124 1558 5176 regern
1573 5109 1728 5162 deserturos
1738 5109 1785 5158 ilo-

995 5198 1123 5252 mamque
1146 5181 1280 5236 redituros
1302 5181 1384 5234 libera
1411 5192 1476 5232 racc
1500 5180 1706 5248 proclamarent.
1734 5174 1787 5228 διι-

996 5263 1116 5322 seeptuin
1127 5260 1215 5304 tamcii
1226 5250 1325 5304 bellum
1338 5258 1379 5303 cst
1391 5257 1484 5304 contra
1499 5247 1669 5314 distulplium
1683 5258 1786 5314 regem,

996 5333 1024 5379 et
1039 5322 1177 5378 celerrime
1188 5321 1388 5387 completumi
1717 5383 1723 5395 ·
1779 5382 1786 5396 Ι

1036 5394 1044 5431 l
1075 5392 1237 5461 legatorum
1266 5403 1312 5442 seu
1339 5390 1481 5443 missorum
1501 5386 1627 5454 princeps
1654 5396 1788 5437 nominari

997 5464 1158 5533 quandoque
1169 5459 1316 5521 consuerit,
1329 5467 1359 5511 ut
1369 5458 1438 5512 inira
1449 5471 1508 5509 esse
1516 5455 1616 5507 laetum
1625 5454 1786 5509 ridebimus:

998 5544 1026 5589 at
1036 5533 1123 5587 socios
1132 5531 1214 5583 etiam
1227 5528 1332 5582 uenisse
1343 5544 1403 5581 euni
1418 5529 1602 5594 Droctegango
1611 5539 1644 5579 cx
1656 5523 1788 5594 superiori

997 5604 1108 5674 epistola
1119 5607 1206 5670 parem
1223 5612 1284 5651 nain
1297 5596 1428 5652 loannem
1438 5594 1506 5649 mitti
1516 5608 1576 5648 eum
1592 5608 1788 5665 responsopoa·

998 5673 1064 5729 tiles
1079 5679 1213 5728 orarerat.
