3780 6120
120 282 188 338 itas

560 271 589 325 b.
609 265 734 325 canoel
755 257 860 316 itacui
879 252 954 313 OPP.
977 251 1065 307 PARS
1087 253 1117 306 ll.
1139 249 1260 307 sectio
1278 250 1311 305 11.

1677 240 1773 298 dist

119 393 431 454 mmmmdepsspmam
451 388 536 456 sequi,
556 385 641 439 Por-ro
655 383 727 453 rpuod
740 380 774 433 ad
790 378 910 432 irascen-
925 368 947 426 Δ
963 367 1109 432 insisteret,
1124 367 1183 421 illus
1198 366 1284 436 magis
1296 379 1366 433 quos
1377 376 1483 417 errasse
1494 359 1608 415 ridebat
1620 360 1659 415 ad
1677 359 1771 429 poeui·

120 485 370 558 dumimperatoris
387 483 507 536 animum
528 478 643 546 impulit,
655 483 683 529 et
698 476 724 528 in
739 474 790 527 lum
802 482 909 539 quoqne

120 578 267 636 crudeliter
277 576 341 645 egit,
351 582 379 627 et
395 572 479 626 saeris
499 568 595 623 litteris
608 566 715 634 penitus
730 563 756 616 in
770 562 821 614 bac
834 566 911 628 parte

121 672 192 726 sicut
205 677 233 724 et
247 668 275 721 in
288 665 392 721 caeteris
405 659 541 716 contraiit.
555 656 658 711 Dicitur
672 654 743 708 euim
758 665 806 717 per
817 663 912 718 quem-

122 763 183 817 dam
197 760 345 829 sapientem
359 770 366 807 :
378 754 473 807 Anima
486 749 620 804 bencdicta
633 745 718 798 omnis
731 742 840 810 simplex
853 754 861 791 :
876 738 915 791 air

122 861 210 905 autern
221 849 354 902 animosus
366 844 403 899 ιιι
415 839 558 896 iracundus
569 853 622 891 stou
632 837 736 888 leonaste
747 833 800 901 opit
813 846 822 891 ,·
837 830 872 882 ιιι
886 836 913 883 et

121 958 171 1011 per
194 940 337 993 eunrdem:
355 933 418 987 Noli
442 947 496 986 esse
511 930 611 983 airricus
626 927 680 980 uiro
693 924 812 977 animoso
828 937 836 974 :
852 935 912 972 curn

122 1031 206 1083 erratico
219 1036 305 1082 autem
314 1022 441 1078 iracundo
456 1021 509 1075 noli
521 1018 687 1080 commorari,
701 1032 734 1069 ne
747 1014 814 1083 forte
824 1013 912 1066 discas

123 1123 177 1176 uiae
191 1120 258 1189 ejus,
274 1127 298 1171 et
310 1132 398 1171 sumas
412 1113 532 1183 taqueum
545 1111 703 1164 animatore
719 1105 809 1178 (Pras.
827 1102 909 1172 ιιιι)

123 1226 183 1279 (puae
201 1214 251 1266 riae
268 1225 329 1265 curn
347 1225 362 1263 a
384 1206 505 1275 sapiente
525 1202 591 1256 disci
608 1200 810 1270 prohibeantur,
829 1195 916 1249 milito

123 1301 211 1371 magis
222 1300 320 1356 docere
329 1309 357 1353 et
369 1299 419 1352 sub
429 1293 602 1349 attestatione
615 1288 717 1343 hortari
729 1286 914 1356 probibentur.

123 1393 204 1447 liber
229 1403 336 1459 quoque
354 1384 560 1440 Ecclesiasticus
586 1381 675 1433 taliter
690 1378 722 1430 de
741 1378 790 1430 bac
809 1390 838 1428 re
852 1375 920 1427 into-

124 1490 170 1535 nat
184 1499 189 1532 :
205 1481 291 1533 Homo
309 1476 452 1530 iracundus
464 1473 578 1528 incendit
592 1471 671 1533 litem,
696 1478 720 1522 et
746 1471 784 1520 uir
798 1474 921 1536 peccator

127 1571 241 1622 tarrantis
258 1571 366 1627 anticos,
383 1578 405 1617 et
428 1568 456 1617 in
470 1566 583 1615 mediant
595 1578 684 1630 paeem
701 1559 852 1610 habentium
871 1557 921 1608 im·

964 462 1076 515 tetrtiam
1091 460 1183 514 debuit
1203 470 1358 528 prouocare,
1373 469 1454 524 quant
1480 453 1619 524 principis
1642 453 1771 505 animum

964 554 998 608 ad
1022 551 1212 606 effundendum
1232 547 1390 616 sanguinem
1409 544 1536 605 incitare,
1554 542 1687 612 quoniam
1710 553 1770 611 poe·

963 646 1084 701 nitenti-,e
1095 644 1180 697 uirtus
1200 657 1252 695 non
1264 648 1305 694 est
1319 638 1427 693 caeteris
1438 637 1586 690 virtutibus
1599 641 1769 704 postponen-

965 741 1007 804 da,
1024 739 1072 793 sed
1083 738 1192 808 optimis
1204 736 1355 806 quibusque
1366 731 1568 802 equiparanda,
1582 731 1686 799 quippe
1706 742 1769 797 quse

965 831 1041 900 quasi
1064 828 1199 898 quoddam
1226 827 1454 881 medicamentum
1478 822 1565 877 fracta
1599 821 1766 882 consolidet,

966 923 1090 994 languida
1111 930 1196 985 sanct,
1210 920 1314 990 perdita
1337 919 1470 980 restituat,
1483 924 1511 970 ct
1524 915 1691 986 plerumque
1707 919 1769 983 post

966 1012 1070 1082 lapsum
1098 1020 1255 1080 peccatores
1281 1009 1314 1063 ad
1339 1008 1484 1078 pristimum
1508 1014 1612 1060 statum
1640 1003 1765 1060 reducat.

967 1106 1042 1160 llasne
1055 1104 1127 1158 errim
1146 1102 1374 1172 Psalmograplms
1391 1101 1564 1156 commendat
1583 1115 1649 1154 cum
1678 1100 1766 1155 dicit:

967 1196 1097 1250 delictum
1110 1211 1197 1248 mcum
1213 1195 1344 1263 coquitum
1359 1194 1405 1246 tibi
1421 1194 1470 1263 feci
1492 1202 1516 1246 et
1530 1193 1682 1263 injustitias
1695 1207 1768 1247 meas

969 1305 1021 1341 nort
1034 1287 1144 1358 aperui;
1160 1286 1216 1339 diei
1229 1284 1427 1338 :Pronuntiabo
1443 1283 1580 1337 adeersum
1598 1299 1641 1336 ate
1658 1283 1769 1352 injusti-

969 1381 1020 1433 tias
1041 1393 1112 1431 meus
1128 1377 1249 1439 domino,
1264 1385 1287 1429 et
1309 1385 1338 1428 tu
1357 1376 1478 1429 remisisti
1500 1375 1664 1445 impietatem
1678 1376 1769 1431 cordis

970 1470 1019 1524 mei
1042 1465 1128 1540 (Psoi.
1142 1467 1241 1537 xxxii).
1257 1467 1333 1522 barre
1350 1466 1433 1522 isaias
1459 1467 1613 1522 habendam
1638 1469 1769 1539 praecepit

971 1560 1080 1614 dicens:
1098 1559 1225 1613 liemares
1242 1569 1322 1613 estote
1334 1560 1426 1613 barura
1448 1570 1472 1613 et
1489 1561 1666 1630 inqems'seite,
1683 1563 1768 1633 pani·

123 1660 205 1714 mittet
228 1657 375 1711 delaturum
392 1654 487 1728 (certi.
507 1653 616 1718 xxvttt).
651 1650 718 1704 Nam
743 1657 770 1704 et
792 1647 922 1702 Ecclesia·
973 1657 1079 1708 tentiam
1086 1655 1178 1708 lraiete
1189 1655 1233 1724 qui
1247 1655 1352 1716 erratis,
1367 1652 1547 1707 convertimini
1554 1669 1587 1708 ea
1600 1655 1692 1709 corde.
1706 1653 1769 1710 llaec

124 1759 180 1803 stes
191 1749 247 1802 irae
265 1752 397 1815 praecepta
410 1744 456 1798 dut
469 1759 476 1796 :
491 1741 554 1796 Nati
572 1742 694 1811 destituare
715 1756 742 1792 ru
760 1739 853 1809 spiritu
870 1748 915 1791 tuo
934 1714 1094 1802 Bieremiee
1120 1746 1191 1801 neatis
1205 1746 1323 1801 oraculis
1338 1754 1466 1800 censetur
1476 1746 1613 1800 dicentis:
1632 1745 1769 1801 Conueni-

124 1841 215 1904 t'rusri,
230 1840 292 1909 quia
306 1838 348 1890 ira
373 1838 402 1890 in
419 1836 478 1890 sirau
500 1834 638 1888 stultorum
659 1833 790 1903 requiescit
807 1831 816 1898 (
826 1830 912 1883 arete.
966 1839 1043 1902 mini,
1065 1838 1130 1906 filiu·
1143 1847 1308 1899 reuertentes,
1321 1845 1344 1889 es
1365 1835 1464 1889 samba
1484 1835 1657 1890 cornemium
1669 1847 1769 1891 aenaea,

124 1932 185 1996 ιιι).
209 1931 307 1983 lioctor
320 1929 411 1996 itaque
425 1925 544 1996 gentium
559 1925 595 1978 ita
608 1925 641 1978 nd
654 1924 783 1994 Ephesios
796 1921 891 1977 scribit
906 1938 911 1974 :
966 1928 1075 2001 (ierem.
1090 1928 1142 1998 rn);
1157 1928 1183 1981 iu
1197 1927 1249 1981 alio
1259 1941 1365 1996 quoque
1386 1926 1445 1981 loco
1460 1926 1531 1981 idem
1545 1925 1635 1981 dicis:
1658 1927 1770 1981 Artem.

124 2020 276 2074 irascimini
300 2030 324 2072 ιι
344 2018 423 2073 notite
448 2033 564 2088 peccare,
593 2015 633 2069 soi
655 2033 707 2070 nort
721 2014 822 2068 occidat
836 2028 915 2082 super
967 2022 1076 2091 srrrjpm
1090 2037 1158 2074 nunc
1171 2020 1376 2088 unusquispiam
1392 2018 1434 2071 nia
1445 2034 1495 2071 suu
1510 2017 1600 2080 mata,
1623 2028 1647 2071 er
1659 2018 1769 2072 meliora

123 2110 288 2163 iracundiam
306 2119 416 2164 cestrum
437 2108 543 2178 (Epires.
563 2108 621 2178 ιι);
639 2109 702 2163 item
719 2107 790 2161 idem
803 2125 809 2159 :
823 2105 914 2159 Omnis

122 2201 281 2266 rainardudo,
292 2200 388 2270 inquit,
401 2209 424 2252 et
435 2201 475 2252 ira
483 2210 507 2252 et
518 2200 663 2269 indipnatio
674 2208 697 2252 et
707 2197 806 2251 clamor
815 2206 838 2250 et
849 2196 916 2250 blau

122 2291 225 2360 pirernia
242 2291 408 2360 auferatura
425 2290 494 2344 votus
511 2307 569 2343 curn
585 2291 656 2343 omiti
678 2289 779 2342 ataiitia
800 2286 912 2361 (ibid.);

123 2382 195 2437 idem
207 2398 315 2452 qnoque
329 2400 336 2436 τ
354 2382 433 2444 Nunc
449 2393 535 2437 autem
548 2423 554 2448 ,
568 2383 665 2452 inquit,
680 2382 799 2452 deponite
812 2396 914 2434 omnem

123 2475 434 2545 condempnationem,
448 2474 588 2539 malitiam,
605 2474 807 2544 blasphemiam,
826 2470 916 2527 mrdti-

124 2567 239 2638 loqur'um
260 2565 372 2639 (Colore.
389 2565 432 2637 ιιι)
447 2585 453 2619 :
470 2582 529 2635 quse
542 2565 649 2634 quidem
673 2580 742 2634 pene
763 2565 864 2629 omnia,
892 2563 916 2618 si

123 2656 252 2727 liquidius
263 2659 434 2730 indagentur,
446 2659 472 2714 in
486 2656 604 2729 praelata
615 2658 734 2728 epistolae
752 2665 826 2712 textu
838 2671 916 2726 repe·

125 2753 238 2808 rieutur.

159 2843 235 2897 Dicat
248 2857 314 2914 ergo
332 2842 499 2912 justissimus
513 2844 554 2897 uir
567 2851 595 2897 et
608 2842 663 2896 lieo
676 2841 777 2897 charus
798 2839 915 2896 lacobus

123 2932 269 3002 apostolus,
279 2940 370 2987 utrum
381 2931 458 2999 juxta
475 2933 553 2987 istius
563 2932 684 3002 epistolae
699 2933 915 2988 exhortationem

125 3025 202 3077 selon
232 3024 293 3092 quis
316 3023 349 3078 ad
380 3025 550 3080 irascendum
575 3039 636 3079 esse
663 3024 776 3090 debeat;
812 3026 917 3080 intonet

967 2113 1046 2182 [acite
1060 2110 1148 2164 strrdia
1160 2120 1253 2164 uestra.
1265 2107 1322 2163 loel
1338 2122 1444 2178 quoque
1458 2122 1522 2162 roca
1534 2107 1645 2163 Domini
1663 2109 1769 2164 intonat

966 2205 1078 2259 dicens:
1093 2202 1279 2257 Couccrtimini
1303 2201 1337 2255 ad
1351 2217 1391 2254 nte
1417 2216 1449 2254 ea
1468 2209 1522 2254 tata
1541 2199 1623 2254 corde
1646 2204 1768 2254 remanet

965 2308 996 2347 ea
1010 2300 1064 2347 tota
1077 2292 1166 2345 anima
1184 2299 1267 2345 cestra
1286 2290 1312 2343 in
1326 2289 1431 2360 jejunia
1443 2298 1466 2342 et
1478 2290 1541 2359 peta
1559 2297 1583 2343 ct
1607 2288 1729 2360 planctu,
1741 2299 1765 2344 ct

965 2381 1205 2453 disrumpitecorda
1218 2390 1387 2434 cestraetrton
1398 2379 1547 2433 uestimenta
1563 2388 1663 2445 restra,
1673 2389 1699 2434 et
1712 2397 1769 2435 cos·

965 2473 1135 2528 eertimiaiad
1150 2473 1289 2525 bantinum
1301 2470 1384 2524 Druna
1401 2478 1524 2534 uestrum,
1541 2471 1606 2541 quia
1621 2470 1767 2526 misericors

967 2575 990 2619 et
1005 2566 1107 2636 patiens
1122 2575 1158 2619 est
1174 2606 1182 2629 ,
1206 2564 1380 2634 mapnanimr's
1409 2573 1432 2616 et
1447 2562 1559 2617 muitum
1577 2565 1730 2618 misericors
1745 2574 1767 2619 et

966 2663 1067 2734 patiens
1079 2662 1105 2715 ia
1117 2660 1320 2730 berripnitatiius
1344 2657 1423 2731 (daei.
1442 2660 1484 2724 ιι).
1502 2657 1587 2714 Liber
1611 2662 1695 2715 ctiam
1718 2661 1767 2716 Ec·

967 2750 1135 2806 ciesiastieus
1147 2750 1228 2804 dicit:
1245 2747 1275 2803 Si
1294 2749 1470 2818 paenitentiam
1492 2765 1545 2801 non
1572 2751 1715 2821 aperimus,
1728 2752 1765 2806 irt-

968 2842 1083 2896 cidemus
1099 2843 1231 2895 interaneis
1257 2840 1363 2893 Domini
1385 2839 1528 2894 secundum
1554 2841 1762 2912 mapnitndinettt

968 2932 1035 3002 ejus,
1056 2941 1079 2986 et
1095 2930 1274 2985 misericordia
1297 2929 1356 3000 ejus
1382 2945 1441 2981 cunt
1466 2931 1522 2998 ipso
1549 2939 1588 2983 est
1604 2928 1702 3000 (Ereti.
1724 2929 1762 3000 ιι).

969 3022 996 3076 ln
1013 3022 1125 3077 datibus
1140 3035 1235 3091 nempe
1259 3019 1440 3089 apostolorum
1465 3019 1612 3074 scribitur:
1636 3019 1765 3074 Pariter·

126 3125 216 3169 utrum
235 3117 297 3170 brtic
309 3117 429 3186 epistolae
452 3118 674 3172 consentiendum
690 3118 735 3184 sit,
749 3133 809 3187 quae
832 3119 917 3188 impe·
968 3118 1033 3170 tiam
1048 3116 1117 3185 nqite
1127 3123 1150 3168 ct
1165 3112 1353 3176 convertimini,
1369 3121 1396 3164 ut
1408 3109 1548 3165 deiceretur
1561 3122 1670 3181 peecata
1684 3120 1763 3165 uestra

127 3214 245 3260 rounam
272 3206 382 3260 citatum
400 3207 434 3260 ad
465 3207 632 3261 iracundiam
660 3207 717 3262 lore
743 3207 841 3261 sanauit.
871 3208 918 3261 nit
969 3207 1038 3280 (alet.
1052 3204 1202 3277 utrum
1215 3216 1322 3274 quoque
1337 3202 1464 3257 Ecclesiae
1478 3203 1504 3256 in
1520 3202 1635 3271 epistola
1650 3201 1763 3258 secunda

127 3293 198 3346 emim
216 3307 224 3346 ι
240 3293 330 3359 Scitis,
344 3293 439 3363 [ratres
462 3294 513 3347 mei
538 3292 640 3360 dilecti,
667 3295 700 3348 sit
719 3306 806 3349 autem
833 3296 918 3350 omnis
968 3300 1051 3354 dicit:
1069 3294 1421 3352 lilontardatilonsinussui
1442 3294 1762 3365 promissisicutquidast

126 3384 203 3468 iromp
217 3383 291 3438 aelon
303 3385 338 3437 ad
363 3383 523 3438 audiendum
537 3393 561 3438 et
579 3386 672 3440 tardus
688 3385 722 3440 ad
746 3386 914 3458 loquendum,
968 3387 1128 3450 existimant,
1144 3385 1189 3440 sed
1206 3392 1335 3454 respectat
1346 3398 1448 3453 quoque
1462 3400 1517 3447 uos,
1546 3383 1639 3439 nolens
1654 3383 1761 3455 aliquem

126 3468 218 3531 turdus
235 3494 336 3548 qaroque
355 3477 390 3532 ad
409 3479 499 3531 iratas:
520 3478 561 3532 ira
577 3479 707 3534 enimuiri
721 3480 854 3551 justitium
871 3480 918 3536 bet
968 3481 1084 3552 perdere,
1112 3479 1156 3532 sed
1188 3494 1276 3532 omnes
1299 3484 1428 3546 exspectat
1454 3477 1481 3530 in
1496 3477 1657 3546 penitentia
1682 3475 1761 3530 laeum

127 3583 179 3618 non
191 3576 313 3636 operatur
337 3565 440 3638 (iacob.
456 3565 498 3636 ιι).
516 3567 593 3621 Dicat
618 3570 700 3623 etiam
728 3570 785 3638 ipsa
812 3570 919 3626 Veritas
970 3573 1060 3626 reuerti
1075 3568 1118 3643 (ll
1134 3571 1191 3624 l’et.
1221 3569 1272 3641 ιιι).
1292 3566 1399 3635 Quanto
1427 3568 1510 3639 igitur
1525 3570 1584 3624 lutee
1609 3570 1763 3641 praeeminet

128 3657 193 3723 quid
206 3659 239 3711 de
250 3658 300 3712 bac
316 3673 344 3712 re
354 3656 412 3725 ejus
432 3660 551 3714 membra
564 3661 639 3730 sequi
661 3661 794 3728 debeant;
810 3663 863 3727 dic,
881 3661 919 3716 in·
969 3664 1054 3717 uirtus
1068 3663 1100 3716 ad
1114 3661 1281 3726 salvandum,
1296 3676 1377 3730 quam
1393 3659 1438 3714 ille
1450 3661 1609 3714 errantibus
1618 3662 1762 3731 practura

127 3764 217 3817 quarn,
243 3758 335 3804 sancte
351 3749 484 3815 lluttnae,
500 3751 564 3820 quid
588 3752 621 3806 de
633 3752 750 3822 paradisi
775 3751 920 3823 lottmper-
970 3754 1097 3823 neglexit,
1120 3761 1195 3806 tanto
1216 3751 1392 3822 proculdubio
1415 3751 1521 3805 ceteris
1544 3754 1676 3822 nequitiis
1698 3768 1761 3823 pra·

125 3851 206 3912 petuo
229 3843 357 3898 hauriens
375 3844 413 3897 tui
439 3844 557 3899 fluminis
572 3844 699 3900 vitalibus
719 3846 811 3900 rivulis
828 3845 919 3917 prolu-
969 3846 1070 3898 eminet
1083 3845 1140 3898 liae
1151 3844 1253 3898 saevitia
1266 3843 1300 3898 ad
1321 3844 1482 3909 nocendum,
1499 3845 1564 3913 quia
1589 3845 1635 3900 ille
1647 3853 1675 3900 et
1688 3846 1760 3900 mise

126 3933 200 3987 disti.
216 3934 260 3987 Ait
276 3935 348 3988 esaim
361 3931 422 3989 ions
436 3935 572 4005 perennis,
586 3933 647 3989 funs
660 3935 732 4000 rite,
755 3935 816 3990 lons
841 3937 920 3990 lumi-
970 3936 1086 3989 rieordia
1104 3935 1142 3988 uti
1159 3935 1307 4004 principem
1321 3933 1470 4004 prohibuit,
1486 3945 1585 3990 etcum
1600 3937 1634 3991 ad
1648 3937 1761 3991 irascen-

126 4026 168 4079 uis
181 4041 187 4079 :
201 4024 293 4080 Ontnis
306 4027 351 4096 qui
366 4028 491 4081 irascitur
510 4027 586 4096 pruni
607 4044 665 4092 ιιιο,
677 4030 726 4083 crit
743 4047 800 4083 rcus
815 4030 919 4099 judicio
970 4027 1033 4082 dum
1051 4027 1123 4081 etad
1137 4027 1283 4081 vindictam
1306 4027 1485 4081 exercendam
1504 4028 1636 4097 gravibus
1650 4029 1760 4084 obern·

126 4117 234 4182 (Metti.
247 4119 284 4190 t).
299 4120 365 4175 Cum
387 4135 451 4174 tero
463 4126 502 4175 lot
514 4120 612 4175 divinae
626 4119 694 4191 legis
714 4121 845 4192 exemplis
861 4129 920 4177 tan-
970 4118 1089 4174 tionibus
1104 4115 1264 4186 imputasse
1284 4132 1349 4187 ergo
1369 4114 1447 4186 juxta
1471 4117 1642 4174 Dominicam
1662 4127 1759 4173 senten-

124 4210 213 4280 iisqne
229 4211 381 4265 divinorum
395 4212 564 4281 eloquiorum
582 4213 699 4267 oraculis
713 4214 762 4277 ira,
778 4215 920 4284 quainter
972 4209 1035 4264 tiam
1054 4225 1135 4280 graue
1146 4208 1233 4264 scelus
1247 4217 1288 4263 est
1307 4224 1390 4262 uuum
1402 4207 1435 4264 de
1447 4208 1554 4278 pusillis
1569 4209 1758 4271 scandalizare,

125 4299 283 4369 principalia
306 4300 370 4354 vitia
398 4310 582 4367 enuntiaretur,
616 4300 715 4356 dicitur
741 4305 918 4368 exsecranda,
971 4316 1051 4370 quam
1079 4307 1252 4371 graneputas
1269 4299 1305 4353 sit
1328 4313 1380 4352 non
1402 4297 1530 4368 pusillum
1545 4295 1758 4369 quemdmsed

125 4390 152 4442 in
167 4402 293 4461 paonrptu
305 4400 346 4446 cst
357 4391 506 4462 intelligere
526 4393 599 4463 quod
613 4393 655 4448 bae
675 4394 770 4451 littera
784 4395 817 4450 ad
832 4413 876 4452 res
891 4397 916 4453 ia
931 4414 957 4474 Β
971 4407 1073 4464 regem,
1085 4391 1130 4460 qui
1141 4398 1222 4461 caput
1235 4391 1328 4460 utiquc
1336 4390 1455 4459 plebium
1467 4399 1517 4453 est,
1533 4390 1567 4445 ad
1578 4389 1758 4446 scandalizan-

125 4480 301 4547 quaestiouem
319 4482 457 4535 uenientes
469 4484 636 4539 rolmrandas
657 4500 710 4539 non
724 4494 787 4539 sunt
802 4485 916 4552 idoneae,

124 4583 173 4637 per
184 4583 251 4636 quas
265 4569 418 4638 imperatori
442 4570 492 4625 sub
510 4585 604 4641 magna
618 4574 800 4641 attestatione,
814 4590 846 4630 ac
856 4591 919 4646 sup·

125 4659 187 4728 plici
222 4657 389 4726 arijrnatione
425 4662 603 4717 committitur
631 4664 754 4720 habenda
773 4675 798 4720 et
835 4682 918 4737 opere

125 4751 312 4820 perpetranda.
328 4749 464 4806 Ιιιιιιιοιιι
477 4766 542 4806 sarie
556 4761 650 4809 auctor
664 4754 783 4824 ejusdem
797 4756 917 4826 epistolae

125 4854 192 4911 qnos
207 4840 316 4895 uidebat
328 4840 475 4910 periclitari
502 4845 535 4897 ad
559 4843 745 4912 poenitentiam
767 4846 917 4913 exhortari,

125 4933 170 5003 qui
202 4933 224 4987 si
240 4933 324 4988 docte
346 4932 532 5004 poeuitentiam
561 4936 797 5007 contempsissent,
812 4948 920 5008 poterat

128 5024 315 5094 imperatorem
329 5024 495 5095 supplicibus
509 5027 635 5096 precibus
661 5030 816 5097 convenire,
829 5040 859 5085 ut
870 5048 919 5088 eos

126 5115 159 5167 ad
175 5114 385 5170 convertendum
403 5127 510 5186 cogeret
527 5135 534 5171 ι
550 5116 663 5174 forsitan
678 5119 706 5175 id
723 5122 764 5175 sni
779 5120 919 5192 proiectus

127 5206 226 5261 Ιιιιιιιιιιι
259 5214 438 5277 sequerentur
469 5208 577 5273 eoacti,
605 5211 676 5279 quod
699 5220 919 5283 contempserant

128 5298 286 5364 spontanei,
316 5296 445 5368 quostiam
476 5298 546 5354 Deus
577 5302 750 5372 omnipotens
782 5305 919 5361 neurincm

128 5389 184 5444 malt
212 5391 311 5460 perire,
332 5392 417 5446 Paulo
441 5400 594 5456 attestante,
623 5396 669 5466 qui
694 5396 748 5451 ait:
765 5395 823 5452 tter
850 5399 919 5455 caim

128 5479 222 5535 bonane
235 5488 259 5535 et
278 5494 411 5554 acceptum
435 5499 523 5539 coram
540 5484 670 5541 saltatore
683 5499 771 5543 nostro
794 5486 859 5555 lica,
875 5491 921 5563 qui

129 5581 214 5626 omncs
229 5573 345 5627 domines
360 5575 411 5629 nuit
422 5575 507 5631 saltas
518 5576 578 5646 fieri
588 5586 612 5631 et
629 5579 657 5632 iu
669 5575 828 5649 aperitionem
853 5580 920 5636 ucri-

127 5661 286 5720 tttisrcaire
300 5666 327 5733 (l
340 5667 407 5722 Tim.
422 5670 453 5742 ιι)
485 5667 513 5765 ξι
528 5671 603 5726 enim
614 5671 751 5730 lucrandis
779 5674 922 5732 animabus

970 4483 1032 4537 dum
1040 4482 1216 4551 promovere?
1227 4480 1294 4535 Nam
1306 4489 1332 4534 et
1344 4480 1371 4535 in
1385 4495 1418 4537 co
1428 4480 1500 4550 quod
1512 4479 1636 4549 praelatae
1646 4478 1758 4552 epistola

969 4572 1758 4643 scriptorintercaterasseritias,quasargaeosquoserrs·

969 4662 1281 4731 reeouspexitcxereuit,
1293 4661 1441 4716 maledictis
1454 4677 1520 4716 usus
1533 4670 1585 4726 est,
1599 4678 1655 4717 noa
1666 4662 1758 4716 medio

969 4755 1052 4811 critcr
1061 4769 1166 4809 errasse
1177 4755 1294 4808 essarris
1306 4751 1417 4820 eloquiis
1429 4753 1579 4809 contraisse
1589 4751 1757 4822 deprehensi

970 4859 1024 4912 tur,
1036 4848 1141 4903 dicente
1153 4862 1216 4902 vase
1229 4845 1368 4902 electionis
1380 4859 1386 4897 :
1396 4845 1546 4900 Benedicite
1558 4856 1582 4900 et
1595 4847 1677 4900 ιιοιιιι
1686 4843 1758 4898 maie-

968 4941 1054 4995 dicere
1067 4939 1156 5012 (Rom.
1166 4938 1225 5010 su);
1243 4938 1397 4993 itemalibi:
1413 4936 1505 5008 Neque
1514 4936 1640 4992 maledici
1655 4951 1757 5008 repausat

969 5030 1018 5085 liei
1032 5029 1222 5090 possidebunt:
1248 5029 1326 5084 Petra
1348 5029 1430 5083 etiam
1453 5028 1584 5085 Ecclesia
1614 5028 1758 5086 maledictis

970 5123 1008 5177 uti
1024 5122 1066 5177 iris
1083 5121 1172 5176 verbis
1183 5121 1318 5189 probibet.
1337 5120 1383 5175 tiit
1395 5121 1467 5175 enim
1479 5121 1507 5174 iu
1520 5122 1636 5191 epistola
1656 5122 1757 5193 prims:

972 5207 1136 5284 Quapropter
1148 5228 1236 5266 omncs
1249 5213 1415 5267 consentanei
1420 5222 1517 5279 estote,
1534 5215 1683 5280 unamines,
1694 5226 1759 5266 cors·

970 5304 1105 5373 patientes,
1113 5304 1285 5373 frateraitatis
1292 5316 1431 5372 ornatores,
1439 5306 1632 5369 misericordes,
1643 5303 1759 5367 tantu,

972 5412 1024 5449 aaa
1052 5395 1187 5452 redderues
1220 5395 1320 5450 ιιιαιιιιιι
1345 5413 1392 5468 pro
1427 5396 1508 5463 nenio,
1530 5395 1570 5451 aei
1595 5395 1758 5451 ιιιιιιιιιιιιιιιι

971 5501 1018 5557 pro
1037 5485 1194 5552 maledicto,
1215 5485 1263 5540 scd
1281 5502 1295 5541 ι
1319 5483 1451 5540 contrario
1475 5485 1673 5553 tantumn,
1702 5482 1759 5554 qaid

972 5579 1000 5633 iu
1016 5579 1064 5632 doc
1077 5579 1159 5632 mesti
1184 5577 1245 5633 estis
1270 5587 1299 5632 ιιι
1314 5576 1518 5634 bendictionem
1539 5577 1760 5650 termium·

972 5670 1081 5725 rideatis
1093 5668 1120 5740 (l
1136 5668 1210 5726 Petr.
1225 5668 1280 5742 ιιι).
