3780 6120
165 276 216 332 lh'l

595 271 624 324 b.
645 265 769 324 etanta
789 259 898 318 struat
916 257 992 314 orb.
1012 253 1103 310 1¹th
1122 254 1142 309 l.
1164 251 1285 308 sectio
1301 251 1346 306 lll.

1648 226 1796 283 ‘tas

160 386 365 446 gmmjnemihas
386 383 596 451 <inminensque
617 376 855 447 Langobardorum
881 369 952 439 regis
965 368 992 429 Δ
1004 380 1076 420 mem
1089 363 1276 419 excellentiam
1291 370 1407 417 vestram
1422 362 1509 430 gratia
1522 375 1640 431 superna
1652 365 1801 426 melodias,

162 482 277 540 insidiis.

197 576 322 628 Attamen
341 585 404 625 ecee
417 568 473 639 jam
492 567 559 621 duas
578 562 785 633 apostolicarum
803 559 957 613 litteramm

161 667 327 723 assertiones
344 660 509 717 excellenti-„e
524 667 630 722 restim,
654 655 795 723 damper
811 652 956 707 maximam

163 757 333 819 industriam,
357 753 490 815 misimus,
512 757 541 804 et
562 749 720 818 ignoramus
738 745 760 799 si
779 744 812 799 ad
830 757 878 797 ros
893 742 956 811 ipsas

163 846 335 917 pervenerint
346 844 452 906 litterae,
468 841 538 895 uncle
551 839 712 908 aruhigimus
724 852 760 891 ne
774 851 789 890 a
802 834 958 903 Langobar-

163 940 205 992 dis
229 935 492 1004 comprehendantur
505 944 529 983 ι.
543 930 596 985 Pro
614 945 678 999 rpuo,
697 936 724 983 et
742 943 815 983 nrrrre
827 941 877 996 per
889 941 958 994 prae-

163 1029 316 1085 nominatos
333 1035 440 1081 nestros
459 1024 557 1078 missos
574 1021 641 1076 alias
662 1020 738 1076 robis
758 1019 865 1073 litteras
883 1015 959 1071 misi-

163 1137 233 1183 mus,
259 1119 336 1188 quasi
362 1118 580 1184 olttempcrantes
606 1111 711 1182 prelati
731 1108 861 1164 Desiderii
886 1106 959 1176 regis

163 1211 294 1265 voluntati
319 1225 382 1264 suos
400 1207 520 1277 hospites
539 1205 585 1274 [ad
608 1220 673 1259 suos
685 1199 804 1272 obsides]
818 1197 960 1253 absolven·

164 1305 227 1358 drnn
244 1310 272 1355 et
288 1314 382 1369 pacem
402 1296 627 1353 confirmandum.
648 1292 712 1356 Sed,
734 1292 804 1346 hone
826 1287 961 1343 excellen-

164 1393 269 1448 tissime
284 1391 320 1445 ldi
335 1397 362 1444 et
376 1387 506 1457 spiritalis
527 1391 674 1454 compater,
695 1381 755 1435 idco
774 1379 840 1434 istas
858 1379 961 1434 litteras

165 1485 214 1539 tali
230 1484 309 1537 modo
330 1481 561 1542 exacerbabant
584 1477 635 1545 ipsi
654 1475 740 1529 nostri
763 1473 837 1527 missi
862 1473 896 1527 ad
913 1487 962 1526 ros

166 1573 310 1633 Franciam
338 1570 459 1624 valerent
479 1567 613 1631 transirc;
640 1564 766 1633 quostiam
792 1562 814 1616 si
832 1564 884 1616 huc
907 1575 961 1614 uon
1006 1576 1015 1589 ·

166 1664 325 1734 egissemus,
341 1660 413 1714 nuth
428 1658 534 1727 pertitus
548 1656 708 1724 rationeper
724 1652 960 1721 langobardorum

168 1754 235 1808 lines
249 1752 365 1807 transire
377 1750 534 1811 valuissent,
558 1747 604 1802 sed
616 1746 753 1814 ,susceptis
768 1744 833 1813 ipsis
852 1743 959 1809 litteris,
979 1737 1000 1796 b

168 1860 262 1900 earum
293 1843 391 1897 seriem
406 1840 480 1895 nullo
496 1840 575 1895 modo
595 1837 740 1908 perficiatis
751 1837 776 1901 ¹³,
795 1851 882 1904 neeric
895 1849 963 1904 prm·

169 1937 238 1991 latos
258 1935 377 2002 hospites
393 1931 523 2004 [obsides]
543 1929 707 2002 pemnittatis
723 1928 792 1998 parti
809 1927 964 1995 Langobar-

168 2028 263 2082 dorum
275 2026 432 2087 restitucrc,
453 2023 542 2093 potius
556 2028 645 2075 antem
664 2017 837 2087 conjuramus
860 2026 896 2078 te,
916 2030 963 2068 ex-

168 2119 361 2175 callentissime
385 2116 421 2170 lili
445 2125 474 2170 et
494 2114 623 2185 spiritalis
643 2120 791 2183 compater,
815 2109 963 2179 perberim

168 2210 258 2263 virum
276 2217 303 2263 ct
318 2221 416 2276 corpus
432 2208 503 2260 beati
523 2204 606 2267 Petri,
622 2212 652 2258 ut
664 2202 772 2257 fortiter
787 2200 874 2269 ipsum
889 2197 964 2252 Desi-

168 2300 273 2356 derium
286 2300 328 2354 rel
341 2299 398 2366 ejus
410 2297 648 2366 Langobardorum
659 2303 766 2365 gentem
779 2291 964 2360 constringere

165 2387 272 2459 jubeas,
280 2396 413 2458 qrrttteuus
426 2387 560 2456 prefatas,
575 2402 642 2455 quas
660 2385 794 2455 pollicitus
805 2392 857 2444 est,
870 2382 965 2437 cirita-

169 2487 212 2536 tes
223 2487 275 2535 tum
289 2477 422 2534 nrrllilluae
435 2476 611 2540 excellentiae,
626 2484 653 2530 et
670 2489 718 2545 per
735 2482 760 2528 te
779 2474 858 2528 beato
870 2472 961 2536 Petro,

169 2569 269 2625 latrtmi
286 2579 341 2635 tuo,
357 2570 492 2633 restituat,
513 2566 640 2636 quoniam
659 2566 761 2620 nullam
780 2575 810 2620 ut
823 2565 964 2634 prefatum

1323 484 1334 511 ⁰
1352 486 1487 527 caranus.

1042 563 1096 618 Pro
1114 578 1184 618 serm
1204 563 1398 618 benedictionis
1424 577 1517 625 causa,
1540 562 1689 618 direximus
1702 562 1802 619 robisl

1009 656 1172 726 apallaream
1194 669 1275 708 unam
1297 663 1402 723 spatam
1430 653 1539 723 ligatam
1562 653 1590 706 in
1609 655 1724 724 gemmis
1741 671 1804 710 cum

1008 746 1099 801 baleo
1122 761 1180 810 suo,
1208 746 1336 799 anntdnm
1358 760 1449 807 unum,
1473 746 1617 800 habentem
1639 731 1804 802 isacinthum

1009 835 1208 909 [hyacinthum]
1226 837 1401 899 storacinum,
1413 836 1523 904 pallium
1545 853 1638 900 unrrm,
1659 839 1805 895 habentem

1009 945 1121 1002 paones,
1143 943 1225 998 arram
1245 945 1357 999 parram
1379 929 1593 984 benedictionem
1610 932 1738 1001 petimus,
1764 942 1805 999 ut,

1010 1030 1122 1091 excepta
1138 1021 1245 1088 injuria,
1263 1021 1399 1091 suscipere
1408 1018 1528 1091 jubeatis
1547 1020 1656 1077 domino
1667 1022 1765 1079 Carula
1779 1032 1807 1078 ct

1010 1112 1207 1169 Carolomanno
1219 1125 1268 1180 pro
1285 1121 1382 1182 magna
1398 1110 1543 1179 apostoliea
1560 1111 1747 1167 benedictione
1758 1128 1808 1167 au-

1011 1206 1088 1261 nulos
1103 1205 1222 1274 singulos
1235 1204 1365 1259 habentes
1381 1203 1522 1270 yacinthos
1536 1202 1714 1277 {hyacintos}

1377 1318 1446 1373 XIX.

1070 1434 1149 1505 160
1168 1433 1250 1489 tTEtt
1274 1433 1440 1490 bristout
1462 1435 1616 1492 EJUSDEM
1637 1437 1742 1509 ,PAPAE

1135 1562 1169 1601 hb
1184 1561 1292 1601 nouanti
1309 1562 1431 1602 rrrrltth'!
1450 1563 1537 1603 REGE!
1552 1564 1678 1614 habrere,

1013 1656 1052 1711 ae
1075 1654 1180 1711 Marmar
1195 1657 1343 1726 presbytero
1364 1666 1388 1710 et
1409 1657 1467 1727 ejus
1489 1658 1577 1728 irriguo
1593 1660 1714 1727 consilio,
1736 1663 1808 1717 etde

1248 1728 1442 1781 consecratione
1458 1728 1539 1799 ipsias
1560 1739 1583 1783 ⁰.

1057 1838 1118 1911 (dn.
1135 1840 1212 1894 Dom.
1234 1840 1295 1904 758,
1312 1837 1377 1893 Cod.
1397 1839 1459 1894 Car.
1479 1858 1576 1909 xxxix,
1600 1844 1691 1899 chron.
1709 1845 1768 1917 ra.)

1013 1954 1213 2013 duauursrcu.
1227 1988 1262 1997 -
1275 1956 1392 2013 hinnitus
1415 1972 1431 2011 a
1456 1955 1569 2027 Pippino
1590 1958 1661 2027 arrad
1689 1958 1809 2016 llarians

1050 2027 1152 2097 (presb.
1167 2027 1242 2082 eard.
1265 2037 1373 2082 creatus
1385 2028 1517 2096 superiori
1541 2028 1622 2100 araim)
1642 2044 1704 2083 cum
1724 2029 1808 2084 Geor-

1050 2099 1094 2170 gio
1109 2097 1192 2152 misso
1216 2097 1347 2167 imperiali
1368 2099 1430 2152 dum
1449 2099 1475 2151 in
1498 2097 1612 2153 Francia
1632 2108 1692 2154 erat
1706 2103 1808 2155 maehi-

1050 2178 1215 2225 uatnscssct
1236 2169 1263 2222 iu
1284 2176 1406 2224 sanctam
1431 2168 1533 2233 sedem,
1555 2179 1654 2238 qoaeet
1677 2170 1735 2240 ipse
1752 2170 1809 2237 jam

1050 2247 1128 2294 norat
1138 2246 1166 2292 ct
1176 2239 1323 2308 imperator
1335 2239 1391 2321 regi
1406 2237 1580 2307 patefecerat,
1595 2240 1721 2295 eumdem
1734 2251 1810 2311 ragat

1049 2319 1079 2364 ut
1091 2310 1245 2378 episcopum
1258 2309 1377 2363 ordinari
1392 2309 1530 2378 permittat
1548 2309 1575 2363 in
1589 2309 1677 2380 aliqua
1691 2308 1810 2367 Franco·

1050 2395 1110 2435 rum
1136 2379 1267 2442 Ecclesia,
1283 2393 1317 2433 ne
1338 2378 1407 2433 forte
1428 2379 1545 2434 deterior
1557 2379 1614 2446 liat,
1634 2381 1683 2436 sed
1704 2390 1734 2436 ut
1747 2397 1810 2437 ertrn

1050 2450 1160 2506 admissi
1177 2450 1288 2506 sceleris
1305 2449 1444 2519 peniteat.

1049 2561 1153 2615 homno
1163 2559 1390 2614 excellentissimo
1401 2559 1457 2614 lilio
1468 2570 1496 2615 et
1505 2567 1600 2615 nostro
1610 2560 1726 2630 spiritali
1736 2577 1811 2616 com·

168 2670 220 2725 est,
233 2662 265 2717 de
277 2661 320 2716 his
330 2676 391 2729 arim
402 2660 528 2729 primitus
541 2656 964 2728 pollicitusest,cume0hrmam
1013 2654 1084 2721 patri
1098 2651 1211 2721 Plppiuo
1234 2651 1290 2722 regi
1311 2650 1478 2708 Francorum
1492 2663 1520 2708 et
1538 2654 1651 2723 patricio
1672 2655 1810 2714 Romano·

169 2754 304 2815 valuimus
315 2752 437 2807 stabilire
453 2750 679 2807 courenientiam.
1014 2762 1084 2811 rum,
1099 2745 1197 2801 Paulus
1215 2759 1294 2815 papa.

205 2847 320 2899 thamus
333 2852 421 2898 autem
439 2842 650 2911 omnipotentem
668 2840 751 2894 llcrrm
765 2845 795 2894 ut
805 2838 850 2908 piu
864 2838 964 2893 intuitu
1050 2838 1166 2894 Omnino
1182 2846 1349 2908 compertum
1370 2839 1451 2894 habet
1465 2847 1555 2894 restra
1578 2839 1810 2896 christianissima

169 2939 203 2992 de
215 2938 314 2993 throno
332 2933 483 3003 majestatis
495 2949 550 2988 sum
568 2947 649 3001 super
670 2947 718 2987 rus
732 2939 906 3000 rcstmmque
924 2947 965 2986 re·
1014 2931 1173 2987 excellentia
1185 2931 1301 3000 qualiter
1314 2930 1434 2986 hiarinns
1443 2932 1584 3002 presbyter
1596 2940 1690 2987 noster
1703 2930 1810 3004 [harh.

169 3040 252 3094 gruum
267 3024 402 3092 respiciat,
417 3032 444 3077 et
455 3039 503 3077 sua
522 3023 632 3078 dextera
645 3021 832 3077 excellentiam
844 3031 963 3077 vestram
1016 3021 1080 3076 add.
1098 3020 1155 3094 qui]
1173 3022 1272 3077 ibidem
1286 3020 1320 3076 ad
1333 3035 1381 3076 ros
1394 3030 1524 3085 moratur,
1548 3021 1638 3092 iniqua
1653 3024 1812 3091 operatione

170 3116 347 3185 circumtegat
362 3125 442 3183 atque
458 3115 484 3168 in
503 3114 629 3168 orrrnibns
648 3114 760 3178 nautriat,
780 3123 807 3167 et
823 3115 965 3184 presentis
979 3086 1002 3148 C
1017 3122 1111 3169 contra
1122 3119 1243 3168 sanctam
1254 3112 1302 3167 Dei
1316 3112 1464 3167 Ecclesiam
1477 3111 1810 3181 ddemqueorlhodoram,

170 3209 233 3263 ritae
250 3222 358 3262 cursum
373 3206 515 3263 salulnitcr
538 3206 650 3275 exsequi
669 3213 696 3260 et
717 3206 792 3276 regni
816 3205 964 3276 potentiam

170 3299 321 3369 gubernare
336 3296 475 3366 permittat
486 3311 535 3364 per
547 3295 637 3364 plures
650 3310 781 3350 annorum
798 3304 894 3360 metas,
911 3312 965 3351 una

171 3405 233 3445 cum
244 3387 468 3442 excellentissima
482 3394 508 3439 et
523 3402 536 3438 a
552 3386 606 3439 bitu
620 3395 725 3439 serrata
746 3384 801 3439 hlia
813 3392 841 3440 ct
851 3385 965 3454 spiritali

171 3477 531 3549 nustra159commatrr,
555 3484 635 3544 atquc
655 3476 848 3530 amantissimis
869 3476 967 3531 restris

171 3571 292 3640 meisque
304 3571 374 3632 titiis,
389 3577 416 3624 et
429 3569 567 3640 gaudeatis
583 3569 616 3622 de
626 3584 719 3622 eorum
732 3567 856 3638 llurigcro
868 3568 968 3639 germi-

171 3677 216 3725 ne,
230 3669 257 3714 ct
270 3660 359 3714 mittat
374 3657 534 3730 [permittat]
553 3658 724 3727 omnipotens
739 3658 810 3712 Deris
825 3666 854 3712 ut
874 3671 967 3713 semen

172 3759 290 3805 restrum
303 3747 546 3818 splendidissimum
558 3745 680 3816 usquein
698 3746 777 3800 finem
789 3747 881 3800 mnndi
892 3763 968 3800 eum·

172 3846 232 3900 dom
244 3839 339 3917 [idem]
356 3839 432 3910 regui
448 3837 554 3892 fruatur
570 3838 687 3902 culmen,
710 3838 792 3892 ctiam
807 3847 921 3893 rerrtaro
940 3839 967 3892 ia

172 3933 271 3989 seculo
294 3931 397 3985 infinita
415 3929 512 4000 gandia
535 3943 596 3983 cum
621 3928 723 3983 sanctis
747 3937 774 3981 et
795 3928 889 3983 electis
911 3929 968 3983 suis

172 4027 247 4079 rubis
259 4024 398 4087 concedat,
411 4029 544 4091 quartcnus
563 4021 633 4075 sicut
647 4021 673 4074 iu
692 4020 818 4090 praesenti
832 4021 886 4074 rita
899 4027 926 4074 rt
939 4019 966 4073 in

173 4117 263 4172 lutura
281 4114 448 4170 beatitudine
462 4112 549 4182 adepti
563 4112 725 4182 promissam
744 4113 820 4167 robis
835 4111 967 4167 mercedis

171 4222 309 4270 commun,
327 4221 388 4260 cum
410 4203 517 4257 Christo
536 4216 649 4271 regnare
667 4201 835 4257 mereamini.
859 4201 965 4257 lrrcolu-

208 4349 221 4377 ι
238 4336 433 4404 Argumentum
446 4332 564 4402 epistole
583 4332 609 4387 in
624 4330 690 4386 Cod.
707 4348 759 4387 nou
775 4333 876 4397 relatu,
894 4333 966 4404 quod

172 4421 254 4476 supra
265 4402 350 4463 attuli,
367 4403 479 4457 irnnrere
493 4403 560 4457 mihi
575 4403 681 4457 ridetur
695 4403 743 4457 has
755 4403 834 4459 binas
849 4404 964 4469 litteras,
981 4417 1006 4478 p
1018 4419 1026 4462 t

172 4492 241 4547 quas
255 4473 354 4543 duplici
375 4471 498 4541 excruplu
517 4473 632 4543 scriptas
655 4482 729 4544 puto,
748 4481 779 4526 nt
797 4475 966 4546 trigesimam

173 4558 201 4601 et
215 4544 380 4598 triremium
397 4545 514 4606 tertiam,
527 4544 560 4598 dc
572 4543 672 4613 quibus
682 4542 762 4600 inlra.
775 4543 857 4600 Caua.

209 4616 223 4655 b
243 4615 355 4667 laettrm
376 4612 456 4679 istud,
480 4615 551 4682 arrad
576 4630 620 4667 au.
638 4614 689 4671 769
709 4614 829 4670 imitatur
853 4615 968 4684 Stepha-

173 4702 224 4742 nus
238 4684 272 4739 lll
284 4683 376 4755 (epist.
390 4683 434 4747 ta,
447 4685 482 4736 al.
496 4683 552 4755 ab),
567 4692 597 4737 ut
610 4684 646 4738 ibi
660 4687 758 4749 dicam,
767 4684 875 4754 dignum
889 4686 968 4754 plane

173 4769 215 4811 est
229 4756 301 4826 qrrod
315 4754 563 4810 animadvertatur:
580 4771 642 4808 nam
665 4755 811 4826 plurimum
827 4758 888 4811 inde
901 4755 968 4829 luci-s

173 4826 278 4882 accedit
300 4824 435 4880 scribendi
456 4825 547 4893 generi
567 4825 692 4891 obscuro,
721 4825 842 4896 ancipiti,
860 4841 967 4892 manco,

173 4895 335 4968 qurrrrdoqne
344 4895 426 4950 etiam
440 4897 529 4950 nrirrns
539 4910 614 4962 rero,
627 4911 681 4965 quo
692 4896 730 4952 nti
741 4894 892 4952 debuerunt
902 4911 969 4966 pan-

174 4969 346 5090 titiceslaute
367 4965 524 5030 ddrianum,
549 4969 669 5035 quandiu
693 4967 862 5036 Langobardi
886 4976 969 5022 stete·

176 5045 248 5091 rtrnl.
278 5054 303 5089 o.

211 5119 222 5146 ⁰
239 5107 305 5162 tide
317 5106 396 5175 epist.
409 5103 434 5158 6.
449 5104 488 5159 ln.

210 5177 306 5245 dQuid
318 5176 369 5231 sibi
387 5176 450 5230 relit
470 5177 631 5249 Ducangirrs,
656 5194 710 5234 non
735 5177 864 5248 intelligo.
889 5178 969 5248 dpat-

175 5249 274 5303 tuream
298 5247 414 5302 secernit
432 5263 446 5300 a
461 5247 563 5317 spodio,
581 5258 609 5303 et
628 5248 700 5304 idem
722 5264 781 5304 esse
794 5265 827 5304 ac
850 5247 966 5319 appiam,

176 5319 301 5375 cochlear
321 5318 460 5383 videlicet,
486 5321 642 5384 contendit,
668 5320 824 5388 quasivero
842 5320 968 5375 cochlear

177 5388 288 5442 missum
317 5386 397 5443 luerit
424 5387 538 5458 Pippino
562 5391 632 5445 iuter
657 5391 711 5444 alia
742 5406 863 5445 rttuucra.
892 5389 969 5458 dpud

177 5457 348 5513 Anastasium
369 5459 396 5513 in
417 5458 511 5529 Sergio
537 5459 698 5530 apallaream
717 5471 866 5531 argenteam
887 5458 965 5531 (sect.

179 5526 240 5596 aba)
269 5530 466 5597 operimentum
487 5545 547 5584 esse
577 5531 615 5585 ait
641 5547 674 5586 ex
701 5531 809 5586 laurinis
833 5531 968 5601 argenteis

177 5597 205 5654 ln
229 5597 345 5651 cochleae
363 5597 489 5655 ferrariam.
512 5601 579 5655 Enni
602 5601 711 5656 conada
736 5602 767 5654 Υ.
789 5600 911 5671 dpplarr.
925 5600 969 5654 ln·

178 5676 344 5737 sacriportum
367 5671 430 5724 mihi
453 5688 512 5728 esse
536 5671 573 5726 lat
590 5689 621 5726 or
636 5672 716 5742 gladii
730 5687 814 5739 genus
826 5686 834 5724 ε
848 5680 967 5725 attmncn

1016 3205 1071 3270 heo
1095 3204 1146 3259 sibi
1167 3203 1314 3267 contrario,
1328 3217 1390 3257 cum
1407 3201 1523 3272 Georgia
1547 3201 1663 3271 quodam
1676 3203 1810 3272 imperiali

1017 3295 1166 3360 asceretis,
1192 3294 1304 3350 consilia
1321 3295 1377 3349 sedi
1397 3301 1497 3349 nostra
1517 3293 1652 3349 contraria
1670 3302 1699 3347 et
1714 3303 1812 3349 restrae
1856 3339 1862 3345 .

1016 3386 1097 3441 simili
1113 3385 1193 3440 modu
1206 3384 1329 3454 ingerere
1340 3382 1454 3456 [hamh.,
1459 3382 1584 3455 jungere]
1598 3384 1724 3453 cupreum
1738 3384 1813 3453 guod

1017 3477 1125 3546 quidem
1148 3484 1175 3529 et
1195 3476 1266 3531 idem
1290 3475 1437 3543 imperator
1461 3483 1587 3530 restraea
1603 3475 1659 3530 lieo
1679 3484 1813 3544 pmtecte

1016 3567 1182 3623 excellentia
1201 3582 1250 3636 per
1277 3582 1340 3622 suas
1365 3566 1482 3621 innotuit
1507 3567 1620 3622 litteras.
1645 3567 1721 3623 Unde
1746 3570 1811 3639 arria

1017 3657 1186 3712 defensorem
1214 3656 1276 3712 hdci
1299 3658 1456 3731 orthodoxae
1479 3666 1560 3728 atque
1583 3667 1812 3728 propugnatorem

1017 3751 1105 3820 gregis
1124 3751 1176 3815 sui,
1199 3749 1241 3805 rel
1262 3751 1352 3820 populi
1376 3750 1522 3805 Christiani
1536 3751 1708 3805 liberatorem
1732 3751 1814 3806 Chri-

1016 3841 1209 3897 stianissimam
1233 3843 1383 3898 honitatem
1404 3853 1532 3906 sestram,
1553 3845 1648 3899 heatus
1672 3845 1813 3914 apostolus

1017 3948 1044 3994 et
1054 3939 1179 4008 princeps
1190 3938 1372 4008 apostolorum
1388 3939 1485 3994 Petrus
1500 3939 1597 4008 eligere
1607 3947 1635 3993 ct
1648 3938 1814 3995 eondrmaro

1016 4029 1211 4099 dignatusest,
1232 4029 1334 4084 idcireo
1351 4029 1511 4098 adoptamus
1533 4037 1614 4097 atque
1634 4027 1814 4097 deprecamur

1016 4120 1143 4175 esirniam
1155 4119 1304 4173 bonitatem
1317 4129 1435 4173 restrum
1448 4117 1490 4189 [b.
1505 4127 1528 4172 et
1543 4116 1588 4183 6.,
1602 4116 1698 4191 ιιιιιιιι],
1709 4118 1814 4188 optimc

1018 4224 1064 4264 rex
1082 4217 1110 4263 et
1137 4207 1265 4277 spiritalis
1294 4216 1440 4278 cumpater,
1466 4217 1496 4263 nt
1516 4204 1613 4275 jubeas
1638 4208 1813 4265 sanctissimo

1017 4337 1320 4461 asellaremnrpatlram,
1342 4357 1396 4396 non
1417 4348 1507 4395 autem
1525 4339 1688 4412 apallaream
1711 4334 1815 4412 etrpass
1863 4345 1868 4353 ’

1035 4425 1100 4473 arana,
1116 4410 1185 4464 ratio
1198 4411 1255 4481 ipsa
1270 4412 1428 4466 numerandi
1443 4413 1511 4467 doira
1525 4420 1637 4474 catera,
1669 4412 1813 4481 legendam

1017 4481 1122 4534 suadet.
1135 4478 1269 4536 Ceterum
1284 4482 1311 4537 id
1330 4497 1429 4536 munus
1441 4481 1558 4536 maxime
1578 4481 1705 4550 congruit
1719 4480 1814 4537 delen·

1017 4549 1072 4605 sori
1096 4550 1240 4616 saroam
1263 4562 1435 4621 emptumque
1456 4567 1516 4607 esse
1536 4563 1631 4622 postea
1645 4551 1766 4635 gladium
1780 4550 1814 4607 dr

1017 4636 1124 4691 corpore
1139 4619 1169 4675 S.
1187 4620 1260 4676 Penr'
1276 4630 1413 4691 sumptum
1428 4622 1486 4678 dari
1504 4622 1634 4692 Augustis
1651 4637 1681 4677 m
1695 4621 1813 4679 solemni

1017 4704 1110 4745 corum
1133 4692 1307 4748 coronacione
1329 4701 1496 4763 compertum
1515 4703 1566 4746 est.
1591 4692 1813 4750 benedictionem
1854 4710 1886 4747 ts

1017 4761 1136 4831 sequiori
1147 4777 1205 4817 acro
1215 4762 1394 4844 excogitatam
1407 4763 1473 4832 quin
1485 4763 1601 4834 tangitem
1612 4760 1720 4818 sariunt
1732 4764 1813 4818 verita
1875 4796 1886 4809 .-

1017 4828 1218 4887 Caeremonialis
1228 4831 1338 4888 Patneli
1352 4832 1410 4906 [lib.
1425 4849 1445 4898 r,
1458 4849 1517 4903 cap.
1531 4832 1558 4906 l)
1574 4852 1582 4890 a
1601 4832 1755 4899 «Quamvis
1764 4849 1813 4889 cu·

1019 4903 1057 4958 sis
1071 4902 1228 4958 benedictus
1242 4903 1356 4968 dicutur,
1376 4919 1430 4957 non
1446 4914 1535 4958 tornea
1556 4905 1644 4974 reperi
1658 4901 1718 4971 ciris
1731 4905 1815 4959 bono-

1018 4973 1172 5035 dictiunem,
1198 4972 1291 5028 Simus
1313 4973 1385 5043 Papa
1398 4973 1432 5028 lt'
1453 4975 1544 5043 aliqua
1566 4974 1648 5028 rerba
1664 4973 1813 5034 ordinarit.

1020 5058 1081 5105 curn
1093 5043 1166 5098 ensis
1178 5043 1267 5107 datur,
1279 5044 1402 5099 dicenda.
1417 5064 1426 5096 ι
1444 5044 1511 5099 Vide
1527 5044 1583 5112 ipsa
1597 5044 1689 5107 serim,
1724 5059 1765 5099 rite
1777 5042 1814 5099 ihi

1018 5113 1180 5168 subduntur.
1196 5115 1231 5168 at
1244 5115 1380 5184 praecipue
1396 5113 1461 5170 Ord.
1479 5114 1557 5170 Ronr.
1571 5113 1640 5179 xit,
1659 5129 1704 5184 ap.
1747 5112 1816 5167 abil-

1018 5182 1073 5238 lon.
1092 5183 1174 5253 (blara.
1192 5183 1255 5238 ltal.
1272 5193 1336 5239 tour.
1355 5185 1386 5248 ll,
1400 5200 1427 5255 p.
1448 5183 1521 5255 lbi).
1534 5184 1572 5238 De
1588 5184 1700 5254 reliquis
1720 5198 1814 5239 muue-

1018 5253 1093 5309 ribus
1106 5255 1176 5324 apud
1187 5253 1313 5310 anastas.
1328 5255 1415 5310 obviis
1427 5255 1494 5309 niltil
1507 5255 1577 5309 dieo.
1589 5253 1629 5309 lu.

1056 5335 1068 5362 Θ
1083 5323 1186 5380 Surrrm.
1205 5325 1232 5390 l,
1248 5341 1292 5396 ap.
1310 5326 1455 5381 baronium
1468 5334 1496 5380 ct
1509 5323 1658 5380 Centuriat.
1671 5322 1817 5380 sarrs--

1018 5395 1129 5464 dignm.
1158 5395 1241 5450 Panr.
1269 5395 1347 5468 (Coti.
1367 5398 1443 5451 ratic.
1455 5395 1483 5467 l)
1508 5396 1560 5449 rln
1578 5402 1674 5464 quarta
1688 5393 1817 5467 [erartal

1019 5465 1151 5521 llarinum
1166 5469 1353 5588 presbyterum
1367 5465 1443 5535 jubet
1459 5465 1615 5537 episcopum
1636 5464 1736 5531 creari,
1751 5476 1780 5520 ιιι
1798 5480 1815 5519 a

1018 5538 1074 5592 suis
1088 5537 1163 5594 consi
1175 5535 1262 5662 iisblut
1275 5554 1289 5591 a
1304 5536 1435 5609 consiliis]
1451 5537 1509 5594 sedi
1522 5535 1651 5594 domante
1668 5535 1818 5593 contrariis

1019 5618 1182 5662 avocetur.»
1219 5610 1287 5663 'aas
