<?xml version="1.0" encoding="UTF-8"?>
<!DOCTYPE html PUBLIC "-//W3C//DTD XHTML 1.0 Transitional//EN"
    "http://www.w3.org/TR/xhtml1/DTD/xhtml1-transitional.dtd">
<html xmlns="http://www.w3.org/1999/xhtml" xml:lang="en" lang="en">
 <head>
  <title>
</title>
<meta http-equiv="Content-Type" content="text/html;charset=utf-8" />
  <meta name='ocr-system' content='tesseract 3.04.00' />
  <meta name='ocr-capabilities' content='ocr_page ocr_carea ocr_par ocr_line ocrx_word'/>
</head>
<body>
  <div class='ocr_page' id='page_1' title='image "./patrologiaecurs17goog/patrologiaecurs17goog_0443.png"; bbox 0 0 3780 6120; ppageno 0'>
   <div class='ocr_carea' id='block_1_1' title="bbox 160 287 1795 356">
    <p class='ocr_par' dir='ltr' id='par_1_1' title="bbox 160 287 1795 356">
     <span class='ocr_line' id='line_1_1' title="bbox 160 287 1795 356; baseline -0.005 0"><span class='ocrx_word' id='word_1_1' title='bbox 160 292 214 356; x_wconf 69' lang='lat' dir='ltr'>ffl</span> <span class='ocrx_word' id='word_1_2' title='bbox 621 290 651 347; x_wconf 88' lang='lat' dir='ltr'><strong>B.</strong></span> <span class='ocrx_word' id='word_1_3' title='bbox 672 289 798 347; x_wconf 74' lang='lat' dir='ltr'><strong>canoni</strong></span> <span class='ocrx_word' id='word_1_4' title='bbox 816 287 922 346; x_wconf 45' lang='lat' dir='ltr'><strong>lislel</strong></span> <span class='ocrx_word' id='word_1_5' title='bbox 941 288 1016 346; x_wconf 79' lang='lat' dir='ltr'><strong>orb.</strong></span> <span class='ocrx_word' id='word_1_6' title='bbox 1036 287 1127 345; x_wconf 68' lang='lat' dir='ltr'><strong>PARS</strong></span> <span class='ocrx_word' id='word_1_7' title='bbox 1145 288 1165 342; x_wconf 92' lang='lat' dir='ltr'><strong>l.</strong></span> <span class='ocrx_word' id='word_1_8' title='bbox 1186 287 1306 344; x_wconf 74' lang='lat' dir='ltr'><strong>secuto</strong></span> <span class='ocrx_word' id='word_1_9' title='bbox 1325 287 1364 344; x_wconf 89' lang='lat' dir='ltr'><strong>tlt</strong></span> <span class='ocrx_word' id='word_1_10' title='bbox 1745 289 1795 348; x_wconf 83' lang='lat' dir='ltr'><strong>sot</strong></span> 
     </span>
    </p>
   </div>
   <div class='ocr_carea' id='block_1_2' title="bbox 158 395 1797 3338">
    <p class='ocr_par' dir='ltr' id='par_1_2' title="bbox 158 395 1797 3338">
     <span class='ocr_line' id='line_1_2' title="bbox 158 395 1796 478; baseline -0.004 -14"><span class='ocrx_word' id='word_1_11' title='bbox 158 407 304 478; x_wconf 81' lang='lat' dir='ltr'><strong>recepisse,</strong></span> <span class='ocrx_word' id='word_1_12' title='bbox 321 416 372 460; x_wconf 83' lang='lat' dir='ltr'><strong>nos</strong></span> <span class='ocrx_word' id='word_1_13' title='bbox 384 401 581 472; x_wconf 75' lang='lat' dir='ltr'><strong>conspicientes</strong></span> <span class='ocrx_word' id='word_1_14' title='bbox 591 403 619 457; x_wconf 87' lang='lat' dir='ltr'><strong>rd</strong></span> <span class='ocrx_word' id='word_1_15' title='bbox 638 415 665 456; x_wconf 91' lang='lat' dir='ltr'><strong>m</strong></span> <span class='ocrx_word' id='word_1_16' title='bbox 684 397 868 470; x_wconf 74' lang='lat' dir='ltr'><strong>praeiudicium</strong></span> <span class='ocrx_word' id='word_1_17' title='bbox 879 398 950 468; x_wconf 79' lang='lat' dir='ltr'><strong>luris</strong></span> <span class='ocrx_word' id='word_1_18' title='bbox 964 410 988 466; x_wconf 76' lang='grc' dir='ltr'><strong>Λ</strong></span> <span class='ocrx_word' id='word_1_19' title='bbox 1001 399 1063 472; x_wconf 92' lang='lat' dir='ltr'><strong>gula</strong></span> <span class='ocrx_word' id='word_1_20' title='bbox 1082 408 1136 454; x_wconf 88' lang='lat' dir='ltr'><strong>tarn</strong></span> <span class='ocrx_word' id='word_1_21' title='bbox 1149 399 1266 468; x_wconf 90' lang='lat' dir='ltr'><strong>propriis</strong></span> <span class='ocrx_word' id='word_1_22' title='bbox 1280 413 1328 453; x_wconf 83' lang='lat' dir='ltr'><strong>seu</strong></span> <span class='ocrx_word' id='word_1_23' title='bbox 1342 395 1505 468; x_wconf 80' lang='lat' dir='ltr'><strong>specialibus</strong></span> <span class='ocrx_word' id='word_1_24' title='bbox 1515 397 1732 468; x_wconf 81' lang='lat' dir='ltr'><strong>prouinciarum,</strong></span> <span class='ocrx_word' id='word_1_25' title='bbox 1744 410 1796 458; x_wconf 89' lang='lat' dir='ltr'><strong>ter·</strong></span> 
     </span>
     <span class='ocr_line' id='line_1_3' title="bbox 158 468 1795 540; baseline -0.005 -6"><span class='ocrx_word' id='word_1_26' title='bbox 158 481 238 535; x_wconf 79' lang='lat' dir='ltr'><strong>dictae</strong></span> <span class='ocrx_word' id='word_1_27' title='bbox 257 475 353 531; x_wconf 84' lang='lat' dir='ltr'><strong>matris</strong></span> <span class='ocrx_word' id='word_1_28' title='bbox 379 472 507 529; x_wconf 74' lang='lat' dir='ltr'><strong>Ecclesia</strong></span> <span class='ocrx_word' id='word_1_29' title='bbox 528 472 720 534; x_wconf 88' lang='lat' dir='ltr'><strong>subsecutum,</strong></span> <span class='ocrx_word' id='word_1_30' title='bbox 746 468 874 540; x_wconf 86' lang='lat' dir='ltr'><strong>quidquid</strong></span> <span class='ocrx_word' id='word_1_31' title='bbox 902 484 951 539; x_wconf 91' lang='lat' dir='ltr'><strong>per</strong></span> <span class='ocrx_word' id='word_1_32' title='bbox 1001 486 1102 531; x_wconf 81' lang='lat' dir='ltr'><strong>rarunr,</strong></span> <span class='ocrx_word' id='word_1_33' title='bbox 1117 469 1267 532; x_wconf 84' lang='lat' dir='ltr'><strong>civitatum,</strong></span> <span class='ocrx_word' id='word_1_34' title='bbox 1280 477 1362 536; x_wconf 90' lang='lat' dir='ltr'><strong>atque</strong></span> <span class='ocrx_word' id='word_1_35' title='bbox 1376 468 1496 522; x_wconf 90' lang='lat' dir='ltr'><strong>locomm</strong></span> <span class='ocrx_word' id='word_1_36' title='bbox 1506 483 1636 537; x_wconf 83' lang='lat' dir='ltr'><strong>expressa</strong></span> <span class='ocrx_word' id='word_1_37' title='bbox 1648 471 1795 537; x_wconf 75' lang='lat' dir='ltr'><strong>uocabulis,</strong></span> 
     </span>
     <span class='ocr_line' id='line_1_4' title="bbox 159 537 1796 611; baseline -0.005 -8"><span class='ocrx_word' id='word_1_38' title='bbox 159 547 285 604; x_wconf 89' lang='lat' dir='ltr'><strong>eumdem</strong></span> <span class='ocrx_word' id='word_1_39' title='bbox 304 543 507 604; x_wconf 90' lang='lat' dir='ltr'><strong>cancellarium,</strong></span> <span class='ocrx_word' id='word_1_40' title='bbox 531 557 578 597; x_wconf 91' lang='lat' dir='ltr'><strong>scu</strong></span> <span class='ocrx_word' id='word_1_41' title='bbox 607 554 794 611; x_wconf 81' lang='lat' dir='ltr'>quemcunque</span> <span class='ocrx_word' id='word_1_42' title='bbox 818 539 900 594; x_wconf 90' lang='lat' dir='ltr'><strong>alium</strong></span> <span class='ocrx_word' id='word_1_43' title='bbox 923 541 950 595; x_wconf 90' lang='lat' dir='ltr'><strong>in</strong></span> <span class='ocrx_word' id='word_1_44' title='bbox 1001 556 1082 611; x_wconf 89' lang='lat' dir='ltr'><strong>qnam</strong></span> <span class='ocrx_word' id='word_1_45' title='bbox 1095 539 1175 593; x_wconf 88' lang='lat' dir='ltr'><strong>etiam</strong></span> <span class='ocrx_word' id='word_1_46' title='bbox 1187 553 1240 593; x_wconf 93' lang='lat' dir='ltr'><strong>non</strong></span> <span class='ocrx_word' id='word_1_47' title='bbox 1253 552 1391 606; x_wconf 81' lang='lat' dir='ltr'><strong>expressa,</strong></span> <span class='ocrx_word' id='word_1_48' title='bbox 1412 546 1492 606; x_wconf 91' lang='lat' dir='ltr'><strong>prout</strong></span> <span class='ocrx_word' id='word_1_49' title='bbox 1505 537 1603 593; x_wconf 83' lang='lat' dir='ltr'><strong>melius</strong></span> <span class='ocrx_word' id='word_1_50' title='bbox 1614 537 1686 594; x_wconf 85' lang='lat' dir='ltr'><strong>valet</strong></span> <span class='ocrx_word' id='word_1_51' title='bbox 1700 539 1796 595; x_wconf 88' lang='lat' dir='ltr'><strong>etelii·</strong></span> 
     </span>
     <span class='ocr_line' id='line_1_5' title="bbox 158 607 1796 688; baseline -0.004 -16"><span class='ocrx_word' id='word_1_52' title='bbox 158 615 471 688; x_wconf 73' lang='lat' dir='ltr'><strong>predictiseivitatibns,</strong></span> <span class='ocrx_word' id='word_1_53' title='bbox 487 612 562 675; x_wconf 87' lang='lat' dir='ltr'><strong>locis,</strong></span> <span class='ocrx_word' id='word_1_54' title='bbox 576 620 603 666; x_wconf 90' lang='lat' dir='ltr'><strong>ct</strong></span> <span class='ocrx_word' id='word_1_55' title='bbox 624 611 715 673; x_wconf 89' lang='lat' dir='ltr'><strong>terris,</strong></span> <span class='ocrx_word' id='word_1_56' title='bbox 733 624 780 664; x_wconf 90' lang='lat' dir='ltr'><strong>seu</strong></span> <span class='ocrx_word' id='word_1_57' title='bbox 798 625 845 681; x_wconf 92' lang='lat' dir='ltr'><strong>per</strong></span> <span class='ocrx_word' id='word_1_58' title='bbox 862 609 950 664; x_wconf 85' lang='lat' dir='ltr'><strong>honri·</strong></span> <span class='ocrx_word' id='word_1_59' title='bbox 1001 610 1092 666; x_wconf 88' lang='lat' dir='ltr'><strong>cacius</strong></span> <span class='ocrx_word' id='word_1_60' title='bbox 1104 607 1225 678; x_wconf 88' lang='lat' dir='ltr'><strong>intelligi,</strong></span> <span class='ocrx_word' id='word_1_61' title='bbox 1239 608 1289 675; x_wconf 90' lang='lat' dir='ltr'><strong>ipsi</strong></span> <span class='ocrx_word' id='word_1_62' title='bbox 1306 607 1461 662; x_wconf 89' lang='lat' dir='ltr'><strong>beatissimo</strong></span> <span class='ocrx_word' id='word_1_63' title='bbox 1479 607 1570 672; x_wconf 88' lang='lat' dir='ltr'><strong>Petro,</strong></span> <span class='ocrx_word' id='word_1_64' title='bbox 1590 617 1616 663; x_wconf 92' lang='lat' dir='ltr'><strong>et</strong></span> <span class='ocrx_word' id='word_1_65' title='bbox 1633 609 1720 673; x_wconf 83' lang='lat' dir='ltr'><strong>vobis,</strong></span> <span class='ocrx_word' id='word_1_66' title='bbox 1736 627 1796 666; x_wconf 84' lang='lat' dir='ltr'><strong>san-</strong></span> 
     </span>
     <span class='ocr_line' id='line_1_6' title="bbox 161 676 1797 758; baseline -0.006 -16"><span class='ocrx_word' id='word_1_67' title='bbox 161 703 210 742; x_wconf 86' lang='lat' dir='ltr'><strong>nes</strong></span> <span class='ocrx_word' id='word_1_68' title='bbox 230 688 349 758; x_wconf 85' lang='lat' dir='ltr'><strong>ipsarum</strong></span> <span class='ocrx_word' id='word_1_69' title='bbox 375 685 527 747; x_wconf 80' lang='lat' dir='ltr'><strong>ciuitatum,</strong></span> <span class='ocrx_word' id='word_1_70' title='bbox 553 691 698 745; x_wconf 87' lang='lat' dir='ltr'><strong>terrarum,</strong></span> <span class='ocrx_word' id='word_1_71' title='bbox 722 691 803 749; x_wconf 87' lang='lat' dir='ltr'><strong>atque</strong></span> <span class='ocrx_word' id='word_1_72' title='bbox 828 679 949 734; x_wconf 87' lang='lat' dir='ltr'><strong>locorum</strong></span> <span class='ocrx_word' id='word_1_73' title='bbox 1000 680 1120 736; x_wconf 76' lang='lat' dir='ltr'><strong>ctissime</strong></span> <span class='ocrx_word' id='word_1_74' title='bbox 1141 685 1218 747; x_wconf 86' lang='lat' dir='ltr'><strong>pater</strong></span> <span class='ocrx_word' id='word_1_75' title='bbox 1232 677 1339 732; x_wconf 90' lang='lat' dir='ltr'><strong>domine</strong></span> <span class='ocrx_word' id='word_1_76' title='bbox 1357 676 1467 732; x_wconf 86' lang='lat' dir='ltr'><strong>Nicolae</strong></span> <span class='ocrx_word' id='word_1_77' title='bbox 1480 692 1549 747; x_wconf 86' lang='lat' dir='ltr'><strong>papa</strong></span> <span class='ocrx_word' id='word_1_78' title='bbox 1565 678 1610 743; x_wconf 89' lang='lat' dir='ltr'><strong>lli,</strong></span> <span class='ocrx_word' id='word_1_79' title='bbox 1630 686 1657 733; x_wconf 88' lang='lat' dir='ltr'><strong>et</strong></span> <span class='ocrx_word' id='word_1_80' title='bbox 1682 695 1731 749; x_wconf 90' lang='lat' dir='ltr'><strong>per</strong></span> <span class='ocrx_word' id='word_1_81' title='bbox 1750 695 1797 737; x_wconf 87' lang='lat' dir='ltr'><strong>ros</strong></span> 
     </span>
     <span class='ocr_line' id='line_1_7' title="bbox 161 745 1795 833; baseline -0.005 -21"><span class='ocrx_word' id='word_1_82' title='bbox 161 767 262 820; x_wconf 88' lang='lat' dir='ltr'><strong>actum,</strong></span> <span class='ocrx_word' id='word_1_83' title='bbox 277 767 391 827; x_wconf 85' lang='lat' dir='ltr'><strong>gestum,</strong></span> <span class='ocrx_word' id='word_1_84' title='bbox 406 753 572 833; x_wconf 88' lang='lat' dir='ltr'><strong>recognitum</strong></span> <span class='ocrx_word' id='word_1_85' title='bbox 584 750 699 812; x_wconf 78' lang='lat' dir='ltr'><strong>exstitit,</strong></span> <span class='ocrx_word' id='word_1_86' title='bbox 713 749 769 804; x_wconf 83' lang='lat' dir='ltr'><strong>sive</strong></span> <span class='ocrx_word' id='word_1_87' title='bbox 781 749 911 818; x_wconf 83' lang='lat' dir='ltr'><strong>juratum,</strong></span> <span class='ocrx_word' id='word_1_88' title='bbox 923 759 951 804; x_wconf 90' lang='lat' dir='ltr'><strong>et</strong></span> <span class='ocrx_word' id='word_1_89' title='bbox 1001 749 1205 806; x_wconf 85' lang='lat' dir='ltr'><strong>successoribus</strong></span> <span class='ocrx_word' id='word_1_90' title='bbox 1231 748 1329 802; x_wconf 87' lang='lat' dir='ltr'><strong>vestris</strong></span> <span class='ocrx_word' id='word_1_91' title='bbox 1351 745 1479 800; x_wconf 81' lang='lat' dir='ltr'><strong>Romanis</strong></span> <span class='ocrx_word' id='word_1_92' title='bbox 1496 747 1684 817; x_wconf 78' lang='lat' dir='ltr'><strong>pontificibus.</strong></span> <span class='ocrx_word' id='word_1_93' title='bbox 1699 760 1727 804; x_wconf 92' lang='lat' dir='ltr'><strong>et</strong></span> <span class='ocrx_word' id='word_1_94' title='bbox 1747 749 1795 821; x_wconf 89' lang='lat' dir='ltr'><strong>ipsi</strong></span> 
     </span>
     <span class='ocr_line' id='line_1_8' title="bbox 160 815 1796 906; baseline -0.004 -23"><span class='ocrx_word' id='word_1_95' title='bbox 160 827 314 898; x_wconf 78' lang='lat' dir='ltr'><strong>specialiter</strong></span> <span class='ocrx_word' id='word_1_96' title='bbox 327 824 454 906; x_wconf 79' lang='lat' dir='ltr'><strong>praedicta</strong></span> <span class='ocrx_word' id='word_1_97' title='bbox 470 829 635 892; x_wconf 65' lang='lat' dir='ltr'><strong>juramenta,</strong></span> <span class='ocrx_word' id='word_1_98' title='bbox 655 819 828 881; x_wconf 74' lang='lat' dir='ltr'><strong>remittimus.</strong></span> <span class='ocrx_word' id='word_1_99' title='bbox 843 821 950 873; x_wconf 88' lang='lat' dir='ltr'><strong>relaxa·</strong></span> <span class='ocrx_word' id='word_1_100' title='bbox 1001 820 1130 875; x_wconf 76' lang='lat' dir='ltr'><strong>Romanae</strong></span> <span class='ocrx_word' id='word_1_101' title='bbox 1145 817 1273 872; x_wconf 74' lang='lat' dir='ltr'><strong>Ecclesiae</strong></span> <span class='ocrx_word' id='word_1_102' title='bbox 1291 817 1304 856; x_wconf 68' lang='lat' dir='ltr'><strong>d</strong></span> <span class='ocrx_word' id='word_1_103' title='bbox 1320 817 1352 872; x_wconf 90' lang='lat' dir='ltr'><strong>de</strong></span> <span class='ocrx_word' id='word_1_104' title='bbox 1368 832 1437 872; x_wconf 86' lang='lat' dir='ltr'><strong>noro</strong></span> <span class='ocrx_word' id='word_1_105' title='bbox 1453 815 1536 873; x_wconf 88' lang='lat' dir='ltr'><strong>libere</strong></span> <span class='ocrx_word' id='word_1_106' title='bbox 1551 827 1579 873; x_wconf 92' lang='lat' dir='ltr'><strong>et</strong></span> <span class='ocrx_word' id='word_1_107' title='bbox 1596 818 1720 886; x_wconf 78' lang='lat' dir='ltr'><strong>plenarie</strong></span> <span class='ocrx_word' id='word_1_108' title='bbox 1733 836 1796 876; x_wconf 90' lang='lat' dir='ltr'><strong>cun·</strong></span> 
     </span>
     <span class='ocr_line' id='line_1_9' title="bbox 160 886 1796 962; baseline -0.004 -11"><span class='ocrx_word' id='word_1_109' title='bbox 160 912 237 959; x_wconf 86' lang='lat' dir='ltr'><strong>naus,</strong></span> <span class='ocrx_word' id='word_1_110' title='bbox 266 903 294 950; x_wconf 90' lang='lat' dir='ltr'><strong>et</strong></span> <span class='ocrx_word' id='word_1_111' title='bbox 315 909 355 955; x_wconf 86' lang='lat' dir='ltr'><strong>ers</strong></span> <span class='ocrx_word' id='word_1_112' title='bbox 381 907 508 962; x_wconf 83' lang='lat' dir='ltr'><strong>expresse</strong></span> <span class='ocrx_word' id='word_1_113' title='bbox 535 891 740 956; x_wconf 88' lang='lat' dir='ltr'><strong>renuntiamus,</strong></span> <span class='ocrx_word' id='word_1_114' title='bbox 766 905 799 944; x_wconf 91' lang='lat' dir='ltr'><strong>ac</strong></span> <span class='ocrx_word' id='word_1_115' title='bbox 822 889 951 959; x_wconf 83' lang='lat' dir='ltr'><strong>praedicta</strong></span> <span class='ocrx_word' id='word_1_116' title='bbox 1002 889 1133 952; x_wconf 88' lang='lat' dir='ltr'><strong>cedimus,</strong></span> <span class='ocrx_word' id='word_1_117' title='bbox 1153 886 1317 944; x_wconf 89' lang='lat' dir='ltr'><strong>conlerimus</strong></span> <span class='ocrx_word' id='word_1_118' title='bbox 1331 893 1359 941; x_wconf 89' lang='lat' dir='ltr'><strong>et</strong></span> <span class='ocrx_word' id='word_1_119' title='bbox 1379 886 1521 951; x_wconf 89' lang='lat' dir='ltr'><strong>donamus,</strong></span> <span class='ocrx_word' id='word_1_120' title='bbox 1537 898 1568 942; x_wconf 91' lang='lat' dir='ltr'><strong>ut</strong></span> <span class='ocrx_word' id='word_1_121' title='bbox 1582 887 1690 942; x_wconf 90' lang='lat' dir='ltr'><strong>sublata</strong></span> <span class='ocrx_word' id='word_1_122' title='bbox 1709 891 1796 946; x_wconf 83' lang='lat' dir='ltr'><strong>omnis</strong></span> 
     </span>
     <span class='ocr_line' id='line_1_10' title="bbox 160 955 1797 1039; baseline -0.006 -17"><span class='ocrx_word' id='word_1_123' title='bbox 160 965 250 1022; x_wconf 85' lang='lat' dir='ltr'><strong>omnia</strong></span> <span class='ocrx_word' id='word_1_124' title='bbox 269 977 434 1027; x_wconf 86' lang='lat' dir='ltr'><strong>revocamus,</strong></span> <span class='ocrx_word' id='word_1_125' title='bbox 448 977 597 1028; x_wconf 75' lang='lat' dir='ltr'><strong>cassamus,</strong></span> <span class='ocrx_word' id='word_1_126' title='bbox 609 961 788 1026; x_wconf 82' lang='lat' dir='ltr'><strong>annullamus,</strong></span> <span class='ocrx_word' id='word_1_127' title='bbox 802 959 948 1022; x_wconf 88' lang='lat' dir='ltr'><strong>irritamus,</strong></span> <span class='ocrx_word' id='word_1_128' title='bbox 1001 958 1182 1015; x_wconf 87' lang='lat' dir='ltr'><strong>contentionis</strong></span> <span class='ocrx_word' id='word_1_129' title='bbox 1191 965 1220 1012; x_wconf 91' lang='lat' dir='ltr'><strong>et</strong></span> <span class='ocrx_word' id='word_1_130' title='bbox 1231 957 1407 1039; x_wconf 74' lang='lat' dir='ltr'><strong>dissensionis</strong></span> <span class='ocrx_word' id='word_1_131' title='bbox 1416 955 1498 1038; x_wconf 65' lang='lat'><strong>525</strong></span> <span class='ocrx_word' id='word_1_132' title='bbox 1513 957 1640 1024; x_wconf 87' lang='lat' dir='ltr'><strong>materia,</strong></span> <span class='ocrx_word' id='word_1_133' title='bbox 1654 957 1734 1013; x_wconf 68' lang='lat' dir='ltr'><strong>firma</strong></span> <span class='ocrx_word' id='word_1_134' title='bbox 1744 974 1797 1030; x_wconf 81' lang='lat' dir='ltr'><strong>par</strong></span> 
     </span>
     <span class='ocr_line' id='line_1_11' title="bbox 161 1025 1796 1099; baseline -0.006 -7"><span class='ocrx_word' id='word_1_135' title='bbox 161 1051 239 1092; x_wconf 89' lang='lat' dir='ltr'><strong>cassa</strong></span> <span class='ocrx_word' id='word_1_136' title='bbox 260 1042 288 1089; x_wconf 89' lang='lat' dir='ltr'><strong>et</strong></span> <span class='ocrx_word' id='word_1_137' title='bbox 308 1033 386 1088; x_wconf 89' lang='lat' dir='ltr'><strong>irrita</strong></span> <span class='ocrx_word' id='word_1_138' title='bbox 400 1033 565 1098; x_wconf 88' lang='lat' dir='ltr'><strong>nuntiamus,</strong></span> <span class='ocrx_word' id='word_1_139' title='bbox 591 1047 624 1087; x_wconf 91' lang='lat' dir='ltr'><strong>ac</strong></span> <span class='ocrx_word' id='word_1_140' title='bbox 643 1031 770 1087; x_wconf 89' lang='lat' dir='ltr'><strong>omnibus</strong></span> <span class='ocrx_word' id='word_1_141' title='bbox 784 1028 887 1085; x_wconf 84' lang='lat' dir='ltr'><strong>uiribus</strong></span> <span class='ocrx_word' id='word_1_142' title='bbox 905 1043 951 1082; x_wconf 81' lang='lat' dir='ltr'><strong>ra·</strong></span> <span class='ocrx_word' id='word_1_143' title='bbox 1001 1038 1029 1085; x_wconf 87' lang='lat' dir='ltr'><strong>et</strong></span> <span class='ocrx_word' id='word_1_144' title='bbox 1041 1029 1120 1098; x_wconf 85' lang='lat' dir='ltr'><strong>plena</strong></span> <span class='ocrx_word' id='word_1_145' title='bbox 1132 1027 1275 1083; x_wconf 83' lang='lat' dir='ltr'><strong>corrcordra</strong></span> <span class='ocrx_word' id='word_1_146' title='bbox 1290 1035 1362 1082; x_wconf 81' lang='lat' dir='ltr'><strong>inter</strong></span> <span class='ocrx_word' id='word_1_147' title='bbox 1373 1025 1563 1082; x_wconf 59' lang='lat' dir='ltr'><strong>minime</strong></span> <span class='ocrx_word' id='word_1_148' title='bbox 1574 1027 1722 1096; x_wconf 73' lang='lat' dir='ltr'><strong>inpenso</strong></span> <span class='ocrx_word' id='word_1_149' title='bbox 1733 1043 1796 1099; x_wconf 79' lang='lat' dir='ltr'><strong>per·</strong></span> 
     </span>
     <span class='ocr_line' id='line_1_12' title="bbox 160 1101 1164 1168; baseline -0.012 -7"><span class='ocrx_word' id='word_1_150' title='bbox 160 1119 290 1165; x_wconf 75' lang='lat' dir='ltr'><strong>cramus:</strong></span> <span class='ocrx_word' id='word_1_151' title='bbox 307 1103 437 1168; x_wconf 83' lang='lat' dir='ltr'><strong>volentes,</strong></span> <span class='ocrx_word' id='word_1_152' title='bbox 460 1109 620 1167; x_wconf 81' lang='lat' dir='ltr'><strong>statuentes,</strong></span> <span class='ocrx_word' id='word_1_153' title='bbox 641 1110 669 1156; x_wconf 93' lang='lat' dir='ltr'><strong>et</strong></span> <span class='ocrx_word' id='word_1_154' title='bbox 687 1101 886 1156; x_wconf 87' lang='lat' dir='ltr'><strong>consentientes</strong></span> <span class='ocrx_word' id='word_1_155' title='bbox 904 1113 952 1152; x_wconf 81' lang='lat' dir='ltr'><strong>eu·</strong></span> <span class='ocrx_word' id='word_1_156' title='bbox 1002 1105 1126 1154; x_wconf 86' lang='lat' dir='ltr'><strong>sererent</strong></span> <span class='ocrx_word' id='word_1_157' title='bbox 1140 1108 1164 1150; x_wconf 80' lang='lat'><strong>⁰.</strong></span> 
     </span>
     <span class='ocr_line' id='line_1_13' title="bbox 159 1165 1794 1255; baseline -0.004 -25"><span class='ocrx_word' id='word_1_158' title='bbox 159 1190 263 1247; x_wconf 88' lang='lat' dir='ltr'><strong>presse,</strong></span> <span class='ocrx_word' id='word_1_159' title='bbox 277 1173 347 1244; x_wconf 92' lang='lat' dir='ltr'><strong>qnod</strong></span> <span class='ocrx_word' id='word_1_160' title='bbox 365 1173 450 1255; x_wconf 85' lang='lat' dir='ltr'><strong>perid</strong></span> <span class='ocrx_word' id='word_1_161' title='bbox 463 1171 567 1226; x_wconf 91' lang='lat' dir='ltr'><strong>nullum</strong></span> <span class='ocrx_word' id='word_1_162' title='bbox 585 1171 631 1242; x_wconf 87' lang='lat' dir='ltr'><strong>jus</strong></span> <span class='ocrx_word' id='word_1_163' title='bbox 645 1171 724 1226; x_wconf 89' lang='lat' dir='ltr'><strong>nobis</strong></span> <span class='ocrx_word' id='word_1_164' title='bbox 735 1180 764 1227; x_wconf 89' lang='lat' dir='ltr'><strong>et</strong></span> <span class='ocrx_word' id='word_1_165' title='bbox 779 1170 893 1240; x_wconf 88' lang='lat' dir='ltr'><strong>imperio</strong></span> <span class='ocrx_word' id='word_1_166' title='bbox 905 1181 948 1224; x_wconf 86' lang='lat' dir='ltr'><strong>ao·</strong></span> <span class='ocrx_word' id='word_1_167' title='bbox 1039 1167 1074 1224; x_wconf 90' lang='lat' dir='ltr'><strong>llt</strong></span> <span class='ocrx_word' id='word_1_168' title='bbox 1088 1174 1179 1222; x_wconf 84' lang='lat' dir='ltr'><strong>autera</strong></span> <span class='ocrx_word' id='word_1_169' title='bbox 1191 1165 1250 1223; x_wconf 73' lang='lat' dir='ltr'><strong>baec</strong></span> <span class='ocrx_word' id='word_1_170' title='bbox 1261 1165 1352 1222; x_wconf 89' lang='lat' dir='ltr'><strong>omnia</strong></span> <span class='ocrx_word' id='word_1_171' title='bbox 1364 1165 1440 1221; x_wconf 82' lang='lat' dir='ltr'><strong>rolris</strong></span> <span class='ocrx_word' id='word_1_172' title='bbox 1459 1174 1606 1221; x_wconf 86' lang='lat' dir='ltr'><strong>nremorato</strong></span> <span class='ocrx_word' id='word_1_173' title='bbox 1622 1165 1794 1223; x_wconf 89' lang='lat' dir='ltr'><strong>sanctissimo</strong></span> 
     </span>
     <span class='ocr_line' id='line_1_14' title="bbox 159 1235 1794 1316; baseline -0.006 -15"><span class='ocrx_word' id='word_1_174' title='bbox 159 1243 339 1309; x_wconf 67' lang='lat' dir='ltr'><strong>cremasset</strong></span> <span class='ocrx_word' id='word_1_175' title='bbox 366 1242 417 1312; x_wconf 90' lang='lat' dir='ltr'><strong>rpsi</strong></span> <span class='ocrx_word' id='word_1_176' title='bbox 447 1242 575 1297; x_wconf 79' lang='lat' dir='ltr'><strong>Ecclesiae</strong></span> <span class='ocrx_word' id='word_1_177' title='bbox 598 1241 726 1296; x_wconf 82' lang='lat' dir='ltr'><strong>Romanor</strong></span> <span class='ocrx_word' id='word_1_178' title='bbox 748 1241 873 1312; x_wconf 82' lang='lat' dir='ltr'><strong>depereat</strong></span> <span class='ocrx_word' id='word_1_179' title='bbox 896 1247 951 1294; x_wconf 68' lang='lat' dir='ltr'><strong>um</strong></span> <span class='ocrx_word' id='word_1_180' title='bbox 1000 1237 1077 1296; x_wconf 77' lang='lat' dir='ltr'><strong>l’atri</strong></span> <span class='ocrx_word' id='word_1_181' title='bbox 1102 1245 1196 1292; x_wconf 86' lang='lat' dir='ltr'><strong>nostro</strong></span> <span class='ocrx_word' id='word_1_182' title='bbox 1217 1236 1326 1292; x_wconf 91' lang='lat' dir='ltr'><strong>domino</strong></span> <span class='ocrx_word' id='word_1_183' title='bbox 1348 1235 1457 1291; x_wconf 89' lang='lat' dir='ltr'><strong>Nicolao</strong></span> <span class='ocrx_word' id='word_1_184' title='bbox 1472 1243 1653 1316; x_wconf 73' lang='lat' dir='ltr'><strong>sacrosanctae</strong></span> <span class='ocrx_word' id='word_1_185' title='bbox 1668 1236 1794 1292; x_wconf 82' lang='lat' dir='ltr'><strong>Romana</strong></span> 
     </span>
     <span class='ocr_line' id='line_1_15' title="bbox 159 1306 1793 1385; baseline -0.006 -14"><span class='ocrx_word' id='word_1_186' title='bbox 159 1314 232 1371; x_wconf 88' lang='lat' dir='ltr'><strong>circa</strong></span> <span class='ocrx_word' id='word_1_187' title='bbox 254 1312 462 1385; x_wconf 88' lang='lat' dir='ltr'><strong>possessionem,</strong></span> <span class='ocrx_word' id='word_1_188' title='bbox 477 1326 557 1382; x_wconf 88' lang='lat' dir='ltr'><strong>quam</strong></span> <span class='ocrx_word' id='word_1_189' title='bbox 572 1311 643 1365; x_wconf 83' lang='lat' dir='ltr'><strong>cirea</strong></span> <span class='ocrx_word' id='word_1_190' title='bbox 658 1310 849 1380; x_wconf 86' lang='lat' dir='ltr'><strong>proprietatem</strong></span> <span class='ocrx_word' id='word_1_191' title='bbox 866 1309 893 1364; x_wconf 90' lang='lat' dir='ltr'><strong>in</strong></span> <span class='ocrx_word' id='word_1_192' title='bbox 913 1309 953 1364; x_wconf 88' lang='lat' dir='ltr'><strong>ei-</strong></span> <span class='ocrx_word' id='word_1_193' title='bbox 1001 1307 1129 1366; x_wconf 73' lang='lat' dir='ltr'><strong>Eoclesite</strong></span> <span class='ocrx_word' id='word_1_194' title='bbox 1151 1322 1257 1362; x_wconf 87' lang='lat' dir='ltr'><strong>summo</strong></span> <span class='ocrx_word' id='word_1_195' title='bbox 1282 1306 1422 1376; x_wconf 82' lang='lat' dir='ltr'><strong>pontiflci,</strong></span> <span class='ocrx_word' id='word_1_196' title='bbox 1449 1313 1601 1377; x_wconf 79' lang='lat' dir='ltr'><strong>uestrisque</strong></span> <span class='ocrx_word' id='word_1_197' title='bbox 1628 1309 1793 1361; x_wconf 85' lang='lat' dir='ltr'><strong>successori-</strong></span> 
     </span>
     <span class='ocr_line' id='line_1_16' title="bbox 160 1375 1794 1456; baseline -0.004 -19"><span class='ocrx_word' id='word_1_198' title='bbox 160 1385 301 1446; x_wconf 78' lang='lat' dir='ltr'><strong>aitatibus,</strong></span> <span class='ocrx_word' id='word_1_199' title='bbox 318 1383 408 1446; x_wconf 89' lang='lat' dir='ltr'><strong>terris,</strong></span> <span class='ocrx_word' id='word_1_200' title='bbox 422 1378 667 1450; x_wconf 84' lang='lat' dir='ltr'><strong>etlocispnelatis,</strong></span> <span class='ocrx_word' id='word_1_201' title='bbox 683 1395 716 1434; x_wconf 91' lang='lat' dir='ltr'><strong>ac</strong></span> <span class='ocrx_word' id='word_1_202' title='bbox 735 1378 952 1448; x_wconf 65' lang='lat' dir='ltr'><strong>hambiensis</strong></span> <span class='ocrx_word' id='word_1_203' title='bbox 1000 1381 1051 1437; x_wconf 93' lang='lat' dir='ltr'><strong>bus</strong></span> <span class='ocrx_word' id='word_1_204' title='bbox 1070 1381 1091 1445; x_wconf 75' lang='grc' dir='ltr'><strong>Ι,</strong></span> <span class='ocrx_word' id='word_1_205' title='bbox 1107 1386 1135 1435; x_wconf 87' lang='lat' dir='ltr'><strong>et</strong></span> <span class='ocrx_word' id='word_1_206' title='bbox 1152 1376 1202 1450; x_wconf 89' lang='lat' dir='ltr'><strong>ipsi</strong></span> <span class='ocrx_word' id='word_1_207' title='bbox 1228 1376 1355 1431; x_wconf 78' lang='lat' dir='ltr'><strong>Romana</strong></span> <span class='ocrx_word' id='word_1_208' title='bbox 1371 1375 1498 1431; x_wconf 75' lang='lat' dir='ltr'><strong>Ecclesiae</strong></span> <span class='ocrx_word' id='word_1_209' title='bbox 1513 1388 1624 1456; x_wconf 73' lang='lat' dir='ltr'><strong>pernes</strong></span> <span class='ocrx_word' id='word_1_210' title='bbox 1638 1384 1668 1430; x_wconf 91' lang='lat' dir='ltr'><strong>et</strong></span> <span class='ocrx_word' id='word_1_211' title='bbox 1689 1384 1794 1431; x_wconf 87' lang='lat' dir='ltr'><strong>nostros</strong></span> 
     </span>
     <span class='ocr_line' id='line_1_17' title="bbox 160 1447 1793 1520; baseline -0.002 -11"><span class='ocrx_word' id='word_1_212' title='bbox 160 1454 245 1516; x_wconf 89' lang='lat' dir='ltr'><strong>rlbns,</strong></span> <span class='ocrx_word' id='word_1_213' title='bbox 259 1450 733 1520; x_wconf 80' lang='lat' dir='ltr'><strong>etjrrrisdietionibuseorumdem¹.</strong></span> <span class='ocrx_word' id='word_1_214' title='bbox 1000 1466 1171 1506; x_wconf 83' lang='lat' dir='ltr'><strong>successores</strong></span> <span class='ocrx_word' id='word_1_215' title='bbox 1196 1447 1378 1506; x_wconf 81' lang='lat' dir='ltr'><strong>lionranorbtn</strong></span> <span class='ocrx_word' id='word_1_216' title='bbox 1409 1460 1485 1516; x_wconf 71' lang='lat' dir='ltr'><strong>reses</strong></span> <span class='ocrx_word' id='word_1_217' title='bbox 1513 1452 1542 1500; x_wconf 77' lang='grc' dir='ltr'><strong>θῑ</strong></span> <span class='ocrx_word' id='word_1_218' title='bbox 1564 1454 1746 1516; x_wconf 64' lang='lat' dir='ltr'><strong>imperalium</strong></span> <span class='ocrx_word' id='word_1_219' title='bbox 1768 1447 1793 1501; x_wconf 85' lang='lat' dir='ltr'><strong>io</strong></span> 
     </span>
     <span class='ocr_line' id='line_1_18' title="bbox 197 1515 1793 1592; baseline -0.005 -14"><span class='ocrx_word' id='word_1_220' title='bbox 197 1524 231 1578; x_wconf 83' lang='lat' dir='ltr'><strong>Et</strong></span> <span class='ocrx_word' id='word_1_221' title='bbox 245 1523 308 1591; x_wconf 88' lang='lat' dir='ltr'><strong>quia</strong></span> <span class='ocrx_word' id='word_1_222' title='bbox 331 1522 407 1575; x_wconf 89' lang='lat' dir='ltr'><strong>decet</strong></span> <span class='ocrx_word' id='word_1_223' title='bbox 417 1520 520 1590; x_wconf 77' lang='lat' dir='ltr'><strong>regales</strong></span> <span class='ocrx_word' id='word_1_224' title='bbox 533 1526 610 1574; x_wconf 92' lang='lat' dir='ltr'><strong>actus</strong></span> <span class='ocrx_word' id='word_1_225' title='bbox 623 1519 652 1572; x_wconf 90' lang='lat' dir='ltr'><strong>in</strong></span> <span class='ocrx_word' id='word_1_226' title='bbox 662 1517 735 1572; x_wconf 88' lang='lat' dir='ltr'><strong>omni</strong></span> <span class='ocrx_word' id='word_1_227' title='bbox 754 1517 878 1574; x_wconf 87' lang='lat' dir='ltr'><strong>claritate</strong></span> <span class='ocrx_word' id='word_1_228' title='bbox 887 1532 951 1586; x_wconf 90' lang='lat' dir='ltr'><strong>pru-</strong></span> <span class='ocrx_word' id='word_1_229' title='bbox 1001 1529 1159 1590; x_wconf 80' lang='lat' dir='ltr'><strong>perpetuum</strong></span> <span class='ocrx_word' id='word_1_230' title='bbox 1170 1522 1358 1585; x_wconf 73' lang='lat' dir='ltr'><strong>observentur,</strong></span> <span class='ocrx_word' id='word_1_231' title='bbox 1371 1515 1503 1592; x_wconf 73' lang='lat' dir='ltr'><strong>tirnuque</strong></span> <span class='ocrx_word' id='word_1_232' title='bbox 1517 1529 1635 1591; x_wconf 83' lang='lat' dir='ltr'><strong>semper,</strong></span> <span class='ocrx_word' id='word_1_233' title='bbox 1655 1525 1683 1570; x_wconf 89' lang='lat' dir='ltr'><strong>et</strong></span> <span class='ocrx_word' id='word_1_234' title='bbox 1702 1517 1793 1571; x_wconf 89' lang='lat' dir='ltr'><strong>incon·</strong></span> 
     </span>
     <span class='ocr_line' id='line_1_19' title="bbox 161 1585 1793 1664; baseline -0.001 -16"><span class='ocrx_word' id='word_1_235' title='bbox 161 1593 268 1654; x_wconf 87' lang='lat' dir='ltr'><strong>cedere,</strong></span> <span class='ocrx_word' id='word_1_236' title='bbox 290 1597 321 1645; x_wconf 92' lang='lat' dir='ltr'><strong>ut</strong></span> <span class='ocrx_word' id='word_1_237' title='bbox 340 1604 448 1645; x_wconf 90' lang='lat' dir='ltr'><strong>omnem</strong></span> <span class='ocrx_word' id='word_1_238' title='bbox 469 1589 673 1651; x_wconf 78' lang='lat' dir='ltr'><strong>obscuritatem,</strong></span> <span class='ocrx_word' id='word_1_239' title='bbox 714 1603 776 1642; x_wconf 89' lang='lat' dir='ltr'><strong>nam</strong></span> <span class='ocrx_word' id='word_1_240' title='bbox 796 1587 952 1657; x_wconf 79' lang='lat' dir='ltr'><strong>trequentes</strong></span> <span class='ocrx_word' id='word_1_241' title='bbox 1002 1606 1080 1645; x_wconf 75' lang='lat' dir='ltr'><strong>eusm</strong></span> <span class='ocrx_word' id='word_1_242' title='bbox 1102 1599 1295 1661; x_wconf 87' lang='lat' dir='ltr'><strong>permancant,</strong></span> <span class='ocrx_word' id='word_1_243' title='bbox 1323 1605 1443 1660; x_wconf 77' lang='lat' dir='ltr'><strong>presens</strong></span> <span class='ocrx_word' id='word_1_244' title='bbox 1466 1599 1564 1646; x_wconf 77' lang='lat' dir='ltr'><strong>nostra</strong></span> <span class='ocrx_word' id='word_1_245' title='bbox 1590 1585 1793 1664; x_wconf 76' lang='lat' dir='ltr'><strong>recognitionis,</strong></span> 
     </span>
     <span class='ocr_line' id='line_1_20' title="bbox 163 1656 1791 1734; baseline 0.001 -18"><span class='ocrx_word' id='word_1_246' title='bbox 163 1661 327 1733; x_wconf 85' lang='lat' dir='ltr'><strong>generalitas</strong></span> <span class='ocrx_word' id='word_1_247' title='bbox 344 1659 483 1715; x_wconf 84' lang='lat' dir='ltr'><strong>consuerit</strong></span> <span class='ocrx_word' id='word_1_248' title='bbox 502 1657 639 1723; x_wconf 90' lang='lat' dir='ltr'><strong>inducere,</strong></span> <span class='ocrx_word' id='word_1_249' title='bbox 664 1658 689 1729; x_wconf 79' lang='grc'>5</span> <span class='ocrx_word' id='word_1_250' title='bbox 764 1665 857 1711; x_wconf 92' lang='lat' dir='ltr'><strong>nostra</strong></span> <span class='ocrx_word' id='word_1_251' title='bbox 877 1656 952 1712; x_wconf 89' lang='lat' dir='ltr'><strong>tollat</strong></span> <span class='ocrx_word' id='word_1_252' title='bbox 1002 1660 1202 1724; x_wconf 85' lang='lat' dir='ltr'><strong>declarationis,</strong></span> <span class='ocrx_word' id='word_1_253' title='bbox 1217 1660 1400 1716; x_wconf 90' lang='lat' dir='ltr'><strong>concessionis</strong></span> <span class='ocrx_word' id='word_1_254' title='bbox 1410 1668 1437 1714; x_wconf 92' lang='lat' dir='ltr'><strong>et</strong></span> <span class='ocrx_word' id='word_1_255' title='bbox 1448 1661 1601 1717; x_wconf 88' lang='lat' dir='ltr'><strong>donationis</strong></span> <span class='ocrx_word' id='word_1_256' title='bbox 1611 1662 1791 1734; x_wconf 88' lang='lat' dir='ltr'><strong>privilegium,</strong></span> 
     </span>
     <span class='ocr_line' id='line_1_21' title="bbox 164 1726 1793 1820; baseline 0.004 -35"><span class='ocrx_word' id='word_1_257' title='bbox 164 1731 262 1802; x_wconf 79' lang='lat' dir='ltr'><strong>regalis</strong></span> <span class='ocrx_word' id='word_1_258' title='bbox 276 1728 422 1799; x_wconf 82' lang='lat' dir='ltr'><strong>expressio,</strong></span> <span class='ocrx_word' id='word_1_259' title='bbox 439 1743 472 1784; x_wconf 90' lang='lat' dir='ltr'><strong>ac</strong></span> <span class='ocrx_word' id='word_1_260' title='bbox 484 1726 547 1798; x_wconf 79' lang='lat' dir='ltr'><strong>jura</strong></span> <span class='ocrx_word' id='word_1_261' title='bbox 562 1728 646 1796; x_wconf 87' lang='lat' dir='ltr'><strong>ipsios</strong></span> <span class='ocrx_word' id='word_1_262' title='bbox 660 1739 754 1782; x_wconf 79' lang='lat' dir='ltr'><strong>uranus</strong></span> <span class='ocrx_word' id='word_1_263' title='bbox 766 1726 892 1781; x_wconf 77' lang='lat' dir='ltr'><strong>Ecclesiae</strong></span> <span class='ocrx_word' id='word_1_264' title='bbox 904 1741 952 1795; x_wconf 89' lang='lat' dir='ltr'><strong>per</strong></span> <span class='ocrx_word' id='word_1_265' title='bbox 968 1761 989 1820; x_wconf 69' lang='lat' dir='ltr'>B</span> <span class='ocrx_word' id='word_1_266' title='bbox 1002 1731 1036 1784; x_wconf 90' lang='lat' dir='ltr'><strong>de</strong></span> <span class='ocrx_word' id='word_1_267' title='bbox 1050 1731 1214 1786; x_wconf 87' lang='lat' dir='ltr'><strong>conscientia</strong></span> <span class='ocrx_word' id='word_1_268' title='bbox 1227 1739 1328 1795; x_wconf 87' lang='lat' dir='ltr'><strong>nostra,</strong></span> <span class='ocrx_word' id='word_1_269' title='bbox 1344 1738 1371 1784; x_wconf 89' lang='lat' dir='ltr'><strong>et</strong></span> <span class='ocrx_word' id='word_1_270' title='bbox 1385 1745 1513 1801; x_wconf 84' lang='lat' dir='ltr'><strong>expresso</strong></span> <span class='ocrx_word' id='word_1_271' title='bbox 1526 1733 1654 1787; x_wconf 75' lang='lat' dir='ltr'><strong>mndato</strong></span> <span class='ocrx_word' id='word_1_272' title='bbox 1676 1735 1793 1791; x_wconf 74' lang='lat' dir='ltr'><strong>aurisen-</strong></span> 
     </span>
     <span class='ocr_line' id='line_1_22' title="bbox 162 1797 1793 1880; baseline 0.002 -23"><span class='ocrx_word' id='word_1_273' title='bbox 162 1811 284 1857; x_wconf 90' lang='lat' dir='ltr'><strong>nostram</strong></span> <span class='ocrx_word' id='word_1_274' title='bbox 290 1797 509 1862; x_wconf 79' lang='lat' dir='ltr'><strong>declarationem,</strong></span> <span class='ocrx_word' id='word_1_275' title='bbox 517 1812 598 1866; x_wconf 90' lang='lat' dir='ltr'><strong>qnam</strong></span> <span class='ocrx_word' id='word_1_276' title='bbox 606 1798 845 1853; x_wconf 88' lang='lat' dir='ltr'><strong>decernimusesse</strong></span> <span class='ocrx_word' id='word_1_277' title='bbox 857 1811 953 1866; x_wconf 88' lang='lat' dir='ltr'><strong>perpe-</strong></span> <span class='ocrx_word' id='word_1_278' title='bbox 1005 1808 1091 1880; x_wconf 86' lang='lat' dir='ltr'><strong>ptum,</strong></span> <span class='ocrx_word' id='word_1_279' title='bbox 1106 1798 1233 1869; x_wconf 81' lang='lat' dir='ltr'><strong>iussimus</strong></span> <span class='ocrx_word' id='word_1_280' title='bbox 1245 1815 1326 1855; x_wconf 86' lang='lat' dir='ltr'><strong>aurea</strong></span> <span class='ocrx_word' id='word_1_281' title='bbox 1337 1799 1409 1855; x_wconf 90' lang='lat' dir='ltr'><strong>bulla</strong></span> <span class='ocrx_word' id='word_1_282' title='bbox 1421 1800 1526 1871; x_wconf 82' lang='lat' dir='ltr'><strong>typario</strong></span> <span class='ocrx_word' id='word_1_283' title='bbox 1538 1810 1637 1857; x_wconf 76' lang='lat' dir='ltr'><strong>nostra</strong></span> <span class='ocrx_word' id='word_1_284' title='bbox 1646 1801 1793 1870; x_wconf 78' lang='lat' dir='ltr'><strong>majestatis</strong></span> 
     </span>
     <span class='ocr_line' id='line_1_23' title="bbox 163 1865 1791 1941; baseline 0.001 -15"><span class='ocrx_word' id='word_1_285' title='bbox 163 1880 247 1934; x_wconf 81' lang='lat' dir='ltr'><strong>tuam,</strong></span> <span class='ocrx_word' id='word_1_286' title='bbox 258 1868 787 1940; x_wconf 73' lang='lat' dir='ltr'><strong>pleranesolidentumrecognoscimus,</strong></span> <span class='ocrx_word' id='word_1_287' title='bbox 795 1865 919 1928; x_wconf 87' lang='lat' dir='ltr'><strong>latemur,</strong></span> <span class='ocrx_word' id='word_1_288' title='bbox 927 1874 954 1920; x_wconf 90' lang='lat' dir='ltr'><strong>et</strong></span> <span class='ocrx_word' id='word_1_289' title='bbox 1005 1884 1135 1940; x_wconf 78' lang='lat' dir='ltr'><strong>impressa</strong></span> <span class='ocrx_word' id='word_1_290' title='bbox 1151 1871 1260 1936; x_wconf 90' lang='lat' dir='ltr'><strong>muniri,</strong></span> <span class='ocrx_word' id='word_1_291' title='bbox 1271 1886 1303 1925; x_wconf 90' lang='lat' dir='ltr'><strong>ac</strong></span> <span class='ocrx_word' id='word_1_292' title='bbox 1314 1870 1400 1939; x_wconf 89' lang='lat' dir='ltr'><strong>ipsum</strong></span> <span class='ocrx_word' id='word_1_293' title='bbox 1411 1872 1445 1925; x_wconf 88' lang='lat' dir='ltr'><strong>ad</strong></span> <span class='ocrx_word' id='word_1_294' title='bbox 1491 1878 1614 1941; x_wconf 90' lang='lat' dir='ltr'><strong>rpetuam</strong></span> <span class='ocrx_word' id='word_1_295' title='bbox 1630 1870 1791 1928; x_wconf 88' lang='lat' dir='ltr'><strong>soliditatem</strong></span> 
     </span>
     <span class='ocr_line' id='line_1_24' title="bbox 162 1885 1791 2009; baseline 0.002 -13"><span class='ocrx_word' id='word_1_296' title='bbox 162 1939 275 1998; x_wconf 84' lang='lat' dir='ltr'><strong>oraculo</strong></span> <span class='ocrx_word' id='word_1_297' title='bbox 284 1939 424 2009; x_wconf 72' lang='lat' dir='ltr'><strong>praesentis</strong></span> <span class='ocrx_word' id='word_1_298' title='bbox 432 1937 514 1993; x_wconf 89' lang='lat' dir='ltr'><strong>edicti</strong></span> <span class='ocrx_word' id='word_1_299' title='bbox 522 1937 689 1992; x_wconf 79' lang='lat' dir='ltr'><strong>adaetemarn</strong></span> <span class='ocrx_word' id='word_1_300' title='bbox 700 1936 954 1991; x_wconf 86' lang='lat' dir='ltr'><strong>memoriamdecla·</strong></span> <span class='ocrx_word' id='word_1_301' title='bbox 1005 1949 1029 1992; x_wconf 90' lang='lat' dir='ltr'><strong>et</strong></span> <span class='ocrx_word' id='word_1_302' title='bbox 1053 1941 1241 1995; x_wconf 87' lang='lat' dir='ltr'><strong>certitudinem</strong></span> <span class='ocrx_word' id='word_1_303' title='bbox 1261 1941 1337 1996; x_wconf 87' lang='lat' dir='ltr'><strong>robis</strong></span> <span class='ocrx_word' id='word_1_304' title='bbox 1354 1949 1381 1994; x_wconf 87' lang='lat' dir='ltr'><strong>et</strong></span> <span class='ocrx_word' id='word_1_305' title='bbox 1394 1941 1445 2009; x_wconf 90' lang='lat' dir='ltr'><strong>ipsi</strong></span> <span class='ocrx_word' id='word_1_306' title='bbox 1458 1885 1587 1997; x_wconf 48' lang='lat' dir='ltr'><strong>leoniana</strong></span> <span class='ocrx_word' id='word_1_307' title='bbox 1607 1941 1791 1999; x_wconf 74' lang='lat' dir='ltr'><strong>Ecclesium·</strong></span> 
     </span>
     <span class='ocr_line' id='line_1_25' title="bbox 163 2005 1791 2081; baseline 0.003 -18"><span class='ocrx_word' id='word_1_308' title='bbox 163 2024 263 2072; x_wconf 76' lang='lat' dir='ltr'><strong>rams,</strong></span> <span class='ocrx_word' id='word_1_309' title='bbox 279 2009 416 2064; x_wconf 80' lang='lat' dir='ltr'><strong>civitatem</strong></span> <span class='ocrx_word' id='word_1_310' title='bbox 429 2008 611 2062; x_wconf 75' lang='lat' dir='ltr'><strong>Rauennatem</strong></span> <span class='ocrx_word' id='word_1_311' title='bbox 625 2015 652 2061; x_wconf 90' lang='lat' dir='ltr'><strong>et</strong></span> <span class='ocrx_word' id='word_1_312' title='bbox 663 2006 813 2069; x_wconf 84' lang='lat' dir='ltr'><strong>AEmiliam,</strong></span> <span class='ocrx_word' id='word_1_313' title='bbox 827 2005 952 2070; x_wconf 87' lang='lat' dir='ltr'><strong>Bobium,</strong></span> <span class='ocrx_word' id='word_1_314' title='bbox 1005 2009 1102 2064; x_wconf 86' lang='lat' dir='ltr'><strong>biberi.</strong></span> <span class='ocrx_word' id='word_1_315' title='bbox 1112 2009 1296 2065; x_wconf 87' lang='lat' dir='ltr'><strong>Promittimus</strong></span> <span class='ocrx_word' id='word_1_316' title='bbox 1306 2009 1426 2080; x_wconf 89' lang='lat' dir='ltr'><strong>insuper,</strong></span> <span class='ocrx_word' id='word_1_317' title='bbox 1439 2011 1510 2080; x_wconf 90' lang='lat' dir='ltr'><strong>quod</strong></span> <span class='ocrx_word' id='word_1_318' title='bbox 1521 2020 1665 2081; x_wconf 87' lang='lat' dir='ltr'><strong>postquam</strong></span> <span class='ocrx_word' id='word_1_319' title='bbox 1679 2010 1791 2068; x_wconf 85' lang='lat' dir='ltr'><strong>liourarn</strong></span> 
     </span>
     <span class='ocr_line' id='line_1_26' title="bbox 162 2074 1792 2152; baseline 0.002 -20"><span class='ocrx_word' id='word_1_320' title='bbox 162 2077 525 2146; x_wconf 67' lang='lat' dir='ltr'><strong>cesenamliorumpopuli,</strong></span> <span class='ocrx_word' id='word_1_321' title='bbox 540 2074 871 2142; x_wconf 71' lang='lat' dir='ltr'><strong>ronrnanravennan,</strong></span> <span class='ocrx_word' id='word_1_322' title='bbox 883 2074 953 2130; x_wconf 89' lang='lat' dir='ltr'><strong>lmo-</strong></span> <span class='ocrx_word' id='word_1_323' title='bbox 1004 2078 1038 2132; x_wconf 90' lang='lat' dir='ltr'><strong>ad</strong></span> <span class='ocrx_word' id='word_1_324' title='bbox 1050 2080 1231 2149; x_wconf 89' lang='lat' dir='ltr'><strong>recipiendam</strong></span> <span class='ocrx_word' id='word_1_325' title='bbox 1251 2080 1415 2144; x_wconf 89' lang='lat' dir='ltr'><strong>unctionem,</strong></span> <span class='ocrx_word' id='word_1_326' title='bbox 1435 2080 1646 2144; x_wconf 82' lang='lat' dir='ltr'><strong>coronationem,</strong></span> <span class='ocrx_word' id='word_1_327' title='bbox 1667 2091 1695 2136; x_wconf 89' lang='lat' dir='ltr'><strong>et</strong></span> <span class='ocrx_word' id='word_1_328' title='bbox 1708 2082 1792 2152; x_wconf 84' lang='lat' dir='ltr'><strong>impe-</strong></span> 
     </span>
     <span class='ocr_line' id='line_1_27' title="bbox 162 2146 1791 2222; baseline 0.001 -17"><span class='ocrx_word' id='word_1_329' title='bbox 162 2149 226 2214; x_wconf 89' lang='lat' dir='ltr'><strong>lam,</strong></span> <span class='ocrx_word' id='word_1_330' title='bbox 238 2149 394 2210; x_wconf 86' lang='lat' dir='ltr'><strong>Bononiam,</strong></span> <span class='ocrx_word' id='word_1_331' title='bbox 402 2146 954 2216; x_wconf 83' lang='lat' dir='ltr'><strong>Ferrariam,Comaclum‚lldriam,atque</strong></span> <span class='ocrx_word' id='word_1_332' title='bbox 1005 2147 1071 2203; x_wconf 89' lang='lat' dir='ltr'><strong>riale</strong></span> <span class='ocrx_word' id='word_1_333' title='bbox 1082 2148 1205 2206; x_wconf 89' lang='lat' dir='ltr'><strong>diadema</strong></span> <span class='ocrx_word' id='word_1_334' title='bbox 1223 2149 1434 2219; x_wconf 80' lang='lat' dir='ltr'><strong>pervenerimus,</strong></span> <span class='ocrx_word' id='word_1_335' title='bbox 1455 2150 1566 2219; x_wconf 88' lang='lat' dir='ltr'><strong>ipsaque</strong></span> <span class='ocrx_word' id='word_1_336' title='bbox 1581 2152 1791 2222; x_wconf 81' lang='lat' dir='ltr'><strong>perceperimus,</strong></span> 
     </span>
     <span class='ocr_line' id='line_1_28' title="bbox 161 2215 1792 2291; baseline 0.002 -15"><span class='ocrx_word' id='word_1_337' title='bbox 161 2219 318 2284; x_wconf 70' lang='lat' dir='ltr'><strong>(labellum</strong></span> <span class='ocrx_word' id='word_1_338' title='bbox 343 2216 511 2283; x_wconf 82' lang='lat' dir='ltr'><strong>Ariminum,</strong></span> <span class='ocrx_word' id='word_1_339' title='bbox 532 2215 672 2279; x_wconf 87' lang='lat' dir='ltr'><strong>Urbinum,</strong></span> <span class='ocrx_word' id='word_1_340' title='bbox 694 2215 951 2278; x_wconf 85' lang='lat' dir='ltr'><strong>ilontemicretmm,</strong></span> <span class='ocrx_word' id='word_1_341' title='bbox 1004 2218 1074 2272; x_wconf 86' lang='lat' dir='ltr'><strong>inbu</strong></span> <span class='ocrx_word' id='word_1_342' title='bbox 1091 2227 1153 2274; x_wconf 89' lang='lat' dir='ltr'><strong>octo</strong></span> <span class='ocrx_word' id='word_1_343' title='bbox 1166 2219 1223 2275; x_wconf 87' lang='lat' dir='ltr'><strong>dies</strong></span> <span class='ocrx_word' id='word_1_344' title='bbox 1236 2220 1476 2288; x_wconf 82' lang='lat' dir='ltr'><strong>premissaomnia</strong></span> <span class='ocrx_word' id='word_1_345' title='bbox 1495 2227 1522 2274; x_wconf 92' lang='lat' dir='ltr'><strong>et</strong></span> <span class='ocrx_word' id='word_1_346' title='bbox 1534 2221 1639 2291; x_wconf 89' lang='lat' dir='ltr'><strong>singula</strong></span> <span class='ocrx_word' id='word_1_347' title='bbox 1656 2223 1792 2279; x_wconf 84' lang='lat' dir='ltr'><strong>innovabi-</strong></span> 
     </span>
     <span class='ocr_line' id='line_1_29' title="bbox 162 2285 1726 2359; baseline 0 -12"><span class='ocrx_word' id='word_1_348' title='bbox 162 2289 330 2347; x_wconf 80' lang='lat' dir='ltr'><strong>territorium</strong></span> <span class='ocrx_word' id='word_1_349' title='bbox 336 2287 498 2353; x_wconf 74' lang='lat' dir='ltr'><strong>balnenseb,</strong></span> <span class='ocrx_word' id='word_1_350' title='bbox 507 2288 704 2356; x_wconf 81' lang='lat' dir='ltr'><strong>suprascriptas</strong></span> <span class='ocrx_word' id='word_1_351' title='bbox 713 2286 876 2357; x_wconf 81' lang='lat' dir='ltr'><strong>pmrincias,</strong></span> <span class='ocrx_word' id='word_1_352' title='bbox 885 2285 952 2340; x_wconf 87' lang='lat' dir='ltr'><strong>ciri·</strong></span> <span class='ocrx_word' id='word_1_353' title='bbox 1005 2303 1074 2353; x_wconf 87' lang='lat' dir='ltr'><strong>naus,</strong></span> <span class='ocrx_word' id='word_1_354' title='bbox 1088 2297 1116 2344; x_wconf 91' lang='lat' dir='ltr'><strong>et</strong></span> <span class='ocrx_word' id='word_1_355' title='bbox 1129 2289 1163 2344; x_wconf 90' lang='lat' dir='ltr'><strong>de</strong></span> <span class='ocrx_word' id='word_1_356' title='bbox 1176 2305 1245 2344; x_wconf 85' lang='lat' dir='ltr'><strong>novo</strong></span> <span class='ocrx_word' id='word_1_357' title='bbox 1263 2290 1365 2358; x_wconf 75' lang='lat' dir='ltr'><strong>integre</strong></span> <span class='ocrx_word' id='word_1_358' title='bbox 1378 2304 1411 2344; x_wconf 90' lang='lat' dir='ltr'><strong>ac</strong></span> <span class='ocrx_word' id='word_1_359' title='bbox 1423 2289 1544 2359; x_wconf 85' lang='lat' dir='ltr'><strong>plenarie</strong></span> <span class='ocrx_word' id='word_1_360' title='bbox 1556 2290 1686 2347; x_wconf 81' lang='lat' dir='ltr'><strong>iaciemus</strong></span> <span class='ocrx_word' id='word_1_361' title='bbox 1701 2293 1726 2346; x_wconf 71' lang='grc' dir='ltr'><strong>Ι.</strong></span> 
     </span>
     <span class='ocr_line' id='line_1_30' title="bbox 163 2355 1791 2425; baseline 0.001 -10"><span class='ocrx_word' id='word_1_362' title='bbox 163 2368 242 2423; x_wconf 84' lang='lat' dir='ltr'><strong>tates,</strong></span> <span class='ocrx_word' id='word_1_363' title='bbox 255 2359 324 2422; x_wconf 88' lang='lat' dir='ltr'><strong>loca,</strong></span> <span class='ocrx_word' id='word_1_364' title='bbox 337 2365 364 2411; x_wconf 90' lang='lat' dir='ltr'><strong>et</strong></span> <span class='ocrx_word' id='word_1_365' title='bbox 374 2356 520 2421; x_wconf 88' lang='lat' dir='ltr'><strong>territoria,</strong></span> <span class='ocrx_word' id='word_1_366' title='bbox 536 2371 647 2412; x_wconf 86' lang='lat' dir='ltr'><strong>necnon</strong></span> <span class='ocrx_word' id='word_1_367' title='bbox 658 2365 686 2412; x_wconf 90' lang='lat' dir='ltr'><strong>et</strong></span> <span class='ocrx_word' id='word_1_368' title='bbox 697 2355 788 2412; x_wconf 90' lang='lat' dir='ltr'><strong>omnia</strong></span> <span class='ocrx_word' id='word_1_369' title='bbox 800 2355 953 2425; x_wconf 88' lang='lat' dir='ltr'><strong>supradicta</strong></span> <span class='ocrx_word' id='word_1_370' title='bbox 1040 2358 1136 2413; x_wconf 80' lang='lat' dir='ltr'><strong>&#39;restes</strong></span> <span class='ocrx_word' id='word_1_371' title='bbox 1148 2368 1237 2414; x_wconf 90' lang='lat' dir='ltr'><strong>autem</strong></span> <span class='ocrx_word' id='word_1_372' title='bbox 1254 2359 1280 2414; x_wconf 93' lang='lat' dir='ltr'><strong>bi</strong></span> <span class='ocrx_word' id='word_1_373' title='bbox 1301 2368 1364 2414; x_wconf 92' lang='lat' dir='ltr'><strong>sunt</strong></span> <span class='ocrx_word' id='word_1_374' title='bbox 1380 2376 1387 2413; x_wconf 93' lang='lat'><strong>:</strong></span> <span class='ocrx_word' id='word_1_375' title='bbox 1403 2359 1571 2415; x_wconf 81' lang='lat' dir='ltr'><strong>uenerabiles</strong></span> <span class='ocrx_word' id='word_1_376' title='bbox 1582 2358 1737 2416; x_wconf 87' lang='lat' dir='ltr'><strong>Fridericus</strong></span> <span class='ocrx_word' id='word_1_377' title='bbox 1750 2376 1791 2416; x_wconf 89' lang='lat' dir='ltr'><strong>ar·</strong></span> 
     </span>
     <span class='ocr_line' id='line_1_31' title="bbox 163 2425 1792 2512; baseline 0 -27"><span class='ocrx_word' id='word_1_378' title='bbox 163 2444 225 2485; x_wconf 88' lang='lat' dir='ltr'><strong>curn</strong></span> <span class='ocrx_word' id='word_1_379' title='bbox 235 2428 361 2484; x_wconf 90' lang='lat' dir='ltr'><strong>omnibus</strong></span> <span class='ocrx_word' id='word_1_380' title='bbox 370 2426 478 2491; x_wconf 85' lang='lat' dir='ltr'><strong>linibus,</strong></span> <span class='ocrx_word' id='word_1_381' title='bbox 486 2427 728 2496; x_wconf 88' lang='lat' dir='ltr'><strong>territuriis,atque</strong></span> <span class='ocrx_word' id='word_1_382' title='bbox 738 2425 833 2480; x_wconf 89' lang='lat' dir='ltr'><strong>insulis</strong></span> <span class='ocrx_word' id='word_1_383' title='bbox 844 2426 871 2480; x_wconf 93' lang='lat' dir='ltr'><strong>in</strong></span> <span class='ocrx_word' id='word_1_384' title='bbox 881 2432 954 2480; x_wconf 87' lang='lat' dir='ltr'><strong>terra</strong></span> <span class='ocrx_word' id='word_1_385' title='bbox 1005 2427 1191 2499; x_wconf 89' lang='lat' dir='ltr'><strong>ebiepiseopus</strong></span> <span class='ocrx_word' id='word_1_386' title='bbox 1212 2428 1432 2500; x_wconf 83' lang='lat' dir='ltr'><strong>Salaburgensis,</strong></span> <span class='ocrx_word' id='word_1_387' title='bbox 1453 2427 1570 2484; x_wconf 86' lang='lat' dir='ltr'><strong>loannes</strong></span> <span class='ocrx_word' id='word_1_388' title='bbox 1592 2429 1751 2512; x_wconf 56' lang='lat' dir='ltr'><strong>dulmensis,</strong></span> <span class='ocrx_word' id='word_1_389' title='bbox 1768 2438 1792 2485; x_wconf 90' lang='lat' dir='ltr'><strong>et</strong></span> 
     </span>
     <span class='ocr_line' id='line_1_32' title="bbox 164 2495 1792 2570; baseline -0.001 -17"><span class='ocrx_word' id='word_1_390' title='bbox 164 2499 296 2569; x_wconf 88' lang='lat' dir='ltr'><strong>marique,</strong></span> <span class='ocrx_word' id='word_1_391' title='bbox 304 2497 505 2565; x_wconf 85' lang='lat' dir='ltr'><strong>adprovincius,</strong></span> <span class='ocrx_word' id='word_1_392' title='bbox 514 2496 645 2561; x_wconf 87' lang='lat' dir='ltr'><strong>civitates,</strong></span> <span class='ocrx_word' id='word_1_393' title='bbox 654 2495 799 2561; x_wconf 91' lang='lat' dir='ltr'><strong>territoria,</strong></span> <span class='ocrx_word' id='word_1_394' title='bbox 810 2495 901 2551; x_wconf 87' lang='lat' dir='ltr'><strong>etloca</strong></span> <span class='ocrx_word' id='word_1_395' title='bbox 910 2509 955 2549; x_wconf 89' lang='lat' dir='ltr'><strong>su·</strong></span> <span class='ocrx_word' id='word_1_396' title='bbox 1005 2497 1191 2555; x_wconf 87' lang='lat' dir='ltr'><strong>Wernbardus</strong></span> <span class='ocrx_word' id='word_1_397' title='bbox 1207 2498 1376 2554; x_wconf 80' lang='lat' dir='ltr'><strong>Secoriensis</strong></span> <span class='ocrx_word' id='word_1_398' title='bbox 1392 2497 1569 2554; x_wconf 87' lang='lat' dir='ltr'><strong>ecclesiarum</strong></span> <span class='ocrx_word' id='word_1_399' title='bbox 1581 2501 1719 2570; x_wconf 80' lang='lat' dir='ltr'><strong>episcopi;</strong></span> <span class='ocrx_word' id='word_1_400' title='bbox 1739 2499 1792 2556; x_wconf 82' lang='lat' dir='ltr'><strong>Gil-</strong></span> 
     </span>
     <span class='ocr_line' id='line_1_33' title="bbox 162 2563 1792 2638; baseline 0.001 -16"><span class='ocrx_word' id='word_1_401' title='bbox 162 2568 285 2638; x_wconf 74' lang='lat' dir='ltr'><strong>predicta</strong></span> <span class='ocrx_word' id='word_1_402' title='bbox 296 2567 486 2636; x_wconf 81' lang='lat' dir='ltr'><strong>quoquomodo</strong></span> <span class='ocrx_word' id='word_1_403' title='bbox 501 2565 709 2635; x_wconf 88' lang='lat' dir='ltr'><strong>pertinentibus,</strong></span> <span class='ocrx_word' id='word_1_404' title='bbox 729 2564 763 2620; x_wconf 90' lang='lat' dir='ltr'><strong>ad</strong></span> <span class='ocrx_word' id='word_1_405' title='bbox 779 2566 889 2620; x_wconf 88' lang='lat' dir='ltr'><strong>beatum</strong></span> <span class='ocrx_word' id='word_1_406' title='bbox 905 2563 956 2619; x_wconf 86' lang='lat' dir='ltr'><strong>Pe·</strong></span> <span class='ocrx_word' id='word_1_407' title='bbox 1005 2565 1091 2623; x_wconf 85' lang='lat' dir='ltr'><strong>iridos</strong></span> <span class='ocrx_word' id='word_1_408' title='bbox 1105 2569 1223 2624; x_wconf 87' lang='lat' dir='ltr'><strong>decanus</strong></span> <span class='ocrx_word' id='word_1_409' title='bbox 1243 2567 1364 2623; x_wconf 72' lang='lat' dir='ltr'><strong>ecclesiae</strong></span> <span class='ocrx_word' id='word_1_410' title='bbox 1376 2568 1462 2623; x_wconf 81' lang='lat' dir='ltr'><strong>sancd</strong></span> <span class='ocrx_word' id='word_1_411' title='bbox 1475 2568 1621 2623; x_wconf 78' lang='lat' dir='ltr'><strong>Aodonmri</strong></span> <span class='ocrx_word' id='word_1_412' title='bbox 1635 2569 1792 2625; x_wconf 83' lang='lat' dir='ltr'><strong>llorincnsis</strong></span> 
     </span>
     <span class='ocr_line' id='line_1_34' title="bbox 163 2633 1792 2708; baseline 0.001 -16"><span class='ocrx_word' id='word_1_413' title='bbox 163 2645 235 2692; x_wconf 79' lang='lat' dir='ltr'><strong>trram</strong></span> <span class='ocrx_word' id='word_1_414' title='bbox 245 2635 363 2692; x_wconf 70' lang='lat' dir='ltr'><strong>coeloetis</strong></span> <span class='ocrx_word' id='word_1_415' title='bbox 374 2636 450 2708; x_wconf 88' lang='lat' dir='ltr'><strong>regni</strong></span> <span class='ocrx_word' id='word_1_416' title='bbox 461 2635 634 2706; x_wconf 85' lang='lat' dir='ltr'><strong>clavigerum,</strong></span> <span class='ocrx_word' id='word_1_417' title='bbox 642 2636 763 2691; x_wconf 81' lang='lat' dir='ltr'><strong>etadros</strong></span> <span class='ocrx_word' id='word_1_418' title='bbox 772 2642 876 2706; x_wconf 88' lang='lat' dir='ltr'><strong>patrem</strong></span> <span class='ocrx_word' id='word_1_419' title='bbox 888 2633 954 2689; x_wconf 88' lang='lat' dir='ltr'><strong>bea·</strong></span> <span class='ocrx_word' id='word_1_420' title='bbox 1006 2637 1153 2693; x_wconf 75' lang='lat' dir='ltr'><strong>dicereseos</strong></span> <span class='ocrx_word' id='word_1_421' title='bbox 1164 2637 1265 2695; x_wconf 89' lang='lat' dir='ltr'><strong>domini</strong></span> <span class='ocrx_word' id='word_1_422' title='bbox 1278 2651 1353 2706; x_wconf 72' lang='lat' dir='ltr'><strong>papae</strong></span> <span class='ocrx_word' id='word_1_423' title='bbox 1365 2638 1548 2707; x_wconf 87' lang='lat' dir='ltr'><strong>cappellanus,</strong></span> <span class='ocrx_word' id='word_1_424' title='bbox 1563 2638 1698 2694; x_wconf 86' lang='lat' dir='ltr'><strong>lienrieus</strong></span> <span class='ocrx_word' id='word_1_425' title='bbox 1710 2639 1792 2694; x_wconf 86' lang='lat' dir='ltr'><strong>abbas</strong></span> 
     </span>
     <span class='ocr_line' id='line_1_35' title="bbox 163 2702 1791 2776; baseline 0.001 -14"><span class='ocrx_word' id='word_1_426' title='bbox 163 2708 298 2763; x_wconf 85' lang='lat' dir='ltr'><strong>tissimum</strong></span> <span class='ocrx_word' id='word_1_427' title='bbox 317 2707 455 2763; x_wconf 90' lang='lat' dir='ltr'><strong>dominum</strong></span> <span class='ocrx_word' id='word_1_428' title='bbox 477 2702 616 2761; x_wconf 87' lang='lat' dir='ltr'><strong>Nicolaum</strong></span> <span class='ocrx_word' id='word_1_429' title='bbox 631 2720 728 2776; x_wconf 87' lang='lat' dir='ltr'><strong>papam</strong></span> <span class='ocrx_word' id='word_1_430' title='bbox 741 2706 861 2770; x_wconf 87' lang='lat' dir='ltr'><strong>tertium,</strong></span> <span class='ocrx_word' id='word_1_431' title='bbox 872 2711 900 2759; x_wconf 89' lang='lat' dir='ltr'><strong>ct</strong></span> <span class='ocrx_word' id='word_1_432' title='bbox 921 2704 955 2758; x_wconf 88' lang='lat' dir='ltr'><strong>ad</strong></span> <span class='ocrx_word' id='word_1_433' title='bbox 1005 2705 1213 2773; x_wconf 70' lang='lat' dir='ltr'><strong>belmontensis,</strong></span> <span class='ocrx_word' id='word_1_434' title='bbox 1236 2706 1361 2763; x_wconf 86' lang='lat' dir='ltr'><strong>Nicolaus</strong></span> <span class='ocrx_word' id='word_1_435' title='bbox 1385 2707 1591 2764; x_wconf 84' lang='lat' dir='ltr'><strong>archidiaconus</strong></span> <span class='ocrx_word' id='word_1_436' title='bbox 1612 2707 1791 2775; x_wconf 68' lang='lat' dir='ltr'><strong>redemere</strong></span> 
     </span>
     <span class='ocr_line' id='line_1_36' title="bbox 163 2774 1792 2845; baseline 0.001 -13"><span class='ocrx_word' id='word_1_437' title='bbox 163 2785 452 2833; x_wconf 81' lang='lat' dir='ltr'><strong>mccessoresrestros</strong></span> <span class='ocrx_word' id='word_1_438' title='bbox 465 2776 600 2831; x_wconf 77' lang='lat' dir='ltr'><strong>Romanos</strong></span> <span class='ocrx_word' id='word_1_439' title='bbox 610 2774 760 2845; x_wconf 88' lang='lat' dir='ltr'><strong>pontilloes,</strong></span> <span class='ocrx_word' id='word_1_440' title='bbox 775 2784 803 2831; x_wconf 92' lang='lat' dir='ltr'><strong>et</strong></span> <span class='ocrx_word' id='word_1_441' title='bbox 821 2775 855 2830; x_wconf 89' lang='lat' dir='ltr'><strong>ad</strong></span> <span class='ocrx_word' id='word_1_442' title='bbox 870 2775 955 2844; x_wconf 88' lang='lat' dir='ltr'><strong>ipsam</strong></span> <span class='ocrx_word' id='word_1_443' title='bbox 1005 2775 1125 2832; x_wconf 88' lang='lat' dir='ltr'><strong>illustres</strong></span> <span class='ocrx_word' id='word_1_444' title='bbox 1146 2778 1273 2833; x_wconf 80' lang='lat' dir='ltr'><strong>albertus</strong></span> <span class='ocrx_word' id='word_1_445' title='bbox 1294 2785 1322 2831; x_wconf 90' lang='lat' dir='ltr'><strong>et</strong></span> <span class='ocrx_word' id='word_1_446' title='bbox 1347 2777 1530 2833; x_wconf 83' lang='lat' dir='ltr'><strong>Hartmannus</strong></span> <span class='ocrx_word' id='word_1_447' title='bbox 1552 2776 1652 2833; x_wconf 84' lang='lat' dir='ltr'><strong>iratres</strong></span> <span class='ocrx_word' id='word_1_448' title='bbox 1667 2779 1701 2833; x_wconf 91' lang='lat' dir='ltr'><strong>de</strong></span> <span class='ocrx_word' id='word_1_449' title='bbox 1725 2777 1792 2834; x_wconf 75' lang='lat' dir='ltr'><strong>liab-</strong></span> 
     </span>
     <span class='ocr_line' id='line_1_37' title="bbox 163 2844 1790 2929; baseline -0.001 -27"><span class='ocrx_word' id='word_1_450' title='bbox 163 2847 311 2903; x_wconf 83' lang='lat' dir='ltr'><strong>Eoclesiam</strong></span> <span class='ocrx_word' id='word_1_451' title='bbox 336 2846 486 2901; x_wconf 85' lang='lat' dir='ltr'><strong>Romanam</strong></span> <span class='ocrx_word' id='word_1_452' title='bbox 501 2844 580 2915; x_wconf 92' lang='lat' dir='ltr'><strong>pleno</strong></span> <span class='ocrx_word' id='word_1_453' title='bbox 592 2845 663 2927; x_wconf 77' lang='lat' dir='ltr'><strong>jure,</strong></span> <span class='ocrx_word' id='word_1_454' title='bbox 678 2860 709 2900; x_wconf 90' lang='lat' dir='ltr'><strong>ac</strong></span> <span class='ocrx_word' id='word_1_455' title='bbox 725 2845 828 2916; x_wconf 78' lang='lat' dir='ltr'><strong>integre</strong></span> <span class='ocrx_word' id='word_1_456' title='bbox 842 2860 896 2899; x_wconf 94' lang='lat' dir='ltr'><strong>non</strong></span> <span class='ocrx_word' id='word_1_457' title='bbox 911 2857 956 2898; x_wconf 90' lang='lat' dir='ltr'><strong>so·</strong></span> <span class='ocrx_word' id='word_1_458' title='bbox 1005 2848 1104 2916; x_wconf 85' lang='lat' dir='ltr'><strong>spurela</strong></span> <span class='ocrx_word' id='word_1_459' title='bbox 1126 2860 1153 2903; x_wconf 89' lang='lat' dir='ltr'><strong>et</strong></span> <span class='ocrx_word' id='word_1_460' title='bbox 1170 2850 1203 2904; x_wconf 90' lang='lat' dir='ltr'><strong>de</strong></span> <span class='ocrx_word' id='word_1_461' title='bbox 1223 2847 1350 2917; x_wconf 90' lang='lat' dir='ltr'><strong>llyburcb</strong></span> <span class='ocrx_word' id='word_1_462' title='bbox 1368 2846 1494 2909; x_wconf 89' lang='lat' dir='ltr'><strong>comites,</strong></span> <span class='ocrx_word' id='word_1_463' title='bbox 1511 2847 1655 2929; x_wconf 77' lang='lat' dir='ltr'><strong>lantgravii</strong></span> <span class='ocrx_word' id='word_1_464' title='bbox 1672 2847 1790 2910; x_wconf 79' lang='lat' dir='ltr'><strong>Alsatiac,</strong></span> 
     </span>
     <span class='ocr_line' id='line_1_38' title="bbox 163 2911 1792 2985; baseline 0 -14"><span class='ocrx_word' id='word_1_465' title='bbox 163 2916 219 2971; x_wconf 92' lang='lat' dir='ltr'><strong>lum</strong></span> <span class='ocrx_word' id='word_1_466' title='bbox 241 2917 268 2971; x_wconf 90' lang='lat' dir='ltr'><strong>in</strong></span> <span class='ocrx_word' id='word_1_467' title='bbox 286 2915 484 2984; x_wconf 88' lang='lat' dir='ltr'><strong>spiritualibus,</strong></span> <span class='ocrx_word' id='word_1_468' title='bbox 503 2916 550 2969; x_wconf 90' lang='lat' dir='ltr'><strong>sed</strong></span> <span class='ocrx_word' id='word_1_469' title='bbox 566 2923 647 2968; x_wconf 86' lang='lat' dir='ltr'><strong>etraru</strong></span> <span class='ocrx_word' id='word_1_470' title='bbox 663 2915 690 2968; x_wconf 94' lang='lat' dir='ltr'><strong>in</strong></span> <span class='ocrx_word' id='word_1_471' title='bbox 704 2914 913 2985; x_wconf 84' lang='lat' dir='ltr'><strong>temporalibus,</strong></span> <span class='ocrx_word' id='word_1_472' title='bbox 928 2911 954 2968; x_wconf 92' lang='lat' dir='ltr'><strong>in</strong></span> <span class='ocrx_word' id='word_1_473' title='bbox 1005 2916 1054 2972; x_wconf 86' lang='lat' dir='ltr'><strong>biii</strong></span> <span class='ocrx_word' id='word_1_474' title='bbox 1068 2918 1247 2983; x_wconf 90' lang='lat' dir='ltr'><strong>nustri;acs</strong></span> <span class='ocrx_word' id='word_1_475' title='bbox 1300 2916 1456 2971; x_wconf 79' lang='lat' dir='ltr'><strong>tabilesriri</strong></span> <span class='ocrx_word' id='word_1_476' title='bbox 1471 2916 1669 2972; x_wconf 83' lang='lat' dir='ltr'><strong>l&#39;rideneusbu</strong></span> <span class='ocrx_word' id='word_1_477' title='bbox 1704 2917 1792 2971; x_wconf 82' lang='lat' dir='ltr'><strong>carim</strong></span> 
     </span>
     <span class='ocr_line' id='line_1_39' title="bbox 163 2932 1792 3056; baseline 0.002 -16"><span class='ocrx_word' id='word_1_478' title='bbox 163 2987 278 3041; x_wconf 91' lang='lat' dir='ltr'><strong>solidum</strong></span> <span class='ocrx_word' id='word_1_479' title='bbox 291 2986 436 3055; x_wconf 84' lang='lat' dir='ltr'><strong>pertinere,</strong></span> <span class='ocrx_word' id='word_1_480' title='bbox 450 3000 482 3038; x_wconf 88' lang='lat' dir='ltr'><strong>ac</strong></span> <span class='ocrx_word' id='word_1_481' title='bbox 492 2985 576 3047; x_wconf 76' lang='lat' dir='ltr'><strong>uestri</strong></span> <span class='ocrx_word' id='word_1_482' title='bbox 586 2992 613 3038; x_wconf 90' lang='lat' dir='ltr'><strong>et</strong></span> <span class='ocrx_word' id='word_1_483' title='bbox 625 2984 709 3054; x_wconf 89' lang='lat' dir='ltr'><strong>ipsius</strong></span> <span class='ocrx_word' id='word_1_484' title='bbox 721 2985 849 3039; x_wconf 77' lang='lat' dir='ltr'><strong>nomana</strong></span> <span class='ocrx_word' id='word_1_485' title='bbox 864 2982 957 3039; x_wconf 85' lang='lat' dir='ltr'><strong>Eccle-</strong></span> <span class='ocrx_word' id='word_1_486' title='bbox 1006 2985 1239 3051; x_wconf 84' lang='lat' dir='ltr'><strong>deliurembercb‚</strong></span> <span class='ocrx_word' id='word_1_487' title='bbox 1248 2933 1393 3041; x_wconf 52' lang='lat' dir='ltr'><strong>muricus</strong></span> <span class='ocrx_word' id='word_1_488' title='bbox 1403 2932 1792 3056; x_wconf 45' lang='lat' dir='ltr'><strong>llarcbiodellabperrcffidiur-</strong></span> 
     </span>
     <span class='ocr_line' id='line_1_40' title="bbox 162 3053 1792 3129; baseline -0.001 -17"><span class='ocrx_word' id='word_1_489' title='bbox 162 3057 211 3112; x_wconf 85' lang='lat' dir='ltr'><strong>siae</strong></span> <span class='ocrx_word' id='word_1_490' title='bbox 223 3055 295 3124; x_wconf 90' lang='lat' dir='ltr'><strong>pleni</strong></span> <span class='ocrx_word' id='word_1_491' title='bbox 308 3053 389 3122; x_wconf 85' lang='lat' dir='ltr'><strong>juris,</strong></span> <span class='ocrx_word' id='word_1_492' title='bbox 404 3054 521 3116; x_wconf 88' lang='lat' dir='ltr'><strong>ditionis,</strong></span> <span class='ocrx_word' id='word_1_493' title='bbox 538 3069 570 3109; x_wconf 88' lang='lat' dir='ltr'><strong>ae</strong></span> <span class='ocrx_word' id='word_1_494' title='bbox 580 3053 748 3124; x_wconf 86' lang='lat' dir='ltr'><strong>principatus</strong></span> <span class='ocrx_word' id='word_1_495' title='bbox 762 3055 878 3109; x_wconf 86' lang='lat' dir='ltr'><strong>existere</strong></span> <span class='ocrx_word' id='word_1_496' title='bbox 893 3064 916 3106; x_wconf 72' lang='lat'><strong>⁰.</strong></span> <span class='ocrx_word' id='word_1_497' title='bbox 1006 3057 1122 3113; x_wconf 87' lang='lat' dir='ltr'><strong>ebardus</strong></span> <span class='ocrx_word' id='word_1_498' title='bbox 1132 3058 1165 3112; x_wconf 87' lang='lat' dir='ltr'><strong>de</strong></span> <span class='ocrx_word' id='word_1_499' title='bbox 1175 3057 1257 3129; x_wconf 71' lang='lat'><strong>520</strong></span> <span class='ocrx_word' id='word_1_500' title='bbox 1266 3055 1458 3119; x_wconf 85' lang='lat' dir='ltr'><strong>liobenbercb,</strong></span> <span class='ocrx_word' id='word_1_501' title='bbox 1476 3065 1503 3111; x_wconf 92' lang='lat' dir='ltr'><strong>et</strong></span> <span class='ocrx_word' id='word_1_502' title='bbox 1514 3057 1658 3111; x_wconf 85' lang='lat' dir='ltr'><strong>lleinricus</strong></span> <span class='ocrx_word' id='word_1_503' title='bbox 1668 3056 1704 3112; x_wconf 88' lang='lat' dir='ltr'><strong>de</strong></span> <span class='ocrx_word' id='word_1_504' title='bbox 1714 3056 1792 3111; x_wconf 79' lang='lat' dir='ltr'><strong>Fars-</strong></span> 
     </span>
     <span class='ocr_line' id='line_1_41' title="bbox 200 3111 1792 3197; baseline 0.002 -19"><span class='ocrx_word' id='word_1_505' title='bbox 200 3125 233 3179; x_wconf 79' lang='lat' dir='ltr'><strong>Et</strong></span> <span class='ocrx_word' id='word_1_506' title='bbox 247 3124 280 3178; x_wconf 87' lang='lat' dir='ltr'><strong>ad</strong></span> <span class='ocrx_word' id='word_1_507' title='bbox 293 3139 401 3178; x_wconf 91' lang='lat' dir='ltr'><strong>omnem</strong></span> <span class='ocrx_word' id='word_1_508' title='bbox 414 3122 590 3179; x_wconf 89' lang='lat' dir='ltr'><strong>dubitationis</strong></span> <span class='ocrx_word' id='word_1_509' title='bbox 602 3122 757 3194; x_wconf 89' lang='lat' dir='ltr'><strong>scrupulum</strong></span> <span class='ocrx_word' id='word_1_510' title='bbox 774 3123 800 3178; x_wconf 91' lang='lat' dir='ltr'><strong>in</strong></span> <span class='ocrx_word' id='word_1_511' title='bbox 813 3130 952 3192; x_wconf 89' lang='lat' dir='ltr'><strong>postemm</strong></span> <span class='ocrx_word' id='word_1_512' title='bbox 965 3111 992 3176; x_wconf 73' lang='grc' dir='ltr'><strong>ὓ</strong></span> <span class='ocrx_word' id='word_1_513' title='bbox 1006 3128 1134 3184; x_wconf 89' lang='lat' dir='ltr'><strong>teubercb</strong></span> <span class='ocrx_word' id='word_1_514' title='bbox 1144 3129 1266 3190; x_wconf 76' lang='lat' dir='ltr'><strong>mussites,</strong></span> <span class='ocrx_word' id='word_1_515' title='bbox 1277 3126 1424 3194; x_wconf 73' lang='lat' dir='ltr'><strong>lleinricus</strong></span> <span class='ocrx_word' id='word_1_516' title='bbox 1433 3125 1610 3181; x_wconf 81' lang='lat' dir='ltr'><strong>Sluzrellinus</strong></span> <span class='ocrx_word' id='word_1_517' title='bbox 1621 3126 1792 3197; x_wconf 73' lang='lat' dir='ltr'><strong>cappelhnua</strong></span> 
     </span>
     <span class='ocr_line' id='line_1_42' title="bbox 164 3192 1791 3268; baseline 0.001 -19"><span class='ocrx_word' id='word_1_518' title='bbox 164 3194 337 3259; x_wconf 85' lang='lat' dir='ltr'><strong>abolendum,</strong></span> <span class='ocrx_word' id='word_1_519' title='bbox 349 3203 377 3248; x_wconf 92' lang='lat' dir='ltr'><strong>et</strong></span> <span class='ocrx_word' id='word_1_520' title='bbox 391 3201 421 3245; x_wconf 93' lang='lat' dir='ltr'><strong>ut</strong></span> <span class='ocrx_word' id='word_1_521' title='bbox 432 3201 524 3247; x_wconf 85' lang='lat' dir='ltr'><strong>nostra</strong></span> <span class='ocrx_word' id='word_1_522' title='bbox 539 3192 645 3247; x_wconf 80' lang='lat' dir='ltr'><strong>devotio</strong></span> <span class='ocrx_word' id='word_1_523' title='bbox 657 3207 721 3262; x_wconf 90' lang='lat' dir='ltr'><strong>erga</strong></span> <span class='ocrx_word' id='word_1_524' title='bbox 736 3193 822 3263; x_wconf 88' lang='lat' dir='ltr'><strong>ipsam</strong></span> <span class='ocrx_word' id='word_1_525' title='bbox 838 3202 952 3247; x_wconf 89' lang='lat' dir='ltr'><strong>matrem</strong></span> <span class='ocrx_word' id='word_1_526' title='bbox 1004 3206 1113 3262; x_wconf 91' lang='lat' dir='ltr'><strong>noster,</strong></span> <span class='ocrx_word' id='word_1_527' title='bbox 1133 3197 1260 3268; x_wconf 80' lang='lat' dir='ltr'><strong>raugister</strong></span> <span class='ocrx_word' id='word_1_528' title='bbox 1275 3197 1436 3251; x_wconf 84' lang='lat' dir='ltr'><strong>Cbunradus</strong></span> <span class='ocrx_word' id='word_1_529' title='bbox 1457 3197 1490 3251; x_wconf 90' lang='lat' dir='ltr'><strong>de</strong></span> <span class='ocrx_word' id='word_1_530' title='bbox 1509 3195 1716 3266; x_wconf 87' lang='lat' dir='ltr'><strong>llerwelingen,</strong></span> <span class='ocrx_word' id='word_1_531' title='bbox 1736 3211 1791 3250; x_wconf 85' lang='lat' dir='ltr'><strong>ma-</strong></span> 
     </span>
     <span class='ocr_line' id='line_1_43' title="bbox 163 3261 1793 3338; baseline 0.002 -19"><span class='ocrx_word' id='word_1_532' title='bbox 163 3263 311 3320; x_wconf 77' lang='lat' dir='ltr'><strong>Ecclesiam</strong></span> <span class='ocrx_word' id='word_1_533' title='bbox 325 3262 426 3318; x_wconf 73' lang='lat' dir='ltr'><strong>clarium</strong></span> <span class='ocrx_word' id='word_1_534' title='bbox 447 3263 586 3327; x_wconf 87' lang='lat' dir='ltr'><strong>enitescat,</strong></span> <span class='ocrx_word' id='word_1_535' title='bbox 602 3261 731 3332; x_wconf 70' lang='lat' dir='ltr'><strong>praedicta</strong></span> <span class='ocrx_word' id='word_1_536' title='bbox 743 3262 835 3317; x_wconf 89' lang='lat' dir='ltr'><strong>omnia</strong></span> <span class='ocrx_word' id='word_1_537' title='bbox 851 3272 879 3317; x_wconf 92' lang='lat' dir='ltr'><strong>ct</strong></span> <span class='ocrx_word' id='word_1_538' title='bbox 894 3263 953 3318; x_wconf 91' lang='lat' dir='ltr'><strong>sin·</strong></span> <span class='ocrx_word' id='word_1_539' title='bbox 1003 3267 1089 3338; x_wconf 89' lang='lat' dir='ltr'><strong>gister</strong></span> <span class='ocrx_word' id='word_1_540' title='bbox 1099 3267 1218 3337; x_wconf 84' lang='lat' dir='ltr'><strong>Angelus</strong></span> <span class='ocrx_word' id='word_1_541' title='bbox 1236 3267 1383 3322; x_wconf 90' lang='lat' dir='ltr'><strong>eanonicus</strong></span> <span class='ocrx_word' id='word_1_542' title='bbox 1396 3267 1483 3322; x_wconf 90' lang='lat' dir='ltr'><strong>sancti</strong></span> <span class='ocrx_word' id='word_1_543' title='bbox 1498 3265 1633 3321; x_wconf 83' lang='lat' dir='ltr'><strong>Valentini</strong></span> <span class='ocrx_word' id='word_1_544' title='bbox 1650 3266 1684 3321; x_wconf 87' lang='lat' dir='ltr'><strong>de</strong></span> <span class='ocrx_word' id='word_1_545' title='bbox 1697 3266 1793 3322; x_wconf 78' lang='lat' dir='ltr'><strong>Feren-</strong></span> 
     </span>
    </p>
   </div>
   <div class='ocr_carea' id='block_1_3' title="bbox 155 3394 1800 4932">
    <p class='ocr_par' dir='ltr' id='par_1_3' title="bbox 155 3394 1800 4932">
     <span class='ocr_line' id='line_1_44' title="bbox 200 3394 1792 3471; baseline 0.003 -20"><span class='ocrx_word' id='word_1_546' title='bbox 200 3409 214 3439; x_wconf 83' lang='lat'><strong>·</strong></span> <span class='ocrx_word' id='word_1_547' title='bbox 233 3396 289 3452; x_wconf 86' lang='lat' dir='ltr'><strong>llac</strong></span> <span class='ocrx_word' id='word_1_548' title='bbox 304 3396 337 3452; x_wconf 89' lang='lat' dir='ltr'><strong>de</strong></span> <span class='ocrx_word' id='word_1_549' title='bbox 356 3411 386 3452; x_wconf 87' lang='lat' dir='ltr'><strong>re</strong></span> <span class='ocrx_word' id='word_1_550' title='bbox 409 3395 515 3451; x_wconf 88' lang='lat' dir='ltr'><strong>abunde</strong></span> <span class='ocrx_word' id='word_1_551' title='bbox 535 3402 578 3449; x_wconf 91' lang='lat' dir='ltr'><strong>est</strong></span> <span class='ocrx_word' id='word_1_552' title='bbox 598 3394 698 3450; x_wconf 92' lang='lat' dir='ltr'><strong>dictum</strong></span> <span class='ocrx_word' id='word_1_553' title='bbox 718 3395 745 3449; x_wconf 91' lang='lat' dir='ltr'><strong>ln</strong></span> <span class='ocrx_word' id='word_1_554' title='bbox 764 3395 954 3451; x_wconf 89' lang='lat' dir='ltr'><strong>dissertatione</strong></span> <span class='ocrx_word' id='word_1_555' title='bbox 1003 3398 1067 3468; x_wconf 79' lang='lat' dir='ltr'><strong>gotii</strong></span> <span class='ocrx_word' id='word_1_556' title='bbox 1079 3398 1250 3471; x_wconf 84' lang='lat' dir='ltr'><strong>pontificibus</strong></span> <span class='ocrx_word' id='word_1_557' title='bbox 1263 3396 1436 3462; x_wconf 88' lang='lat' dir='ltr'><strong>lacesserent,</strong></span> <span class='ocrx_word' id='word_1_558' title='bbox 1454 3404 1543 3452; x_wconf 92' lang='lat' dir='ltr'><strong>tamen</strong></span> <span class='ocrx_word' id='word_1_559' title='bbox 1560 3395 1707 3452; x_wconf 87' lang='lat' dir='ltr'><strong>eoncordia</strong></span> <span class='ocrx_word' id='word_1_560' title='bbox 1724 3397 1792 3456; x_wconf 83' lang='lat' dir='ltr'><strong>tatu</strong></span> 
     </span>
     <span class='ocr_line' id='line_1_45' title="bbox 164 3466 1792 3540; baseline -0.001 -19"><span class='ocrx_word' id='word_1_561' title='bbox 164 3466 374 3540; x_wconf 71' lang='lat' dir='ltr'><strong>(nominem).</strong></span> <span class='ocrx_word' id='word_1_562' title='bbox 1003 3470 1182 3524; x_wconf 70' lang='lat' dir='ltr'><strong>secerdotium</strong></span> <span class='ocrx_word' id='word_1_563' title='bbox 1205 3478 1232 3522; x_wconf 90' lang='lat' dir='ltr'><strong>et</strong></span> <span class='ocrx_word' id='word_1_564' title='bbox 1253 3468 1393 3538; x_wconf 90' lang='lat' dir='ltr'><strong>imperium</strong></span> <span class='ocrx_word' id='word_1_565' title='bbox 1416 3474 1550 3531; x_wconf 87' lang='lat' dir='ltr'><strong>manente,</strong></span> <span class='ocrx_word' id='word_1_566' title='bbox 1575 3468 1666 3520; x_wconf 90' lang='lat' dir='ltr'><strong>omnia</strong></span> <span class='ocrx_word' id='word_1_567' title='bbox 1690 3467 1717 3521; x_wconf 93' lang='lat' dir='ltr'><strong>in</strong></span> <span class='ocrx_word' id='word_1_568' title='bbox 1737 3476 1792 3520; x_wconf 91' lang='lat' dir='ltr'><strong>tuto</strong></span> 
     </span>
     <span class='ocr_line' id='line_1_46' title="bbox 203 3533 1791 3606; baseline -0.001 -15"><span class='ocrx_word' id='word_1_569' title='bbox 203 3538 261 3592; x_wconf 74' lang='lat' dir='ltr'><strong>rto</strong></span> <span class='ocrx_word' id='word_1_570' title='bbox 278 3536 365 3590; x_wconf 85' lang='lat' dir='ltr'><strong>lornra</strong></span> <span class='ocrx_word' id='word_1_571' title='bbox 379 3548 461 3604; x_wconf 71' lang='lat' dir='ltr'><strong>mam</strong></span> <span class='ocrx_word' id='word_1_572' title='bbox 479 3533 606 3589; x_wconf 85' lang='lat' dir='ltr'><strong>Nicolaus</strong></span> <span class='ocrx_word' id='word_1_573' title='bbox 627 3549 702 3590; x_wconf 89' lang='lat' dir='ltr'><strong>more</strong></span> <span class='ocrx_word' id='word_1_574' title='bbox 723 3533 952 3606; x_wconf 77' lang='lat' dir='ltr'><strong>predecessomm</strong></span> <span class='ocrx_word' id='word_1_575' title='bbox 1002 3548 1089 3594; x_wconf 87' lang='lat' dir='ltr'><strong>erant.</strong></span> <span class='ocrx_word' id='word_1_576' title='bbox 1113 3538 1179 3593; x_wconf 86' lang='lat' dir='ltr'><strong>Nam</strong></span> <span class='ocrx_word' id='word_1_577' title='bbox 1199 3547 1334 3595; x_wconf 79' lang='lat' dir='ltr'><strong>renovatae</strong></span> <span class='ocrx_word' id='word_1_578' title='bbox 1348 3536 1410 3592; x_wconf 90' lang='lat' dir='ltr'><strong>huie</strong></span> <span class='ocrx_word' id='word_1_579' title='bbox 1421 3546 1503 3591; x_wconf 75' lang='lat' dir='ltr'><strong>marta</strong></span> <span class='ocrx_word' id='word_1_580' title='bbox 1518 3536 1652 3605; x_wconf 86' lang='lat' dir='ltr'><strong>majestati</strong></span> <span class='ocrx_word' id='word_1_581' title='bbox 1673 3535 1791 3605; x_wconf 83' lang='lat' dir='ltr'><strong>ingenita</strong></span> 
     </span>
     <span class='ocr_line' id='line_1_47' title="bbox 165 3604 1800 3677; baseline 0 -16"><span class='ocrx_word' id='word_1_582' title='bbox 165 3606 308 3677; x_wconf 78' lang='lat' dir='ltr'><strong>liudolpho</strong></span> <span class='ocrx_word' id='word_1_583' title='bbox 327 3605 502 3676; x_wconf 75' lang='lat' dir='ltr'><strong>praescripsit,</strong></span> <span class='ocrx_word' id='word_1_584' title='bbox 518 3615 548 3657; x_wconf 90' lang='lat' dir='ltr'><strong>ut</strong></span> <span class='ocrx_word' id='word_1_585' title='bbox 565 3605 655 3659; x_wconf 84' lang='lat' dir='ltr'><strong>videre</strong></span> <span class='ocrx_word' id='word_1_586' title='bbox 665 3614 716 3668; x_wconf 87' lang='lat' dir='ltr'><strong>est,</strong></span> <span class='ocrx_word' id='word_1_587' title='bbox 728 3604 840 3659; x_wconf 87' lang='lat' dir='ltr'><strong>relatam</strong></span> <span class='ocrx_word' id='word_1_588' title='bbox 852 3621 866 3658; x_wconf 91' lang='lat' dir='ltr'><strong>a</strong></span> <span class='ocrx_word' id='word_1_589' title='bbox 880 3604 952 3676; x_wconf 83' lang='lat' dir='ltr'><strong>Ray·</strong></span> <span class='ocrx_word' id='word_1_590' title='bbox 1002 3618 1043 3663; x_wconf 90' lang='lat' dir='ltr'><strong>est</strong></span> <span class='ocrx_word' id='word_1_591' title='bbox 1054 3608 1174 3664; x_wconf 79' lang='lat' dir='ltr'><strong>debrrrsio</strong></span> <span class='ocrx_word' id='word_1_592' title='bbox 1188 3607 1325 3672; x_wconf 74' lang='lat' dir='ltr'><strong>Ecclesia,</strong></span> <span class='ocrx_word' id='word_1_593' title='bbox 1342 3607 1413 3677; x_wconf 89' lang='lat' dir='ltr'><strong>quod</strong></span> <span class='ocrx_word' id='word_1_594' title='bbox 1433 3606 1566 3661; x_wconf 88' lang='lat' dir='ltr'><strong>uberrime</strong></span> <span class='ocrx_word' id='word_1_595' title='bbox 1579 3606 1800 3672; x_wconf 76' lang='lat' dir='ltr'><strong>demonstratum,</strong></span> 
     </span>
     <span class='ocr_line' id='line_1_48' title="bbox 163 3673 1054 3746; baseline 0 -15"><span class='ocrx_word' id='word_1_596' title='bbox 163 3677 245 3731; x_wconf 88' lang='lat' dir='ltr'><strong>natdo</strong></span> <span class='ocrx_word' id='word_1_597' title='bbox 255 3675 347 3746; x_wconf 70' lang='lat' dir='ltr'><strong>(liiii,</strong></span> <span class='ocrx_word' id='word_1_598' title='bbox 361 3692 388 3730; x_wconf 91' lang='lat' dir='ltr'><strong>n.</strong></span> <span class='ocrx_word' id='word_1_599' title='bbox 403 3674 460 3742; x_wconf 74' lang='lat' dir='ltr'><strong>oa),</strong></span> <span class='ocrx_word' id='word_1_600' title='bbox 473 3689 506 3728; x_wconf 84' lang='lat' dir='ltr'><strong>ex</strong></span> <span class='ocrx_word' id='word_1_601' title='bbox 519 3681 625 3745; x_wconf 86' lang='lat' dir='ltr'><strong>regesto</strong></span> <span class='ocrx_word' id='word_1_602' title='bbox 637 3673 738 3729; x_wconf 88' lang='lat' dir='ltr'><strong>Nicolai</strong></span> <span class='ocrx_word' id='word_1_603' title='bbox 752 3673 784 3728; x_wconf 95' lang='grc' dir='ltr'><strong>ΙΙΙ</strong></span> <span class='ocrx_word' id='word_1_604' title='bbox 795 3689 952 3745; x_wconf 91' lang='lat' dir='ltr'><strong>supremum</strong></span> <span class='ocrx_word' id='word_1_605' title='bbox 1002 3677 1054 3733; x_wconf 86' lang='lat' dir='ltr'><strong>luit</strong></span> 
     </span>
     <span class='ocr_line' id='line_1_49' title="bbox 164 3743 1791 3815; baseline 0 -15"><span class='ocrx_word' id='word_1_606' title='bbox 164 3746 251 3801; x_wconf 91' lang='lat' dir='ltr'><strong>lucum</strong></span> <span class='ocrx_word' id='word_1_607' title='bbox 270 3753 362 3800; x_wconf 88' lang='lat' dir='ltr'><strong>terrent</strong></span> <span class='ocrx_word' id='word_1_608' title='bbox 372 3743 526 3815; x_wconf 86' lang='lat' dir='ltr'><strong>Pentapolis</strong></span> <span class='ocrx_word' id='word_1_609' title='bbox 536 3752 564 3799; x_wconf 91' lang='lat' dir='ltr'><strong>et</strong></span> <span class='ocrx_word' id='word_1_610' title='bbox 575 3758 664 3798; x_wconf 88' lang='lat' dir='ltr'><strong>massa</strong></span> <span class='ocrx_word' id='word_1_611' title='bbox 676 3744 817 3809; x_wconf 84' lang='lat' dir='ltr'><strong>Trabaria,</strong></span> <span class='ocrx_word' id='word_1_612' title='bbox 835 3745 883 3798; x_wconf 88' lang='lat' dir='ltr'><strong>sed</strong></span> <span class='ocrx_word' id='word_1_613' title='bbox 898 3744 953 3798; x_wconf 88' lang='lat' dir='ltr'><strong>ltu·</strong></span> <span class='ocrx_word' id='word_1_614' title='bbox 1040 3747 1050 3786; x_wconf 68' lang='grc' dir='ltr'>Ι</span> <span class='ocrx_word' id='word_1_615' title='bbox 1077 3747 1114 3801; x_wconf 82' lang='lat' dir='ltr'><strong>Es</strong></span> <span class='ocrx_word' id='word_1_616' title='bbox 1136 3747 1273 3802; x_wconf 92' lang='lat' dir='ltr'><strong>nominum</strong></span> <span class='ocrx_word' id='word_1_617' title='bbox 1293 3746 1441 3802; x_wconf 88' lang='lat' dir='ltr'><strong>nrutatiooc</strong></span> <span class='ocrx_word' id='word_1_618' title='bbox 1460 3745 1488 3801; x_wconf 91' lang='lat' dir='ltr'><strong>id</strong></span> <span class='ocrx_word' id='word_1_619' title='bbox 1507 3744 1569 3799; x_wconf 81' lang='lat' dir='ltr'><strong>nori</strong></span> <span class='ocrx_word' id='word_1_620' title='bbox 1593 3743 1703 3810; x_wconf 68' lang='lat' dir='ltr'><strong>aeddi,</strong></span> <span class='ocrx_word' id='word_1_621' title='bbox 1722 3744 1791 3815; x_wconf 89' lang='lat' dir='ltr'><strong>quod</strong></span> 
     </span>
     <span class='ocr_line' id='line_1_50' title="bbox 163 3812 1789 3886; baseline -0.001 -15"><span class='ocrx_word' id='word_1_622' title='bbox 163 3816 288 3886; x_wconf 87' lang='lat' dir='ltr'><strong>dolpbus,</strong></span> <span class='ocrx_word' id='word_1_623' title='bbox 311 3830 373 3870; x_wconf 93' lang='lat' dir='ltr'><strong>cum</strong></span> <span class='ocrx_word' id='word_1_624' title='bbox 397 3829 444 3869; x_wconf 87' lang='lat' dir='ltr'><strong>eas</strong></span> <span class='ocrx_word' id='word_1_625' title='bbox 467 3813 634 3870; x_wconf 83' lang='lat' dir='ltr'><strong>recensuerit</strong></span> <span class='ocrx_word' id='word_1_626' title='bbox 655 3815 795 3885; x_wconf 91' lang='lat' dir='ltr'><strong>superius,</strong></span> <span class='ocrx_word' id='word_1_627' title='bbox 819 3814 870 3869; x_wconf 89' lang='lat' dir='ltr'><strong>boc</strong></span> <span class='ocrx_word' id='word_1_628' title='bbox 892 3812 952 3869; x_wconf 93' lang='lat' dir='ltr'><strong>loeo</strong></span> <span class='ocrx_word' id='word_1_629' title='bbox 1003 3817 1125 3872; x_wconf 88' lang='lat' dir='ltr'><strong>absoluta</strong></span> <span class='ocrx_word' id='word_1_630' title='bbox 1140 3818 1222 3871; x_wconf 86' lang='lat' dir='ltr'><strong>etiarn</strong></span> <span class='ocrx_word' id='word_1_631' title='bbox 1236 3817 1383 3872; x_wconf 88' lang='lat' dir='ltr'><strong>dominatio</strong></span> <span class='ocrx_word' id='word_1_632' title='bbox 1400 3815 1522 3871; x_wconf 87' lang='lat' dir='ltr'><strong>Urbrsae</strong></span> <span class='ocrx_word' id='word_1_633' title='bbox 1535 3813 1650 3869; x_wconf 86' lang='lat' dir='ltr'><strong>Romani</strong></span> <span class='ocrx_word' id='word_1_634' title='bbox 1666 3812 1789 3878; x_wconf 84' lang='lat' dir='ltr'><strong>ducatus,</strong></span> 
     </span>
     <span class='ocr_line' id='line_1_51' title="bbox 163 3885 1791 3957; baseline 0.001 -17"><span class='ocrx_word' id='word_1_635' title='bbox 163 3893 306 3955; x_wconf 81' lang='lat' dir='ltr'><strong>utramque</strong></span> <span class='ocrx_word' id='word_1_636' title='bbox 315 3885 444 3956; x_wconf 71' lang='lat' dir='ltr'><strong>preterit.</strong></span> <span class='ocrx_word' id='word_1_637' title='bbox 1002 3903 1062 3957; x_wconf 75' lang='lat' dir='ltr'><strong>quae</strong></span> <span class='ocrx_word' id='word_1_638' title='bbox 1079 3903 1094 3941; x_wconf 88' lang='lat' dir='ltr'><strong>a</strong></span> <span class='ocrx_word' id='word_1_639' title='bbox 1116 3887 1189 3941; x_wconf 93' lang='lat' dir='ltr'><strong>nullo</strong></span> <span class='ocrx_word' id='word_1_640' title='bbox 1206 3901 1325 3956; x_wconf 88' lang='lat' dir='ltr'><strong>unquam</strong></span> <span class='ocrx_word' id='word_1_641' title='bbox 1341 3900 1403 3954; x_wconf 77' lang='lat' dir='ltr'><strong>rege</strong></span> <span class='ocrx_word' id='word_1_642' title='bbox 1416 3894 1463 3940; x_wconf 91' lang='lat' dir='ltr'><strong>aut</strong></span> <span class='ocrx_word' id='word_1_643' title='bbox 1478 3885 1541 3953; x_wconf 91' lang='lat' dir='ltr'><strong>imp.</strong></span> <span class='ocrx_word' id='word_1_644' title='bbox 1562 3885 1661 3939; x_wconf 87' lang='lat' dir='ltr'><strong>donata</strong></span> <span class='ocrx_word' id='word_1_645' title='bbox 1676 3886 1791 3955; x_wconf 84' lang='lat' dir='ltr'><strong>reperio-</strong></span> 
     </span>
     <span class='ocr_line' id='line_1_52' title="bbox 200 3952 1790 4026; baseline 0.001 -17"><span class='ocrx_word' id='word_1_646' title='bbox 200 3954 387 4026; x_wconf 76' lang='lat' dir='ltr'><strong>⁰0pportune</strong></span> <span class='ocrx_word' id='word_1_647' title='bbox 416 3954 535 4010; x_wconf 89' lang='lat' dir='ltr'><strong>declarat</strong></span> <span class='ocrx_word' id='word_1_648' title='bbox 557 3953 684 4009; x_wconf 77' lang='lat' dir='ltr'><strong>ludovici</strong></span> <span class='ocrx_word' id='word_1_649' title='bbox 710 3961 737 4007; x_wconf 90' lang='lat' dir='ltr'><strong>ct</strong></span> <span class='ocrx_word' id='word_1_650' title='bbox 764 3965 951 4008; x_wconf 86' lang='lat' dir='ltr'><strong>successomm</strong></span> <span class='ocrx_word' id='word_1_651' title='bbox 1002 3964 1054 4021; x_wconf 87' lang='lat' dir='ltr'><strong>tur,</strong></span> <span class='ocrx_word' id='word_1_652' title='bbox 1076 3957 1214 4019; x_wconf 90' lang='lat' dir='ltr'><strong>asseritur,</strong></span> <span class='ocrx_word' id='word_1_653' title='bbox 1232 3956 1355 4012; x_wconf 79' lang='lat' dir='ltr'><strong>Romano</strong></span> <span class='ocrx_word' id='word_1_654' title='bbox 1376 3953 1507 4024; x_wconf 85' lang='lat' dir='ltr'><strong>pontitlei.</strong></span> <span class='ocrx_word' id='word_1_655' title='bbox 1533 3952 1687 4010; x_wconf 75' lang='lat' dir='ltr'><strong>ludovicus</strong></span> <span class='ocrx_word' id='word_1_656' title='bbox 1708 3954 1790 4024; x_wconf 89' lang='lat' dir='ltr'><strong>siqui·</strong></span> 
     </span>
     <span class='ocr_line' id='line_1_53' title="bbox 164 4022 1791 4096; baseline -0.001 -15"><span class='ocrx_word' id='word_1_657' title='bbox 164 4025 318 4096; x_wconf 87' lang='lat' dir='ltr'><strong>planissima</strong></span> <span class='ocrx_word' id='word_1_658' title='bbox 335 4025 380 4079; x_wconf 91' lang='lat' dir='ltr'><strong>iila</strong></span> <span class='ocrx_word' id='word_1_659' title='bbox 395 4025 496 4079; x_wconf 85' lang='lat' dir='ltr'><strong>rerba:</strong></span> <span class='ocrx_word' id='word_1_660' title='bbox 511 4025 539 4078; x_wconf 83' lang='lat' dir='ltr'><strong>iu</strong></span> <span class='ocrx_word' id='word_1_661' title='bbox 556 4040 603 4078; x_wconf 81' lang='lat' dir='ltr'><strong>auo</strong></span> <span class='ocrx_word' id='word_1_662' title='bbox 615 4023 747 4077; x_wconf 82' lang='lat' dir='ltr'><strong>detineant</strong></span> <span class='ocrx_word' id='word_1_663' title='bbox 765 4023 837 4092; x_wconf 78' lang='lat' dir='ltr'><strong>jure,</strong></span> <span class='ocrx_word' id='word_1_664' title='bbox 855 4022 953 4092; x_wconf 80' lang='lat' dir='ltr'><strong>prioci-</strong></span> <span class='ocrx_word' id='word_1_665' title='bbox 1001 4027 1063 4081; x_wconf 86' lang='lat' dir='ltr'><strong>dem</strong></span> <span class='ocrx_word' id='word_1_666' title='bbox 1076 4036 1103 4081; x_wconf 90' lang='lat' dir='ltr'><strong>et</strong></span> <span class='ocrx_word' id='word_1_667' title='bbox 1115 4041 1285 4082; x_wconf 88' lang='lat' dir='ltr'><strong>successores</strong></span> <span class='ocrx_word' id='word_1_668' title='bbox 1298 4024 1361 4080; x_wconf 88' lang='lat' dir='ltr'><strong>Otto</strong></span> <span class='ocrx_word' id='word_1_669' title='bbox 1378 4035 1406 4079; x_wconf 88' lang='lat' dir='ltr'><strong>et</strong></span> <span class='ocrx_word' id='word_1_670' title='bbox 1420 4024 1562 4089; x_wconf 84' lang='lat' dir='ltr'><strong>ilenricus,</strong></span> <span class='ocrx_word' id='word_1_671' title='bbox 1578 4022 1735 4080; x_wconf 86' lang='lat' dir='ltr'><strong>conditione</strong></span> <span class='ocrx_word' id='word_1_672' title='bbox 1746 4039 1791 4093; x_wconf 84' lang='lat' dir='ltr'><strong>ap-</strong></span> 
     </span>
     <span class='ocr_line' id='line_1_54' title="bbox 163 4091 1790 4217; baseline -0.001 -69"><span class='ocrx_word' id='word_1_673' title='bbox 163 4104 247 4164; x_wconf 76' lang='lat' dir='ltr'><strong>poto,</strong></span> <span class='ocrx_word' id='word_1_674' title='bbox 270 4103 348 4217; x_wconf 52' lang='lat' dir='ltr'><strong>“Tm</strong></span> <span class='ocrx_word' id='word_1_675' title='bbox 373 4094 471 4148; x_wconf 81' lang='lat' dir='ltr'><strong>ditione</strong></span> <span class='ocrx_word' id='word_1_676' title='bbox 495 4110 505 4148; x_wconf 89' lang='lat'>:</span> <span class='ocrx_word' id='word_1_677' title='bbox 530 4092 652 4149; x_wconf 80' lang='lat' dir='ltr'><strong>addendo</strong></span> <span class='ocrx_word' id='word_1_678' title='bbox 670 4094 698 4145; x_wconf 83' lang='lat' dir='ltr'><strong>in</strong></span> <span class='ocrx_word' id='word_1_679' title='bbox 723 4091 904 4161; x_wconf 80' lang='lat' dir='ltr'><strong>spiritualibus</strong></span> <span class='ocrx_word' id='word_1_680' title='bbox 928 4099 953 4171; x_wconf 75' lang='lat' dir='ltr'><strong>ct</strong></span> <span class='ocrx_word' id='word_1_681' title='bbox 1001 4097 1098 4164; x_wconf 90' lang='lat' dir='ltr'><strong>posita,</strong></span> <span class='ocrx_word' id='word_1_682' title='bbox 1127 4097 1193 4150; x_wconf 82' lang='lat' dir='ltr'><strong>sicut</strong></span> <span class='ocrx_word' id='word_1_683' title='bbox 1214 4114 1230 4149; x_wconf 87' lang='lat' dir='ltr'><strong>e</strong></span> <span class='ocrx_word' id='word_1_684' title='bbox 1248 4094 1481 4166; x_wconf 78' lang='lat' dir='ltr'><strong>predecessoribus</strong></span> <span class='ocrx_word' id='word_1_685' title='bbox 1503 4092 1592 4148; x_wconf 78' lang='lat' dir='ltr'><strong>restris</strong></span> <span class='ocrx_word' id='word_1_686' title='bbox 1613 4108 1695 4162; x_wconf 72' lang='lat' dir='ltr'><strong>sequ</strong></span> <span class='ocrx_word' id='word_1_687' title='bbox 1724 4109 1790 4147; x_wconf 77' lang='lat' dir='ltr'><strong>nuuc</strong></span> 
     </span>
     <span class='ocr_line' id='line_1_55' title="bbox 164 4159 1789 4236; baseline 0 -19"><span class='ocrx_word' id='word_1_688' title='bbox 164 4163 299 4235; x_wconf 82' lang='lat' dir='ltr'><strong>temporali</strong></span> <span class='ocrx_word' id='word_1_689' title='bbox 318 4181 358 4218; x_wconf 82' lang='lat' dir='ltr'><strong>cs.</strong></span> <span class='ocrx_word' id='word_1_690' title='bbox 385 4162 452 4217; x_wconf 85' lang='lat' dir='ltr'><strong>Nam</strong></span> <span class='ocrx_word' id='word_1_691' title='bbox 480 4165 645 4219; x_wconf 86' lang='lat' dir='ltr'><strong>recentiores</strong></span> <span class='ocrx_word' id='word_1_692' title='bbox 673 4159 816 4216; x_wconf 85' lang='lat' dir='ltr'><strong>nonnullos</strong></span> <span class='ocrx_word' id='word_1_693' title='bbox 840 4160 952 4215; x_wconf 78' lang='lat' dir='ltr'><strong>Arnaldt</strong></span> <span class='ocrx_word' id='word_1_694' title='bbox 1000 4166 1029 4220; x_wconf 86' lang='lat' dir='ltr'><strong>br</strong></span> <span class='ocrx_word' id='word_1_695' title='bbox 1043 4176 1126 4220; x_wconf 72' lang='lat' dir='ltr'><strong>ecura</strong></span> <span class='ocrx_word' id='word_1_696' title='bbox 1144 4174 1269 4236; x_wconf 80' lang='lat' dir='ltr'><strong>potestate</strong></span> <span class='ocrx_word' id='word_1_697' title='bbox 1287 4174 1310 4219; x_wconf 85' lang='lat' dir='ltr'><strong>et</strong></span> <span class='ocrx_word' id='word_1_698' title='bbox 1325 4165 1423 4217; x_wconf 84' lang='lat' dir='ltr'><strong>ditione</strong></span> <span class='ocrx_word' id='word_1_699' title='bbox 1440 4163 1558 4216; x_wconf 82' lang='lat' dir='ltr'><strong>terruistis</strong></span> <span class='ocrx_word' id='word_1_700' title='bbox 1572 4172 1596 4215; x_wconf 82' lang='lat' dir='ltr'><strong>et</strong></span> <span class='ocrx_word' id='word_1_701' title='bbox 1615 4161 1789 4232; x_wconf 76' lang='lat' dir='ltr'><strong>deposuistis,</strong></span> 
     </span>
     <span class='ocr_line' id='line_1_56' title="bbox 164 4231 1789 4306; baseline 0.001 -18"><span class='ocrx_word' id='word_1_702' title='bbox 164 4233 312 4289; x_wconf 76' lang='lat' dir='ltr'><strong>liriniensis</strong></span> <span class='ocrx_word' id='word_1_703' title='bbox 333 4234 481 4304; x_wconf 88' lang='lat' dir='ltr'><strong>discipulos</strong></span> <span class='ocrx_word' id='word_1_704' title='bbox 508 4232 584 4302; x_wconf 89' lang='lat' dir='ltr'><strong>sequi</strong></span> <span class='ocrx_word' id='word_1_705' title='bbox 608 4231 774 4300; x_wconf 70' lang='lat' dir='ltr'><strong>conpulsi,</strong></span> <span class='ocrx_word' id='word_1_706' title='bbox 803 4245 837 4284; x_wconf 92' lang='lat' dir='ltr'><strong>ne</strong></span> <span class='ocrx_word' id='word_1_707' title='bbox 864 4231 952 4285; x_wconf 87' lang='lat' dir='ltr'><strong>dicam</strong></span> <span class='ocrx_word' id='word_1_708' title='bbox 1000 4235 1092 4305; x_wconf 93' lang='lat' dir='ltr'><strong>populi</strong></span> <span class='ocrx_word' id='word_1_709' title='bbox 1113 4243 1204 4306; x_wconf 90' lang='lat' dir='ltr'><strong>partes</strong></span> <span class='ocrx_word' id='word_1_710' title='bbox 1226 4250 1278 4289; x_wconf 93' lang='lat' dir='ltr'><strong>non</strong></span> <span class='ocrx_word' id='word_1_711' title='bbox 1302 4233 1481 4296; x_wconf 79' lang='lat' dir='ltr'><strong>excluserant,</strong></span> <span class='ocrx_word' id='word_1_712' title='bbox 1497 4233 1544 4286; x_wconf 90' lang='lat' dir='ltr'><strong>sed</strong></span> <span class='ocrx_word' id='word_1_713' title='bbox 1563 4247 1596 4286; x_wconf 79' lang='lat' dir='ltr'><strong>ex</strong></span> <span class='ocrx_word' id='word_1_714' title='bbox 1619 4245 1674 4300; x_wconf 86' lang='lat' dir='ltr'><strong>quo</strong></span> <span class='ocrx_word' id='word_1_715' title='bbox 1687 4247 1736 4303; x_wconf 89' lang='lat' dir='ltr'><strong>per</strong></span> <span class='ocrx_word' id='word_1_716' title='bbox 1752 4248 1789 4289; x_wconf 73' lang='grc' dir='ltr'><strong>ιιι</strong></span> 
     </span>
     <span class='ocr_line' id='line_1_57' title="bbox 163 4298 1790 4372; baseline -0.004 -12"><span class='ocrx_word' id='word_1_717' title='bbox 163 4313 245 4360; x_wconf 71' lang='lat' dir='ltr'><strong>secte</strong></span> <span class='ocrx_word' id='word_1_718' title='bbox 266 4303 336 4359; x_wconf 85' lang='lat' dir='ltr'><strong>alius</strong></span> <span class='ocrx_word' id='word_1_719' title='bbox 356 4304 488 4362; x_wconf 78' lang='lat' dir='ltr'><strong>beminen.</strong></span> <span class='ocrx_word' id='word_1_720' title='bbox 507 4311 634 4372; x_wconf 87' lang='lat' dir='ltr'><strong>tantaque</strong></span> <span class='ocrx_word' id='word_1_721' title='bbox 653 4301 681 4354; x_wconf 92' lang='lat' dir='ltr'><strong>in</strong></span> <span class='ocrx_word' id='word_1_722' title='bbox 699 4300 759 4354; x_wconf 91' lang='lat' dir='ltr'><strong>luce</strong></span> <span class='ocrx_word' id='word_1_723' title='bbox 775 4313 868 4354; x_wconf 81' lang='lat' dir='ltr'><strong>errare</strong></span> <span class='ocrx_word' id='word_1_724' title='bbox 882 4298 952 4354; x_wconf 89' lang='lat' dir='ltr'><strong>dele·</strong></span> <span class='ocrx_word' id='word_1_725' title='bbox 1002 4303 1129 4360; x_wconf 73' lang='lat' dir='ltr'><strong>seculum</strong></span> <span class='ocrx_word' id='word_1_726' title='bbox 1206 4312 1285 4359; x_wconf 89' lang='lat' dir='ltr'><strong>tacst</strong></span> <span class='ocrx_word' id='word_1_727' title='bbox 1298 4303 1384 4357; x_wconf 88' lang='lat' dir='ltr'><strong>audiri</strong></span> <span class='ocrx_word' id='word_1_728' title='bbox 1402 4300 1512 4356; x_wconf 75' lang='lat' dir='ltr'><strong>Terror</strong></span> <span class='ocrx_word' id='word_1_729' title='bbox 1531 4300 1699 4370; x_wconf 70' lang='lat' dir='ltr'><strong>Rodiensium</strong></span> <span class='ocrx_word' id='word_1_730' title='bbox 1713 4317 1790 4372; x_wconf 74' lang='lat' dir='ltr'><strong>aequ</strong></span> 
     </span>
     <span class='ocr_line' id='line_1_58' title="bbox 163 4372 1791 4445; baseline -0.002 -16"><span class='ocrx_word' id='word_1_731' title='bbox 163 4382 229 4429; x_wconf 90' lang='lat' dir='ltr'><strong>ctat.</strong></span> <span class='ocrx_word' id='word_1_732' title='bbox 1003 4373 1175 4445; x_wconf 79' lang='lat' dir='ltr'><strong>ceperanum,</strong></span> <span class='ocrx_word' id='word_1_733' title='bbox 1213 4388 1274 4428; x_wconf 82' lang='lat' dir='ltr'><strong>orna</strong></span> <span class='ocrx_word' id='word_1_734' title='bbox 1286 4373 1344 4440; x_wconf 72' lang='lat' dir='ltr'><strong>eius</strong></span> <span class='ocrx_word' id='word_1_735' title='bbox 1357 4381 1434 4427; x_wconf 81' lang='lat' dir='ltr'><strong>terne</strong></span> <span class='ocrx_word' id='word_1_736' title='bbox 1446 4380 1527 4439; x_wconf 87' lang='lat' dir='ltr'><strong>caput</strong></span> <span class='ocrx_word' id='word_1_737' title='bbox 1536 4378 1696 4426; x_wconf 69' lang='lat' dir='ltr'><strong>securarum</strong></span> <span class='ocrx_word' id='word_1_738' title='bbox 1709 4372 1791 4428; x_wconf 84' lang='lat' dir='ltr'><strong>dona·</strong></span> 
     </span>
     <span class='ocr_line' id='line_1_59' title="bbox 196 4436 1501 4519; baseline -0.004 -22"><span class='ocrx_word' id='word_1_739' title='bbox 196 4442 213 4483; x_wconf 67' lang='lat'><strong>⁴</strong></span> <span class='ocrx_word' id='word_1_740' title='bbox 231 4443 361 4510; x_wconf 58' lang='lat' dir='ltr'><strong>mansis</strong></span> <span class='ocrx_word' id='word_1_741' title='bbox 382 4444 410 4499; x_wconf 87' lang='lat' dir='ltr'><strong>in</strong></span> <span class='ocrx_word' id='word_1_742' title='bbox 429 4441 609 4513; x_wconf 81' lang='lat' dir='ltr'><strong>liuldolphino</strong></span> <span class='ocrx_word' id='word_1_743' title='bbox 624 4438 768 4511; x_wconf 82' lang='lat' dir='ltr'><strong>diplomate</strong></span> <span class='ocrx_word' id='word_1_744' title='bbox 784 4436 851 4492; x_wconf 88' lang='lat' dir='ltr'><strong>nibil</strong></span> <span class='ocrx_word' id='word_1_745' title='bbox 872 4452 951 4507; x_wconf 85' lang='lat' dir='ltr'><strong>aper·</strong></span> <span class='ocrx_word' id='word_1_746' title='bbox 963 4457 990 4519; x_wconf 63' lang='grc' dir='ltr'><strong>Ι)</strong></span> <span class='ocrx_word' id='word_1_747' title='bbox 1004 4445 1106 4500; x_wconf 81' lang='lat' dir='ltr'><strong>tionum</strong></span> <span class='ocrx_word' id='word_1_748' title='bbox 1117 4451 1241 4496; x_wconf 84' lang='lat' dir='ltr'><strong>naturam</strong></span> <span class='ocrx_word' id='word_1_749' title='bbox 1255 4442 1374 4497; x_wconf 85' lang='lat' dir='ltr'><strong>induisse</strong></span> <span class='ocrx_word' id='word_1_750' title='bbox 1387 4441 1501 4495; x_wconf 82' lang='lat' dir='ltr'><strong>videtur.</strong></span> 
     </span>
     <span class='ocr_line' id='line_1_60' title="bbox 163 4508 1791 4588; baseline -0.002 -22"><span class='ocrx_word' id='word_1_751' title='bbox 163 4511 219 4567; x_wconf 89' lang='lat' dir='ltr'><strong>tius</strong></span> <span class='ocrx_word' id='word_1_752' title='bbox 230 4512 352 4581; x_wconf 80' lang='lat' dir='ltr'><strong>ninilque</strong></span> <span class='ocrx_word' id='word_1_753' title='bbox 364 4510 560 4583; x_wconf 83' lang='lat' dir='ltr'><strong>signibcantius</strong></span> <span class='ocrx_word' id='word_1_754' title='bbox 574 4512 741 4566; x_wconf 87' lang='lat' dir='ltr'><strong>desideretur</strong></span> <span class='ocrx_word' id='word_1_755' title='bbox 752 4508 785 4562; x_wconf 88' lang='lat' dir='ltr'><strong>ad</strong></span> <span class='ocrx_word' id='word_1_756' title='bbox 797 4509 952 4588; x_wconf 70' lang='lat' dir='ltr'><strong>apostolicae</strong></span> <span class='ocrx_word' id='word_1_757' title='bbox 1039 4516 1052 4555; x_wconf 80' lang='lat'>⁸</span> <span class='ocrx_word' id='word_1_758' title='bbox 1070 4513 1286 4568; x_wconf 81' lang='lat' dir='ltr'><strong>Praedecessores</strong></span> <span class='ocrx_word' id='word_1_759' title='bbox 1301 4510 1433 4581; x_wconf 83' lang='lat' dir='ltr'><strong>liudolpbi</strong></span> <span class='ocrx_word' id='word_1_760' title='bbox 1448 4526 1511 4566; x_wconf 90' lang='lat' dir='ltr'><strong>eum</strong></span> <span class='ocrx_word' id='word_1_761' title='bbox 1528 4509 1650 4566; x_wconf 79' lang='lat' dir='ltr'><strong>exercitu</strong></span> <span class='ocrx_word' id='word_1_762' title='bbox 1665 4509 1700 4564; x_wconf 89' lang='lat' dir='ltr'><strong>ad</strong></span> <span class='ocrx_word' id='word_1_763' title='bbox 1713 4525 1791 4565; x_wconf 60' lang='lat' dir='ltr'><strong>eom»</strong></span> 
     </span>
     <span class='ocr_line' id='line_1_61' title="bbox 162 4577 1790 4666; baseline -0.01 -14"><span class='ocrx_word' id='word_1_764' title='bbox 162 4581 306 4666; x_wconf 62' lang='lat' dir='ltr'><strong>”dilium</strong></span> <span class='ocrx_word' id='word_1_765' title='bbox 320 4583 391 4652; x_wconf 66' lang='grc' dir='ltr'><strong>ΨΜ</strong></span> <span class='ocrx_word' id='word_1_766' title='bbox 402 4582 507 4646; x_wconf 63' lang='grc' dir='ltr'><strong>ἓῑῑίῦθῑ,</strong></span> <span class='ocrx_word' id='word_1_767' title='bbox 524 4582 597 4651; x_wconf 64' lang='grc' dir='ltr'><strong>ΨΜ</strong></span> <span class='ocrx_word' id='word_1_768' title='bbox 613 4590 703 4634; x_wconf 57' lang='grc' dir='ltr'><strong>ῑθῐῐῑθῐῑ</strong></span> <span class='ocrx_word' id='word_1_769' title='bbox 720 4578 768 4648; x_wconf 73' lang='lat' dir='ltr'><strong>l’ip</strong></span> <span class='ocrx_word' id='word_1_770' title='bbox 786 4578 833 4640; x_wconf 62' lang='lat'>5¹¹¹,</span> <span class='ocrx_word' id='word_1_771' title='bbox 850 4577 949 4641; x_wconf 70' lang='lat' dir='ltr'><strong>C²l⁰¹l</strong></span> <span class='ocrx_word' id='word_1_772' title='bbox 1002 4583 1138 4639; x_wconf 81' lang='lat' dir='ltr'><strong>irationem</strong></span> <span class='ocrx_word' id='word_1_773' title='bbox 1151 4593 1290 4646; x_wconf 80' lang='lat' dir='ltr'><strong>uenerant,</strong></span> <span class='ocrx_word' id='word_1_774' title='bbox 1306 4598 1366 4650; x_wconf 71' lang='lat' dir='ltr'><strong>quse</strong></span> <span class='ocrx_word' id='word_1_775' title='bbox 1383 4595 1427 4635; x_wconf 87' lang='lat' dir='ltr'><strong>res</strong></span> <span class='ocrx_word' id='word_1_776' title='bbox 1446 4580 1521 4634; x_wconf 85' lang='lat' dir='ltr'><strong>rabie</strong></span> <span class='ocrx_word' id='word_1_777' title='bbox 1543 4588 1602 4635; x_wconf 84' lang='lat' dir='ltr'><strong>erat</strong></span> <span class='ocrx_word' id='word_1_778' title='bbox 1622 4581 1790 4636; x_wconf 64' lang='lat' dir='ltr'><strong>marmoreus</strong></span> 
     </span>
     <span class='ocr_line' id='line_1_62' title="bbox 155 4649 1792 4721; baseline -0.008 -5"><span class='ocrx_word' id='word_1_779' title='bbox 155 4652 280 4716; x_wconf 57' lang='lat' dir='ltr'><strong>&gt;lemare</strong></span> <span class='ocrx_word' id='word_1_780' title='bbox 294 4651 402 4707; x_wconf 72' lang='lat' dir='ltr'><strong>oannes</strong></span> <span class='ocrx_word' id='word_1_781' title='bbox 417 4650 537 4706; x_wconf 80' lang='lat' dir='ltr'><strong>solenne</strong></span> <span class='ocrx_word' id='word_1_782' title='bbox 553 4649 612 4718; x_wconf 80' lang='lat' dir='ltr'><strong>tub,</strong></span> <span class='ocrx_word' id='word_1_783' title='bbox 626 4664 754 4720; x_wconf 73' lang='lat' dir='ltr'><strong>prorem</strong></span> <span class='ocrx_word' id='word_1_784' title='bbox 774 4649 809 4710; x_wconf 76' lang='lat' dir='ltr'><strong>ie</strong></span> <span class='ocrx_word' id='word_1_785' title='bbox 820 4662 867 4702; x_wconf 78' lang='lat' dir='ltr'><strong>seu</strong></span> <span class='ocrx_word' id='word_1_786' title='bbox 886 4663 953 4700; x_wconf 74' lang='lat' dir='ltr'><strong>uer</strong></span> <span class='ocrx_word' id='word_1_787' title='bbox 1001 4654 1071 4710; x_wconf 80' lang='lat' dir='ltr'><strong>loon</strong></span> <span class='ocrx_word' id='word_1_788' title='bbox 1084 4668 1175 4708; x_wconf 70' lang='lat' dir='ltr'><strong>mursa.</strong></span> <span class='ocrx_word' id='word_1_789' title='bbox 1194 4651 1336 4721; x_wconf 80' lang='lat' dir='ltr'><strong>Ruuotpno</strong></span> <span class='ocrx_word' id='word_1_790' title='bbox 1347 4660 1437 4705; x_wconf 83' lang='lat' dir='ltr'><strong>aurem</strong></span> <span class='ocrx_word' id='word_1_791' title='bbox 1448 4651 1563 4705; x_wconf 77' lang='lat' dir='ltr'><strong>mitium</strong></span> <span class='ocrx_word' id='word_1_792' title='bbox 1580 4662 1712 4704; x_wconf 80' lang='lat' dir='ltr'><strong>aeneam</strong></span> <span class='ocrx_word' id='word_1_793' title='bbox 1723 4663 1792 4718; x_wconf 83' lang='lat' dir='ltr'><strong>prae-</strong></span> 
     </span>
     <span class='ocr_line' id='line_1_63' title="bbox 162 4717 1790 4792; baseline -0.004 -12"><span class='ocrx_word' id='word_1_794' title='bbox 162 4720 226 4776; x_wconf 71' lang='lat' dir='ltr'><strong>cede</strong></span> <span class='ocrx_word' id='word_1_795' title='bbox 236 4723 331 4776; x_wconf 63' lang='lat' dir='ltr'><strong>mne</strong></span> <span class='ocrx_word' id='word_1_796' title='bbox 346 4720 476 4776; x_wconf 71' lang='lat' dir='ltr'><strong>offerendi</strong></span> <span class='ocrx_word' id='word_1_797' title='bbox 490 4719 570 4776; x_wconf 80' lang='lat' dir='ltr'><strong>Petro</strong></span> <span class='ocrx_word' id='word_1_798' title='bbox 583 4729 611 4775; x_wconf 87' lang='lat' dir='ltr'><strong>et</strong></span> <span class='ocrx_word' id='word_1_799' title='bbox 629 4717 831 4775; x_wconf 63' lang='lat' dir='ltr'><strong>comessoribus</strong></span> <span class='ocrx_word' id='word_1_800' title='bbox 846 4717 953 4787; x_wconf 71' lang='lat' dir='ltr'><strong>provio·</strong></span> <span class='ocrx_word' id='word_1_801' title='bbox 1002 4723 1119 4792; x_wconf 86' lang='lat' dir='ltr'><strong>scriptus</strong></span> <span class='ocrx_word' id='word_1_802' title='bbox 1133 4721 1193 4788; x_wconf 84' lang='lat' dir='ltr'><strong>luit,</strong></span> <span class='ocrx_word' id='word_1_803' title='bbox 1217 4731 1247 4777; x_wconf 90' lang='lat' dir='ltr'><strong>ut</strong></span> <span class='ocrx_word' id='word_1_804' title='bbox 1258 4722 1369 4776; x_wconf 87' lang='lat' dir='ltr'><strong>annales</strong></span> <span class='ocrx_word' id='word_1_805' title='bbox 1380 4719 1577 4775; x_wconf 88' lang='lat' dir='ltr'><strong>Colrnarienses</strong></span> <span class='ocrx_word' id='word_1_806' title='bbox 1590 4719 1701 4775; x_wconf 91' lang='lat' dir='ltr'><strong>tradunt</strong></span> <span class='ocrx_word' id='word_1_807' title='bbox 1720 4718 1790 4789; x_wconf 86' lang='lat' dir='ltr'><strong>apud</strong></span> 
     </span>
     <span class='ocr_line' id='line_1_64' title="bbox 161 4784 1789 4871; baseline -0.002 -25"><span class='ocrx_word' id='word_1_808' title='bbox 161 4792 221 4847; x_wconf 83' lang='lat' dir='ltr'><strong>ciat</strong></span> <span class='ocrx_word' id='word_1_809' title='bbox 232 4799 259 4848; x_wconf 91' lang='lat' dir='ltr'><strong>et</strong></span> <span class='ocrx_word' id='word_1_810' title='bbox 270 4790 394 4848; x_wconf 75' lang='lat' dir='ltr'><strong>narrares</strong></span> <span class='ocrx_word' id='word_1_811' title='bbox 405 4805 535 4860; x_wconf 68' lang='lat' dir='ltr'><strong>numnam</strong></span> <span class='ocrx_word' id='word_1_812' title='bbox 550 4790 667 4845; x_wconf 89' lang='lat' dir='ltr'><strong>auditur.</strong></span> <span class='ocrx_word' id='word_1_813' title='bbox 678 4786 807 4871; x_wconf 70' lang='lat' dir='ltr'><strong>lippinus</strong></span> <span class='ocrx_word' id='word_1_814' title='bbox 822 4786 894 4840; x_wconf 91' lang='lat' dir='ltr'><strong>enim</strong></span> <span class='ocrx_word' id='word_1_815' title='bbox 904 4784 953 4841; x_wconf 76' lang='lat' dir='ltr'><strong>Ee</strong></span> <span class='ocrx_word' id='word_1_816' title='bbox 1003 4795 1088 4864; x_wconf 69' lang='lat' dir='ltr'><strong>Rapo.</strong></span> <span class='ocrx_word' id='word_1_817' title='bbox 1102 4789 1193 4862; x_wconf 73' lang='lat' dir='ltr'><strong>(tais,</strong></span> <span class='ocrx_word' id='word_1_818' title='bbox 1214 4807 1240 4846; x_wconf 89' lang='lat' dir='ltr'><strong>n.</strong></span> <span class='ocrx_word' id='word_1_819' title='bbox 1259 4791 1304 4861; x_wconf 72' lang='lat' dir='ltr'><strong>so)</strong></span> <span class='ocrx_word' id='word_1_820' title='bbox 1317 4791 1362 4847; x_wconf 92' lang='lat' dir='ltr'><strong>ubi</strong></span> <span class='ocrx_word' id='word_1_821' title='bbox 1383 4803 1427 4844; x_wconf 90' lang='lat' dir='ltr'><strong>res</strong></span> <span class='ocrx_word' id='word_1_822' title='bbox 1438 4798 1481 4845; x_wconf 90' lang='lat' dir='ltr'><strong>est</strong></span> <span class='ocrx_word' id='word_1_823' title='bbox 1493 4789 1526 4844; x_wconf 86' lang='lat' dir='ltr'><strong>de</strong></span> <span class='ocrx_word' id='word_1_824' title='bbox 1539 4788 1674 4858; x_wconf 89' lang='lat' dir='ltr'><strong>colloquio</strong></span> <span class='ocrx_word' id='word_1_825' title='bbox 1685 4786 1789 4843; x_wconf 82' lang='lat' dir='ltr'><strong>baasa·</strong></span> 
     </span>
     <span class='ocr_line' id='line_1_65' title="bbox 162 4855 1790 4932; baseline -0.003 -14"><span class='ocrx_word' id='word_1_826' title='bbox 162 4861 253 4918; x_wconf 84' lang='lat' dir='ltr'><strong>clesiar</strong></span> <span class='ocrx_word' id='word_1_827' title='bbox 263 4862 389 4918; x_wconf 66' lang='lat' dir='ltr'><strong>Rumam</strong></span> <span class='ocrx_word' id='word_1_828' title='bbox 400 4861 528 4917; x_wconf 90' lang='lat' dir='ltr'><strong>ditionem</strong></span> <span class='ocrx_word' id='word_1_829' title='bbox 539 4859 661 4931; x_wconf 85' lang='lat' dir='ltr'><strong>angustis</strong></span> <span class='ocrx_word' id='word_1_830' title='bbox 675 4858 773 4913; x_wconf 82' lang='lat' dir='ltr'><strong>bortrus</strong></span> <span class='ocrx_word' id='word_1_831' title='bbox 786 4855 953 4910; x_wconf 89' lang='lat' dir='ltr'><strong>circumscri-</strong></span> <span class='ocrx_word' id='word_1_832' title='bbox 1002 4863 1078 4919; x_wconf 72' lang='lat' dir='ltr'><strong>nansi</strong></span> <span class='ocrx_word' id='word_1_833' title='bbox 1093 4879 1099 4916; x_wconf 89' lang='lat'>:</span> <span class='ocrx_word' id='word_1_834' title='bbox 1118 4879 1127 4911; x_wconf 86' lang='grc' dir='ltr'>ι</span> <span class='ocrx_word' id='word_1_835' title='bbox 1143 4860 1223 4932; x_wconf 85' lang='lat' dir='ltr'><strong>Papa,</strong></span> <span class='ocrx_word' id='word_1_836' title='bbox 1232 4861 1364 4930; x_wconf 85' lang='lat' dir='ltr'><strong>inquiunt,</strong></span> <span class='ocrx_word' id='word_1_837' title='bbox 1376 4861 1432 4928; x_wconf 77' lang='lat' dir='ltr'><strong>regi</strong></span> <span class='ocrx_word' id='word_1_838' title='bbox 1444 4858 1624 4920; x_wconf 83' lang='lat' dir='ltr'><strong>consuluerat.</strong></span> <span class='ocrx_word' id='word_1_839' title='bbox 1634 4867 1663 4913; x_wconf 91' lang='lat' dir='ltr'><strong>ut</strong></span> <span class='ocrx_word' id='word_1_840' title='bbox 1677 4858 1790 4913; x_wconf 85' lang='lat' dir='ltr'><strong>Romam</strong></span> 
     </span>
    </p>
   </div>
   <div class='ocr_carea' id='block_1_4' title="bbox 162 4925 1790 5058">
    <p class='ocr_par' dir='ltr' id='par_1_4' title="bbox 162 4925 1790 5058">
     <span class='ocr_line' id='line_1_66' title="bbox 162 4925 1790 5058; baseline -0.003 -71"><span class='ocrx_word' id='word_1_841' title='bbox 162 4940 237 5057; x_wconf 54' lang='lat' dir='ltr'><strong>giam</strong></span> <span class='ocrx_word' id='word_1_842' title='bbox 264 4933 432 5058; x_wconf 53' lang='lat' dir='ltr'><strong>anglicam</strong></span> <span class='ocrx_word' id='word_1_843' title='bbox 464 4931 626 4986; x_wconf 78' lang='lat' dir='ltr'><strong>exarchatus</strong></span> <span class='ocrx_word' id='word_1_844' title='bbox 652 4927 815 4991; x_wconf 57' lang='lat' dir='ltr'><strong>duracinum</strong></span> <span class='ocrx_word' id='word_1_845' title='bbox 838 4925 952 4982; x_wconf 74' lang='lat' dir='ltr'><strong>C²r⁰¹¹¹⁸</strong></span> <span class='ocrx_word' id='word_1_846' title='bbox 1002 4934 1036 4988; x_wconf 87' lang='lat' dir='ltr'><strong>ad</strong></span> <span class='ocrx_word' id='word_1_847' title='bbox 1049 4931 1147 4987; x_wconf 85' lang='lat' dir='ltr'><strong>lustum</strong></span> <span class='ocrx_word' id='word_1_848' title='bbox 1164 4931 1336 4987; x_wconf 71' lang='lat' dir='ltr'><strong>pentecostes</strong></span> <span class='ocrx_word' id='word_1_849' title='bbox 1348 4943 1410 4985; x_wconf 88' lang='lat' dir='ltr'><strong>cum</strong></span> <span class='ocrx_word' id='word_1_850' title='bbox 1423 4929 1527 4984; x_wconf 87' lang='lat' dir='ltr'><strong>duobus</strong></span> <span class='ocrx_word' id='word_1_851' title='bbox 1539 4927 1658 4984; x_wconf 89' lang='lat' dir='ltr'><strong>millibus</strong></span> <span class='ocrx_word' id='word_1_852' title='bbox 1674 4927 1790 4983; x_wconf 74' lang='lat' dir='ltr'><strong>rnilitum</strong></span> 
     </span>
    </p>
   </div>
   <div class='ocr_carea' id='block_1_5' title="bbox 84 4995 1792 5771">
    <p class='ocr_par' dir='ltr' id='par_1_5' title="bbox 84 4995 1792 5771">
     <span class='ocr_line' id='line_1_67' title="bbox 187 4995 1792 5072; baseline -0.011 -2"><span class='ocrx_word' id='word_1_853' title='bbox 187 5003 277 5070; x_wconf 50' lang='lat'><strong>⁰⁸⁰5&amp;</strong></span> <span class='ocrx_word' id='word_1_854' title='bbox 338 5002 428 5062; x_wconf 55' lang='grc' dir='ltr'><strong>Μυῖα.</strong></span> <span class='ocrx_word' id='word_1_855' title='bbox 450 5001 604 5072; x_wconf 57' lang='lat' dir='ltr'><strong>&amp;moeniae</strong></span> <span class='ocrx_word' id='word_1_856' title='bbox 618 4997 770 5071; x_wconf 62' lang='lat' dir='ltr'><strong>pmt&#39;locisi</strong></span> <span class='ocrx_word' id='word_1_857' title='bbox 783 4995 950 5067; x_wconf 64' lang='lat' dir='ltr'><strong>adissnsstttit</strong></span> <span class='ocrx_word' id='word_1_858' title='bbox 1001 5003 1115 5067; x_wconf 81' lang='lat' dir='ltr'><strong>reniret,</strong></span> <span class='ocrx_word' id='word_1_859' title='bbox 1130 5009 1231 5057; x_wconf 90' lang='lat' dir='ltr'><strong>uteurn</strong></span> <span class='ocrx_word' id='word_1_860' title='bbox 1251 5001 1278 5055; x_wconf 93' lang='lat' dir='ltr'><strong>in</strong></span> <span class='ocrx_word' id='word_1_861' title='bbox 1292 5001 1482 5071; x_wconf 86' lang='lat' dir='ltr'><strong>imperatorem</strong></span> <span class='ocrx_word' id='word_1_862' title='bbox 1497 4998 1646 5052; x_wconf 83' lang='lat' dir='ltr'><strong>Romanum</strong></span> <span class='ocrx_word' id='word_1_863' title='bbox 1662 4997 1792 5053; x_wconf 83' lang='lat' dir='ltr'><strong>soleurni·</strong></span> 
     </span>
     <span class='ocr_line' id='line_1_68' title="bbox 163 5065 1792 5143; baseline -0.006 -17"><span class='ocrx_word' id='word_1_864' title='bbox 163 5082 246 5143; x_wconf 85' lang='lat' dir='ltr'><strong>atque</strong></span> <span class='ocrx_word' id='word_1_865' title='bbox 259 5070 340 5137; x_wconf 80' lang='lat' dir='ltr'><strong>(libo,</strong></span> <span class='ocrx_word' id='word_1_866' title='bbox 360 5080 388 5128; x_wconf 91' lang='lat' dir='ltr'><strong>et</strong></span> <span class='ocrx_word' id='word_1_867' title='bbox 404 5071 536 5128; x_wconf 85' lang='lat' dir='ltr'><strong>ilenricus</strong></span> <span class='ocrx_word' id='word_1_868' title='bbox 556 5069 683 5126; x_wconf 82' lang='lat' dir='ltr'><strong>ducatum</strong></span> <span class='ocrx_word' id='word_1_869' title='bbox 707 5066 881 5138; x_wconf 88' lang='lat' dir='ltr'><strong>Spoletanurn</strong></span> <span class='ocrx_word' id='word_1_870' title='bbox 899 5065 953 5120; x_wconf 90' lang='lat' dir='ltr'><strong>lar·</strong></span> <span class='ocrx_word' id='word_1_871' title='bbox 1003 5079 1239 5129; x_wconf 69' lang='lat' dir='ltr'><strong>gennomerus.»</strong></span> <span class='ocrx_word' id='word_1_872' title='bbox 1260 5069 1396 5127; x_wconf 78' lang='lat' dir='ltr'><strong>itinerario</strong></span> <span class='ocrx_word' id='word_1_873' title='bbox 1407 5068 1479 5124; x_wconf 86' lang='lat' dir='ltr'><strong>enim</strong></span> <span class='ocrx_word' id='word_1_874' title='bbox 1495 5068 1632 5137; x_wconf 83' lang='lat' dir='ltr'><strong>pontilicis</strong></span> <span class='ocrx_word' id='word_1_875' title='bbox 1651 5065 1792 5123; x_wconf 65' lang='lat' dir='ltr'><strong>munli-</strong></span> 
     </span>
     <span class='ocr_line' id='line_1_69' title="bbox 182 5136 1792 5214; baseline -0.006 -17"><span class='ocrx_word' id='word_1_876' title='bbox 182 5142 188 5154; x_wconf 89' lang='lat'>&#39;</span> <span class='ocrx_word' id='word_1_877' title='bbox 268 5143 397 5213; x_wconf 88' lang='lat' dir='ltr'><strong>,optimc</strong></span> <span class='ocrx_word' id='word_1_878' title='bbox 416 5143 524 5214; x_wconf 88' lang='lat' dir='ltr'><strong>quidem</strong></span> <span class='ocrx_word' id='word_1_879' title='bbox 540 5138 602 5209; x_wconf 81' lang='lat' dir='ltr'><strong>iure</strong></span> <span class='ocrx_word' id='word_1_880' title='bbox 619 5139 671 5194; x_wconf 72' lang='lat' dir='ltr'><strong>illis</strong></span> <span class='ocrx_word' id='word_1_881' title='bbox 691 5137 801 5192; x_wconf 80' lang='lat' dir='ltr'><strong>uocibus</strong></span> <span class='ocrx_word' id='word_1_882' title='bbox 820 5136 861 5192; x_wconf 87' lang='lat' dir='ltr'><strong>usi</strong></span> <span class='ocrx_word' id='word_1_883' title='bbox 877 5143 950 5191; x_wconf 90' lang='lat' dir='ltr'><strong>sunt.</strong></span> <span class='ocrx_word' id='word_1_884' title='bbox 1001 5143 1119 5213; x_wconf 83' lang='lat' dir='ltr'><strong>pbonsi,</strong></span> <span class='ocrx_word' id='word_1_885' title='bbox 1142 5141 1235 5212; x_wconf 88' lang='lat' dir='ltr'><strong>reique</strong></span> <span class='ocrx_word' id='word_1_886' title='bbox 1260 5137 1402 5196; x_wconf 82' lang='lat' dir='ltr'><strong>didimltas</strong></span> <span class='ocrx_word' id='word_1_887' title='bbox 1427 5136 1588 5208; x_wconf 91' lang='lat' dir='ltr'><strong>colloquium</strong></span> <span class='ocrx_word' id='word_1_888' title='bbox 1619 5136 1792 5194; x_wconf 75' lang='lat' dir='ltr'><strong>lausanense</strong></span> 
     </span>
     <span class='ocr_line' id='line_1_70' title="bbox 162 5152 1790 5289; baseline -0.005 -23"><span class='ocrx_word' id='word_1_889' title='bbox 162 5152 386 5283; x_wconf 47' lang='lat' dir='ltr'><strong>medemnos,</strong></span> <span class='ocrx_word' id='word_1_890' title='bbox 406 5214 452 5283; x_wconf 91' lang='lat' dir='ltr'><strong>qui</strong></span> <span class='ocrx_word' id='word_1_891' title='bbox 470 5210 635 5267; x_wconf 56' lang='lat' dir='ltr'><strong>liudericum</strong></span> <span class='ocrx_word' id='word_1_892' title='bbox 658 5209 778 5264; x_wconf 88' lang='lat' dir='ltr'><strong>inritatus</strong></span> <span class='ocrx_word' id='word_1_893' title='bbox 791 5204 893 5262; x_wconf 89' lang='lat' dir='ltr'><strong>alienas</strong></span> <span class='ocrx_word' id='word_1_894' title='bbox 908 5205 954 5261; x_wconf 90' lang='lat' dir='ltr'><strong>do·</strong></span> <span class='ocrx_word' id='word_1_895' title='bbox 1002 5221 1170 5284; x_wconf 75' lang='lat' dir='ltr'><strong>pnnuranerar</strong></span> <span class='ocrx_word' id='word_1_896' title='bbox 1191 5212 1242 5268; x_wconf 72' lang='lat' dir='ltr'><strong>nuli</strong></span> <span class='ocrx_word' id='word_1_897' title='bbox 1267 5211 1366 5265; x_wconf 83' lang='lat' dir='ltr'><strong>testum</strong></span> <span class='ocrx_word' id='word_1_898' title='bbox 1381 5209 1502 5263; x_wconf 88' lang='lat' dir='ltr'><strong>omnium</strong></span> <span class='ocrx_word' id='word_1_899' title='bbox 1525 5214 1681 5263; x_wconf 75' lang='lat' dir='ltr'><strong>momorum</strong></span> <span class='ocrx_word' id='word_1_900' title='bbox 1691 5221 1745 5289; x_wconf 79' lang='lat' dir='ltr'><strong>pro</strong></span> <span class='ocrx_word' id='word_1_901' title='bbox 1758 5221 1790 5261; x_wconf 83' lang='lat' dir='ltr'><strong>ea</strong></span> 
     </span>
     <span class='ocr_line' id='line_1_71' title="bbox 84 5274 1792 5353; baseline -0.012 -14"><span class='ocrx_word' id='word_1_902' title='bbox 84 5333 88 5339; x_wconf 92' lang='lat'>.</span> <span class='ocrx_word' id='word_1_903' title='bbox 165 5283 288 5338; x_wconf 89' lang='lat' dir='ltr'><strong>nationes</strong></span> <span class='ocrx_word' id='word_1_904' title='bbox 307 5283 398 5338; x_wconf 81' lang='lat' dir='ltr'><strong>uerbis</strong></span> <span class='ocrx_word' id='word_1_905' title='bbox 421 5280 594 5353; x_wconf 87' lang='lat' dir='ltr'><strong>amplissimis</strong></span> <span class='ocrx_word' id='word_1_906' title='bbox 613 5282 763 5340; x_wconf 79' lang='lat' dir='ltr'><strong>coritirmat,</strong></span> <span class='ocrx_word' id='word_1_907' title='bbox 782 5274 953 5345; x_wconf 78' lang='lat' dir='ltr'><strong>ditioresque</strong></span> <span class='ocrx_word' id='word_1_908' title='bbox 1002 5283 1173 5339; x_wconf 74' lang='lat' dir='ltr'><strong>nntnnnnnnun</strong></span> <span class='ocrx_word' id='word_1_909' title='bbox 1186 5277 1581 5348; x_wconf 63' lang='lat' dir='ltr'><strong>nnnujuumqnunnennnunnn</strong></span> <span class='ocrx_word' id='word_1_910' title='bbox 1596 5276 1699 5333; x_wconf 58' lang='lat' dir='ltr'><strong>usqne„</strong></span> <span class='ocrx_word' id='word_1_911' title='bbox 1712 5291 1792 5347; x_wconf 64' lang='lat' dir='ltr'><strong>nnuf-</strong></span> 
     </span>
     <span class='ocr_line' id='line_1_72' title="bbox 163 5346 1791 5417; baseline -0.01 -1"><span class='ocrx_word' id='word_1_912' title='bbox 163 5350 272 5408; x_wconf 72' lang='lat' dir='ltr'><strong>tanus</strong></span> <span class='ocrx_word' id='word_1_913' title='bbox 283 5351 410 5415; x_wconf 66' lang='lat' dir='ltr'><strong>mittun,</strong></span> <span class='ocrx_word' id='word_1_914' title='bbox 426 5352 460 5408; x_wconf 84' lang='lat' dir='ltr'><strong>oe</strong></span> <span class='ocrx_word' id='word_1_915' title='bbox 474 5364 523 5406; x_wconf 82' lang='lat' dir='ltr'><strong>suo</strong></span> <span class='ocrx_word' id='word_1_916' title='bbox 540 5350 605 5406; x_wconf 79' lang='lat' dir='ltr'><strong>nibil</strong></span> <span class='ocrx_word' id='word_1_917' title='bbox 623 5349 732 5412; x_wconf 74' lang='lat' dir='ltr'><strong>numus,</strong></span> <span class='ocrx_word' id='word_1_918' title='bbox 753 5347 861 5402; x_wconf 78' lang='lat' dir='ltr'><strong>easdem</strong></span> <span class='ocrx_word' id='word_1_919' title='bbox 872 5360 952 5401; x_wconf 79' lang='lat' dir='ltr'><strong>voees</strong></span> <span class='ocrx_word' id='word_1_920' title='bbox 1004 5353 1055 5408; x_wconf 80' lang='lat' dir='ltr'><strong>tuit</strong></span> <span class='ocrx_word' id='word_1_921' title='bbox 1068 5353 1102 5407; x_wconf 82' lang='lat' dir='ltr'><strong>aa</strong></span> <span class='ocrx_word' id='word_1_922' title='bbox 1118 5352 1312 5416; x_wconf 67' lang='lat' dir='ltr'><strong>renensium</strong></span> <span class='ocrx_word' id='word_1_923' title='bbox 1335 5362 1450 5416; x_wconf 85' lang='lat' dir='ltr'><strong>cumque</strong></span> <span class='ocrx_word' id='word_1_924' title='bbox 1463 5346 1570 5402; x_wconf 69' lang='lat' dir='ltr'><strong>trierim</strong></span> <span class='ocrx_word' id='word_1_925' title='bbox 1590 5347 1714 5417; x_wconf 62' lang='lat' dir='ltr'><strong>prumea</strong></span> <span class='ocrx_word' id='word_1_926' title='bbox 1734 5346 1791 5400; x_wconf 74' lang='lat' dir='ltr'><strong>obs</strong></span> 
     </span>
     <span class='ocr_line' id='line_1_73' title="bbox 163 5417 1781 5493; baseline -0.012 -4"><span class='ocrx_word' id='word_1_927' title='bbox 163 5421 293 5478; x_wconf 57' lang='lat' dir='ltr'><strong>“illim</strong></span> <span class='ocrx_word' id='word_1_928' title='bbox 302 5437 351 5478; x_wconf 64' lang='grc' dir='ltr'><strong><em>Μ</em></strong></span> <span class='ocrx_word' id='word_1_929' title='bbox 362 5430 476 5493; x_wconf 57' lang='lat' dir='ltr'><strong>imerii,</strong></span> <span class='ocrx_word' id='word_1_930' title='bbox 489 5435 538 5476; x_wconf 72' lang='lat'><strong>¹¹00</strong></span> <span class='ocrx_word' id='word_1_931' title='bbox 549 5420 673 5475; x_wconf 60' lang='lat' dir='ltr'><strong>deheim·</strong></span> <span class='ocrx_word' id='word_1_932' title='bbox 1002 5424 1054 5478; x_wconf 89' lang='lat' dir='ltr'><strong>erit</strong></span> <span class='ocrx_word' id='word_1_933' title='bbox 1064 5423 1134 5478; x_wconf 90' lang='lat' dir='ltr'><strong>diem</strong></span> <span class='ocrx_word' id='word_1_934' title='bbox 1154 5436 1244 5485; x_wconf 89' lang='lat' dir='ltr'><strong>suum,</strong></span> <span class='ocrx_word' id='word_1_935' title='bbox 1259 5420 1371 5490; x_wconf 76' lang='lat' dir='ltr'><strong>aliaque</strong></span> <span class='ocrx_word' id='word_1_936' title='bbox 1383 5417 1519 5473; x_wconf 88' lang='lat' dir='ltr'><strong>dilationis</strong></span> <span class='ocrx_word' id='word_1_937' title='bbox 1530 5433 1619 5473; x_wconf 71' lang='lat' dir='ltr'><strong>causac</strong></span> <span class='ocrx_word' id='word_1_938' title='bbox 1632 5430 1781 5488; x_wconf 85' lang='lat' dir='ltr'><strong>superrene</strong></span> 
     </span>
     <span class='ocr_line' id='line_1_74' title="bbox 202 5485 1790 5562; baseline -0.003 -17"><span class='ocrx_word' id='word_1_939' title='bbox 202 5489 332 5545; x_wconf 85' lang='lat' dir='ltr'><strong>·liorum</strong></span> <span class='ocrx_word' id='word_1_940' title='bbox 355 5499 436 5561; x_wconf 87' lang='lat' dir='ltr'><strong>atque</strong></span> <span class='ocrx_word' id='word_1_941' title='bbox 459 5499 538 5546; x_wconf 68' lang='lat' dir='ltr'><strong>anua</strong></span> <span class='ocrx_word' id='word_1_942' title='bbox 565 5488 716 5545; x_wconf 86' lang='lat' dir='ltr'><strong>inauditum</strong></span> <span class='ocrx_word' id='word_1_943' title='bbox 740 5500 824 5557; x_wconf 82' lang='lat' dir='ltr'><strong>genus</strong></span> <span class='ocrx_word' id='word_1_944' title='bbox 851 5485 952 5542; x_wconf 86' lang='lat' dir='ltr'><strong>condr·</strong></span> <span class='ocrx_word' id='word_1_945' title='bbox 1003 5493 1068 5557; x_wconf 89' lang='lat' dir='ltr'><strong>rint,</strong></span> <span class='ocrx_word' id='word_1_946' title='bbox 1083 5493 1115 5548; x_wconf 91' lang='lat' dir='ltr'><strong>de</strong></span> <span class='ocrx_word' id='word_1_947' title='bbox 1135 5490 1234 5562; x_wconf 85' lang='lat' dir='ltr'><strong>quibus</strong></span> <span class='ocrx_word' id='word_1_948' title='bbox 1246 5491 1273 5545; x_wconf 93' lang='lat' dir='ltr'><strong>in</strong></span> <span class='ocrx_word' id='word_1_949' title='bbox 1286 5489 1475 5546; x_wconf 86' lang='lat' dir='ltr'><strong>dissertatione</strong></span> <span class='ocrx_word' id='word_1_950' title='bbox 1492 5502 1552 5542; x_wconf 81' lang='lat' dir='ltr'><strong>suna</strong></span> <span class='ocrx_word' id='word_1_951' title='bbox 1567 5486 1681 5552; x_wconf 78' lang='lat' dir='ltr'><strong>locutus</strong></span> <span class='ocrx_word' id='word_1_952' title='bbox 1699 5486 1790 5542; x_wconf 80' lang='lat' dir='ltr'><strong>tandiu</strong></span> 
     </span>
     <span class='ocr_line' id='line_1_75' title="bbox 165 5555 1792 5633; baseline -0.001 -19"><span class='ocrx_word' id='word_1_953' title='bbox 165 5558 256 5614; x_wconf 77' lang='lat' dir='ltr'><strong>mandi</strong></span> <span class='ocrx_word' id='word_1_954' title='bbox 269 5559 398 5616; x_wconf 73' lang='lat' dir='ltr'><strong>Ecclesia</strong></span> <span class='ocrx_word' id='word_1_955' title='bbox 413 5558 476 5629; x_wconf 83' lang='lat' dir='ltr'><strong>jura</strong></span> <span class='ocrx_word' id='word_1_956' title='bbox 487 5558 666 5633; x_wconf 86' lang='lat' dir='ltr'><strong>apertissimis</strong></span> <span class='ocrx_word' id='word_1_957' title='bbox 689 5557 778 5611; x_wconf 81' lang='lat' dir='ltr'><strong>serbis</strong></span> <span class='ocrx_word' id='word_1_958' title='bbox 792 5557 826 5611; x_wconf 89' lang='lat' dir='ltr'><strong>ad</strong></span> <span class='ocrx_word' id='word_1_959' title='bbox 840 5571 953 5612; x_wconf 91' lang='lat' dir='ltr'><strong>concor·</strong></span> <span class='ocrx_word' id='word_1_960' title='bbox 1003 5562 1158 5619; x_wconf 87' lang='lat' dir='ltr'><strong>solemnitas</strong></span> <span class='ocrx_word' id='word_1_961' title='bbox 1176 5562 1258 5617; x_wconf 82' lang='lat' dir='ltr'><strong>dilata</strong></span> <span class='ocrx_word' id='word_1_962' title='bbox 1281 5557 1341 5623; x_wconf 85' lang='lat' dir='ltr'><strong>luit,</strong></span> <span class='ocrx_word' id='word_1_963' title='bbox 1357 5566 1387 5612; x_wconf 93' lang='lat' dir='ltr'><strong>ut</strong></span> <span class='ocrx_word' id='word_1_964' title='bbox 1405 5572 1466 5615; x_wconf 86' lang='lat' dir='ltr'><strong>eam</strong></span> <span class='ocrx_word' id='word_1_965' title='bbox 1484 5555 1637 5613; x_wconf 84' lang='lat' dir='ltr'><strong>celebrandi</strong></span> <span class='ocrx_word' id='word_1_966' title='bbox 1657 5572 1720 5628; x_wconf 82' lang='lat' dir='ltr'><strong>spes</strong></span> <span class='ocrx_word' id='word_1_967' title='bbox 1734 5567 1792 5612; x_wconf 80' lang='lat' dir='ltr'><strong>tan·</strong></span> 
     </span>
     <span class='ocr_line' id='line_1_76' title="bbox 166 5627 1412 5701; baseline 0 -20"><span class='ocrx_word' id='word_1_968' title='bbox 166 5627 238 5681; x_wconf 70' lang='lat' dir='ltr'><strong>tlirttit</strong></span> <span class='ocrx_word' id='word_1_969' title='bbox 257 5628 401 5686; x_wconf 77' lang='lat' dir='ltr'><strong>ttoetdolll</strong></span> <span class='ocrx_word' id='word_1_970' title='bbox 422 5638 449 5685; x_wconf 81' lang='lat' dir='ltr'><strong>til</strong></span> <span class='ocrx_word' id='word_1_971' title='bbox 464 5631 568 5701; x_wconf 79' lang='lat' dir='ltr'><strong>imperil</strong></span> <span class='ocrx_word' id='word_1_972' title='bbox 588 5634 716 5685; x_wconf 80' lang='lat' dir='ltr'><strong>codrclol.</strong></span> <span class='ocrx_word' id='word_1_973' title='bbox 737 5627 951 5692; x_wconf 70' lang='lat' dir='ltr'><strong>littamt‘isettittt</strong></span> <span class='ocrx_word' id='word_1_974' title='bbox 1004 5630 1323 5689; x_wconf 66' lang='lat' dir='ltr'><strong>deunorrrnisctunucrii.</strong></span> <span class='ocrx_word' id='word_1_975' title='bbox 1410 5692 1412 5696; x_wconf 8' lang='grc' dir='ltr'>ὗ</span> 
     </span>
     <span class='ocr_line' id='line_1_77' title="bbox 166 5695 952 5771; baseline 0 -18"><span class='ocrx_word' id='word_1_976' title='bbox 166 5695 278 5753; x_wconf 80' lang='lat' dir='ltr'><strong>rebelles</strong></span> <span class='ocrx_word' id='word_1_977' title='bbox 290 5698 420 5769; x_wconf 84' lang='lat' dir='ltr'><strong>pontilicii</strong></span> <span class='ocrx_word' id='word_1_978' title='bbox 435 5700 599 5771; x_wconf 83' lang='lat' dir='ltr'><strong>principatus</strong></span> <span class='ocrx_word' id='word_1_979' title='bbox 611 5698 711 5754; x_wconf 83' lang='lat' dir='ltr'><strong>snbdm</strong></span> <span class='ocrx_word' id='word_1_980' title='bbox 729 5714 780 5751; x_wconf 85' lang='lat' dir='ltr'><strong>noa</strong></span> <span class='ocrx_word' id='word_1_981' title='bbox 799 5712 893 5766; x_wconf 71' lang='lat' dir='ltr'><strong>parurn</strong></span> <span class='ocrx_word' id='word_1_982' title='bbox 908 5712 952 5753; x_wconf 83' lang='lat' dir='ltr'><strong>trc-</strong></span> 
     </span>
    </p>
   </div>
   <div class='ocr_carea' id='block_1_6' title="bbox 0 0 1896 6116">
    <p class='ocr_par' dir='ltr' id='par_1_6' title="bbox 0 0 1896 6116">
     <span class='ocr_line' id='line_1_78' title="bbox 0 0 1896 6116; baseline 0 0"><span class='ocrx_word' id='word_1_983' title='bbox 0 0 1896 6116; x_wconf 95' lang='lat' dir='ltr'><strong> </strong></span> 
     </span>
    </p>
   </div>
  </div>
 </body>
</html>
