3780 6120
77 380 128 439 stt
212 385 288 442 Col).
310 386 445 442 titt‘tob.
476 417 499 428 —
519 385 664 454 trebeta,
686 390 773 454 ETC„
796 391 861 447 SEU
881 394 995 450 CODEX
1014 397 1220 455 cauettn'es.
1240 431 1275 440 —
1294 399 1368 454 tete.
1389 390 1510 457 teonis
1528 401 1569 456 lll.
1651 398 1703 456 ete

111 499 220 555 Scimus
232 501 314 571 igitur
330 511 446 558 vestram
466 519 481 558 a
503 503 558 559 lico
572 512 720 574 protectam
742 506 868 574 imperia·
882 509 906 564 A
920 506 1022 574 pbitani
1034 508 1168 578 aliquanta
1180 512 1481 584 congregantesnavigia
1495 512 1522 566 in
1533 511 1633 567 auxilio
1645 513 1703 579 ejus

73 586 126 642 lem
140 591 289 658 potentiam
311 607 417 661 semper
438 596 471 648 de
486 595 639 664 integritate
653 603 680 649 et
704 597 867 652 exalmtione
915 598 1050 652 abierunt.
1074 596 1247 656 Postmodum
1270 617 1345 666 rem,
1374 603 1701 673 utaudivinrus,ingressi

73 686 155 747 atque
175 680 297 735 custodia
312 682 474 737 matrissuae
495 693 595 739 sanctae
615 686 742 741 Ecclesia*
756 685 867 756 ejusqne
915 695 977 741 sunt
995 686 1044 756 ipsi
1059 688 1243 744 nefandissimi
1261 690 1356 754 lineri,
1373 691 1502 745 tredecim
1513 691 1701 747 stilieetnari-

73 767 172 823 finibus
185 770 389 826 solertissimam
402 772 501 828 habere
526 772 743 839 sollicitudinem,
765 785 793 831 et
806 775 866 830 ideo
893 800 896 805 ¹
914 774 967 845 gia,
983 776 1010 830 in
1023 777 1135 831 insulam
1152 795 1211 848 quae
1223 778 1322 833 dicitur
1332 778 1509 848 lampadusa,
1524 780 1697 848 partibusSi·

72 865 167 912 uotum
181 856 295 914 iacimus
315 860 453 915 serenitati
466 871 562 917 restrae
574 877 606 916 ea
619 878 680 931 qum
694 879 780 931 nuper
790 864 865 918 audi·
912 864 980 920 ciliae
997 868 1150 935 constipata,
1167 875 1193 921 et
1208 868 1361 936 praedavere
1370 884 1439 922 eant.
1451 868 1572 938 Cumque
1586 864 1618 926 de
1631 885 1699 940 praa

71 947 160 1001 rimus
171 955 199 1002 et
210 961 243 1002 ex
262 957 338 1017 parte
351 950 417 1004 certi
431 965 524 1004 suanus
539 963 562 1003 ε.
581 951 684 1006 llestre
695 949 827 1020 ‘siquidem
847 968 863 1007 a
911 955 982 1010 dicto
993 954 1149 1012 Graecorum
1162 957 1234 1013 stolo
1243 965 1346 1026 septem
1361 958 1466 1027 navigia
1491 959 1584 1013 itidem
1602 961 1695 1029 esple-

72 1032 126 1091 llco
149 1037 219 1094 datae
239 1038 377 1107 sapientie
399 1038 565 1108 incognitum
587 1056 641 1093 non
662 1041 793 1110 estquod
818 1040 862 1095 illa
911 1045 995 1099 rande
1008 1047 1200 1114 perrexissent,
1219 1058 1297 1103 ntsc.
1314 1048 1455 1103 veritatem
1470 1064 1631 1117 cognoscere
1648 1067 1696 1119 pn

71 1123 262 1182 nefandissima
273 1127 457 1198 Aperenomm
471 1142 536 1197 gens
546 1132 667 1198 partibus
681 1128 780 1184 Siciliae
791 1147 861 1186 anne
910 1134 1033 1200 tuissent,
1048 1136 1305 1205 comprehendentes
1324 1153 1371 1193 eos
1385 1137 1441 1193 Deo
1465 1139 1578 1194 odibiles
1599 1140 1694 1198 llam-i.

71 1224 202 1284 prasente
224 1218 317 1272 venire
342 1218 540 1272 consiliaverat.
569 1216 646 1272 Nune
665 1227 765 1284 antem,
790 1221 860 1275 sient
909 1223 1137 1279 occideruntillos
1161 1245 1168 1280 :
1192 1236 1220 1281 et
1245 1229 1523 1297 dnmexspectassent
1545 1245 1592 1285 eos
1608 1229 1694 1286 Graeci

71 1306 241 1372 audivimus,
265 1307 292 1361 in
320 1307 479 1376 quibusdam
498 1306 653 1362 Graecorum
676 1307 770 1363 insulis
795 1326 859 1365 cen·
907 1315 953 1383 qui
972 1315 1102 1370 miserunt
1116 1316 1216 1372 idosad
1224 1319 1429 1386 explorandum,
1443 1329 1469 1374 et
1483 1320 1592 1374 minime
1603 1330 1694 1376 essent

69 1394 224 1466 iunxerunt.
245 1395 297 1453 Pro
308 1398 407 1467 quibus
419 1414 483 1453 vero
495 1398 568 1454 misit
580 1399 692 1455 llicbael
713 1400 859 1470 imperator
907 1405 1018 1469 reversi,
1038 1408 1163 1461 abierunt
1178 1409 1340 1474 peneraliter
1355 1426 1437 1478 super
1456 1427 1513 1475 eos,
1529 1420 1565 1475 et,
1585 1411 1694 1468 Christo

70 1489 417 1561 patriciumletspadarios
428 1507 488 1547 cam
498 1491 576 1558 stole,
587 1500 716 1548 utcontra
728 1494 857 1549 eosClni-
905 1494 1060 1560 miserante,
1081 1504 1151 1551 totos
1170 1496 1228 1553 illos
1241 1501 1345 1569 iniquos
1360 1500 1466 1556 llamos
1477 1503 1642 1569 oeciderunt,
1656 1504 1692 1558 ita

64 1587 111 1662 ¹sto
120 1578 176 1650 73
189 1580 334 1649 adjurante
346 1582 474 1637 dimicare
486 1581 649 1636 debuissent.
666 1581 786 1652 Cumque
797 1582 855 1653 ipse
903 1598 933 1644 ut
946 1605 995 1645 ncc
1008 1608 1089 1646 uirum
1107 1607 1139 1646 er
1156 1594 1195 1648 eis
1210 1594 1297 1647 virum
1319 1594 1485 1663 reliquerint.
1501 1595 1585 1650 Porro
1598 1605 1625 1651 et
1639 1597 1690 1651 boc

70 1671 195 1739 patricius
208 1671 235 1725 in
246 1669 365 1727 Siciliam
373 1670 565 1741 conjunxisset,
577 1670 674 1727 direxit
684 1673 780 1729 missos
791 1690 854 1728 suos
904 1679 1016 1733 relatnm
1030 1689 1072 1735 est
1091 1683 1168 1737 nobis
1181 1701 1187 1736 :
1202 1684 1378 1754 qnadraginta
1390 1700 1471 1739 naves
1488 1685 1520 1741 de
1533 1685 1597 1755 ipsis
1614 1686 1689 1742 blau-

70 1775 113 1830 per
123 1761 306 1816 &reventum
318 1761 353 1816 ad
372 1761 530 1817 Antbimum
551 1774 562 1801 ⁰
580 1762 784 1832 Neapolitanum
803 1766 852 1818 du·
902 1769 940 1823 ris
949 1779 1079 1823 venerunt
1090 1772 1118 1825 in
1129 1771 1242 1826 insulam
1261 1788 1321 1841 que
1342 1773 1452 1828 Pontias
1477 1775 1619 1841 incitatur,
1645 1777 1690 1831 ubi

70 1858 177 1914 cermel
201 1865 263 1904 cnm
288 1858 344 1905 toto
363 1851 420 1920 ipso
438 1851 614 1920 Neapolitano
630 1853 727 1908 ducatu
747 1855 792 1924 qui
816 1856 852 1909 illi
871 1836 1029 1911 ¹³monachi
1053 1858 1253 1925 residebant‚et
1268 1861 1456 1930 praedaverunt
1470 1878 1540 1917 cam.
1567 1865 1688 1920 Postmo-

70 1939 172 1994 obedire
187 1939 333 1995 voluissent
348 1940 441 1996 navale
459 1942 589 1995 auxilium
612 1944 636 1996 ei
655 1944 776 2012 prebere
800 1953 854 2000 stn-
904 1941 968 2001 dnm
983 1963 1046 2002 rere
1055 1948 1223 2018 egredientes
1239 1964 1272 2002 ex
1286 1964 1317 2003 ea
1330 1950 1443 2019 ingressi
1455 1960 1517 2005 snat
1529 1952 1556 2005 in
1571 1953 1685 2008 insnlam

71 2027 191 2083 luissent.
206 2027 256 2094 Qui
269 2043 334 2083 vem
344 2030 397 2085 dux
410 2032 566 2086 occasiones
580 2044 734 2101 proponens
755 2034 782 2088 in
806 2039 853 2091 ad·
903 2039 1112 2108 quamdamqum
1123 2038 1221 2092 dicitnr
1230 2038 1296 2092 lscla
1307 2038 1409 2108 maiore
1418 2038 1442 2103 d,
1451 2055 1504 2093 noa
1515 2038 1614 2109 longea
1623 2041 1689 2096 Nea-

68 2114 161 2188 iatnrio
174 2115 234 2187 ejus
251 2117 291 2175 ire
307 2120 477 2191 contempsit.
490 2120 611 2192 cajetan
623 2130 713 2180 tamen
724 2133 752 2180 ct
762 2127 853 2181 bmal-
902 2126 1020 2198 politam
1032 2128 1098 2184 urbe
1111 2126 1295 2199 wmibiaria
1307 2125 1459 2202 [militaria]
1471 2146 1538 2197 xxx3
1552 2131 1638 2201 inqua
1650 2131 1688 2185 la-

901 2307 974 2370 gesta
985 2299 1075 2355 omnia
1091 2312 1150 2368 qum
1169 2298 1293 2355 moeroris
1310 2314 1389 2355 cansa
1402 2298 1520 2362 laterent,
1545 2301 1599 2354 bnc
1612 2299 1689 2368 rejici

902 2376 1195 2439 trenuaquampossunt.
1206 2369 1452 2439 llucacceditqnod
1460 2371 1482 2424 si
1490 2370 1601 2424 llicbnel
1610 2371 1686 2426 initio

71 2451 140 2506 quarn
156 2438 342 2504 dubiarelert,
360 2440 529 2510 secernitque
539 2442 574 2498 ab
590 2442 623 2495 iis
634 2457 694 2511 qiam
710 2453 785 2499 certo
803 2461 851 2499 no·
901 2441 942 2494 sui
954 2439 1058 2507 imperii
1070 2456 1104 2494 cx
1122 2439 1277 2562 Eqirrbardo
1292 2440 1361 2563 almd
1375 2440 1517 2494 lenonium
1535 2449 1561 2493 et
1574 2440 1685 2511 Pagium

71 2517 110 2560 rat.
127 2506 326 2563 Saracenorum
343 2508 483 2579 appulsum
502 2511 536 2565 nd
551 2511 650 2565 insulas
671 2510 847 2579 Graeconmu
900 2509 1009 2581 (Barou-
1030 2508 1092 2571 8¹2.
1106 2525 1134 2564 n·
1167 2509 1277 2581 231'23·
1293 2511 1302 2562 ἰ
1320 2509 1369 2574 td„
1388 2526 1461 2564 num·
1477 2510 1503 2580 7)
1521 2525 1571 2578 90¹·
1584 2509 1687 2581 legatas

71 2573 235 2646 lampadusa
250 2579 425 2633 vastationem
440 2579 474 2632 ab
495 2578 590 2634 iisdem
604 2579 722 2646 lactam;
747 2592 848 2653 septem
899 2595 963 2635 suos
980 2577 1096 2634 firmavit
1114 2593 1207 2647 pacem
1218 2578 1380 2649 aquisgrani
1395 2595 1455 2633 enin
1468 2579 1574 2643 Carolo,
1591 2589 1618 2633 et
1632 2581 1686 2635 llo-

69 2642 167 2700 tranas
187 2660 271 2701 naves
291 2649 460 2717 exploratum
482 2649 585 2712 missas,
605 2652 790 2722 praedatusque
802 2669 850 2724 per
899 2664 950 2704 rum
966 2664 1026 2704 curn
1041 2649 1152 2705 Leone:
1171 2647 1223 2702 buc
1237 2650 1317 2702 ctiam
1331 2648 1424 2702 relerri
1438 2650 1535 2703 debent
1549 2664 1608 2717 qum
1624 2664 1685 2703 aar·

69 2711 219 2779 Saracenos,
230 2716 383 2772 bominibus
394 2718 428 2772 ad
440 2732 522 2772 unum
532 2720 628 2781 caesis,
644 2736 748 2776 necnon
761 2739 849 2780 eonn-
899 2728 995 2773 rantnr
1005 2720 1031 2773 in
1044 2719 1168 2788 epistola.
1180 2717 1375 2782 NamCarolns‚
1388 2718 1431 2771 vir
1445 2719 1564 2772 dimissis
1578 2719 1682 2787 legatis,

68 2796 135 2841 terso
149 2783 438 2854 Naurospostmodum
454 2788 563 2843 omnino
585 2789 684 2844 deletos
702 2807 717 2845 a
735 2791 846 2856 Grecis,
898 2787 932 2844 de
945 2788 1020 2843 ltalia
1034 2789 1162 2844 servanda
1171 2787 1328 2842 deliberarit
1346 2788 1682 2858 inconsentubqnisgrani

68 2859 186 2925 ananan·
203 2854 293 2920 dubia,
308 2857 462 2911 anatinam
481 2857 542 2913 balei
554 2860 733 2916 conanendac.
747 2862 847 2918 contra
897 2858 999 2928 pariter
1019 2866 1122 2920 coacta,
1142 2876 1151 2908 ‹
1179 2857 1399 2925 propietatem
1431 2857 1525 2912 elassis
1557 2872 1616 2927 qna
1649 2858 1683 2914 dc

67 2923 212 2981 &crevisse
232 2925 382 2981 Saracenos
404 2927 455 2981 boc
478 2941 548 2982 anno
575 2928 695 2983 Siciliam
716 2934 845 3003 aggredi3
896 2926 987 2982 Alrica
1003 2936 1030 2981 et
1044 2927 1076 2982 de
1091 2925 1219 2995 llispnnia
1229 2927 1263 2981 ad
1278 2927 1433 2981 vastandam
1445 2926 1547 2981 ltaliam
1569 2936 1681 2982 ventura

66 2994 202 3051 nivernum
217 2993 318 3050 Graecae
329 2996 437 3061 classim
451 2998 619 3052 abbutbime
629 3012 724 3069 negata
736 3003 843 3067 auxilia,
896 2996 1060 3052 dicebatur»
1075 2995 1159 3068 (Peg.
1178 2995 1254 3059 itte,
1277 3011 1303 3049 n.
1325 2998 1363 3067 9).
1381 2995 1493 3050 Notandi
1512 2997 1592 3050 etiam
1618 3007 1681 3051 snut

65 3066 233 3135 ademquea
253 3065 387 3133 Caietanis
402 3076 429 3120 et
449 3066 646 3147 Amalphitanis
663 3070 795 3137 praebita;
818 3082 845 3127 ar
897 3065 978 3137 legati
992 3069 1026 3122 ab
1051 3066 1211 3135 imperatore
1233 3066 1329 3120 missi:
1347 3085 1357 3117 a
1378 3065 1491 3135 Legatos
1508 3082 1572 3122 sues
1584 3068 1682 3122 direxit

97 2299 251 2354 ·boranda
273 2300 409 2369 pontilicis
430 2300 593 2370 perdentia:
618 2304 758 2358 nonenim
780 2319 852 2374 qnae-

72 2381 166 2440 etnque
183 2369 279 2424 scribit
300 2379 373 2424 certa
396 2385 455 2425 esse
470 2370 590 2427 latetur:
614 2374 660 2428 sed
684 2374 775 2428 audita
793 2383 851 2429 tarr-

64 3129 207 3189 bsularum
225 3133 327 3191 Pontias
344 3145 424 3204 atque
439 3135 511 3190 iselae
526 3138 679 3192 invasiones
694 3154 743 3208 pru
763 3144 845 3197 certis
858 3173 882 3237 c
897 3136 1052 3192 lliebaelem
1069 3135 1171 3190 scilieet
1191 3137 1345 3204 episcopum
1360 3145 1387 3189 et
1403 3137 1573 3203 alr-saphica,
1600 3146 1681 3205 atqne

64 3211 299 3328 milltat’cbronioo
320 3272 494 3343 Neapolitano
515 3275 585 3344 apud
603 3276 742 3332 Pratillum
766 3280 843 3349 (tom.

896 3206 1094 3276 Theognostum
1109 3207 1363 3273 protospatharios.»
1377 3205 1470 3259 Nonne
1480 3207 1560 3274 igitur·
1570 3213 1596 3259 et
1610 3206 1678 3261 alins

896 3275 1009 3331 llicbael
1023 3275 1162 3345 patricius,
1178 3275 1223 3343 qui
1236 3291 1296 3329 cum
1306 3274 1452 3343 spathariis
1467 3276 1580 3330 classem
1599 3277 1679 3330 duce-

63 3336 103 3401 N.
134 3345 198 3413 pag,
220 3341 266 3411 35)
292 3341 426 3398 lliehaelis
449 3358 547 3398 nontcn
571 3346 697 3401 tribuitur
720 3350 843 3416 patricio.
894 3354 937 3401 ret
951 3346 977 3399 in
989 3344 1107 3399 Siciliam
1121 3345 1350 3413 Constantinopoli
1365 3345 1519 3400 exstiterit?

134 3411 205 3468 teris
218 3412 356 3467 incuriane
376 3412 402 3467 id
415 3410 527 3477 laetum,
551 3430 585 3468 an
598 3417 727 3483 patricius
749 3419 844 3474 eodem

928 3415 943 3455 ἃ
962 3413 1082 3468 AEnariae
1105 3414 1209 3477 insule,
1229 3430 1288 3484 qnae
1305 3424 1332 3469 et
1349 3414 1463 3469 lnarime
1488 3422 1516 3469 et
1535 3413 1680 3470 l‘itbecusa

131 3484 235 3535 taretur
257 3482 365 3536 nontine
384 3490 465 3551 atqrre
489 3481 652 3551 impernmr,
675 3487 776 3541 incerta
801 3503 844 3543 res
893 3483 957 3539 olim
978 3483 1169 3552 appellabatur,
1199 3484 1273 3538 lsclae
1296 3494 1392 3537 nomen
1414 3485 1560 3540 accessisse
1582 3500 1596 3536 a
1615 3488 1681 3543 noni

61 3556 113 3604 cst:
140 3549 245 3607 nullum
268 3551 331 3619 quip
351 3567 365 3605 e
387 3566 484 3605 nonren
528 3552 648 3608 resciert
671 3555 698 3609 in
717 3556 842 3625 epistola.
893 3553 982 3608 saeculi
996 3553 1073 3607 initio
1085 3552 1151 3607 nulli
1168 3563 1292 3607 auctores
1305 3555 1407 3608 dicuat.
1423 3553 1548 3608 Attamen
1565 3555 1680 3622 epistola

61 3610 218 3700 haterius
232 3619 312 3700 nimis
325 3566 438 3675 ddenter
454 3621 478 3701 ei
509 3622 561 3677 ecit
581 3639 677 3678 noritrn
693 3624 840 3696 Gregorio:
892 3623 952 3677 baec
964 3623 1000 3701 de·
1015 3621 1067 3674 alia
1080 3621 1167 3702 insula
1193 3637 1245 3675 non
1266 3622 1392 3690 loquitur,
1420 3623 1526 3678 tametsi
1548 3623 1583 3677 30
1608 3627 1674 3678 niill.

60 3694 204 3760 sperma
220 3687 319 3744 stetim
337 3689 517 3758 appellatione
539 3692 580 3746 nr
597 3695 692 3749 arastus
711 3704 753 3748 est
766 3697 844 3750 dece·
892 3690 1001 3761 Neapoli
1021 3691 1115 3745 abesse
1133 3690 1249 3753 urrann,
1274 3707 1334 3744 curn
1358 3708 1403 3745 ser
1419 3693 1602 3746 antummodo
1614 3694 1681 3747 inde

59 3766 123 3883 tur.
145 3757 225 3824 Quod
238 3758 347 3812 minime
367 3758 405 3813 nti
421 3759 571 3825 aceiisset,
590 3762 640 3817 nisi
662 3765 731 3818 banc
747 3765 843 3832 episto-
893 3761 983 3816 distet.
1013 3759 1069 3814 Gur
1108 3759 1193 3824 maior
1225 3768 1336 3813 vacetur
1367 3775 1420 3813 non
1458 3761 1586 3829 intelligo,
1621 3764 1679 3821 nisi

80 3827 610 3897 madsequenternmirrumdistulisset;
625 3848 841 3889 nataticumanno
892 3829 961 3885 lorte
989 3827 1081 3889 lscioe,
1112 3840 1172 3896 quae
1191 3828 1252 3882 eliis
1281 3828 1460 3893 Pattditlssrla,
1498 3845 1581 3898 prope
1605 3829 1675 3884 ¹¹0¹!-

58 3895 145 3951 tedera
168 3895 349 3955 trientinae
364 3899 432 3954 «tace
451 3901 514 3963 sint,
531 3916 590 3970 qtrae
611 3917 671 3955 ritox
685 3912 838 3970 serprcntur,
890 3901 954 3953 tiam
969 3898 1049 3969 (Plin.
1075 3896 1094 3950 l.
1119 3913 1160 3959 nt,
1174 3913 1199 3952 c.
1215 3896 1242 3966 7)
1261 3898 1329 3951 ratio
1344 3899 1485 3962 habeatnr,
1501 3914 1561 3967 qiam
1573 3909 1600 3952 et
1615 3900 1671 3969 ipsa

57 3962 213 4037 seregent
234 3966 340 4037 patricii
365 3970 390 4023 in
412 3969 534 4038 utrisque
556 3972 656 4025 mentio
680 3971 734 4034 dat,
758 3972 840 4032 alium
891 3976 946 4023 tarra
963 3967 1090 4035 temporis
1102 3965 1208 4021 audiret
1225 3967 1303 4022 lscla.
1329 3966 1405 4033 erod
1424 3977 1513 4021 nutem
1532 3968 1628 4022 attinet
1640 3971 1680 4025 ad.

59 4040 104 4089 sin
120 4050 184 4091 esse
200 4036 294 4091 dacem
307 4037 402 4094 classis
416 4038 562 4093 arbitratus
575 4048 626 4094 est.
647 4040 685 4094 lta
698 4041 838 4108 patricius,
890 4037 1072 4101 militariam,
1087 4037 1164 4091 video
1176 4035 1350 4104 Contingium
1363 4037 1450 4106 prima
1462 4039 1488 4091 in
1501 4038 1618 4092 editione
1627 4054 1673 4092 an.

57 4104 160 4229 Nil
173 4107 776 4248 “callididatis‘'titillat''t'l
791 4127 841 4236 li
889 4105 1674 4245 tltretractabaminritamenta

58 4240 151 4298 eram
163 4244 248 4299 maris
261 4245 295 4300 ab
307 4261 339 4301 eo
351 4246 528 4303 convertitur.
548 4250 645 4318 l'agins
658 4196 839 4317 ‹prroqnel'stas
888 4246 977 4302 litorio
987 4247 1021 4301 30
1035 4245 1200 4309 emendasse,
1212 4246 1288 4314 quasi
1301 4246 1454 4300 llaurornm
1468 4262 1594 4302 nutriems
1610 4247 1676 4304 illue

85 4312 177 4369 istolas
188 4313 266 4368 datas
280 4329 374 4370 omnes
384 4323 460 4386 putat
474 4332 509 4370 an
524 4318 586 4382 sta,
601 4319 687 4387 iisque
699 4320 783 4372 ntitnr
805 4322 838 4375 ad
889 4316 1078 4386 appellentium
1092 4315 1256 4385 designetur.
1272 4315 1305 4370 Et
1325 4332 1389 4371 vero
1403 4315 1507 4371 diceret
1530 4317 1602 4370 illam
1617 4317 1679 4374 Len

87 4378 218 4437 nanim
230 4381 350 4439 historice
360 4384 587 4441 continuationem
600 4404 607 4453 ;
623 4387 735 4457 patricio
749 4395 839 4444 umen
889 4403 940 4440 non
950 4385 994 4441 lua
1011 4383 1151 4457 enNenp.
1164 4385 1236 4449 urbe,
1254 4385 1277 4439 si
1295 4387 1401 4453 triginta
1411 4400 1539 4455 passuum
1553 4385 1677 4444 millibus

56 4451 176 4519 relecto
205 4453 288 4507 maris
314 4454 415 4509 nullum
440 4470 523 4510 armus
549 4465 591 4511 est
610 4471 707 4511 nomen
735 4457 834 4522 lacere,
888 4464 960 4511 esset
985 4398 1100 4511 dqissita?
1125 4453 1243 4508 Peeudes
1258 4463 1285 4508 es
1310 4455 1410 4512 familia
1435 4455 1671 4527 Neapolitanorum

56 4520 323 4647 'offia'rlrl'e'llnlgugl
342 4523 541 4648 npntrlbertncn:
557 4526 666 4649 irhvelrlrit.
729 4597 735 4609 Ι
780 4598 788 4649 l
850 4509 1522 4649 uffihlffmclffli1¹f⁰⁸0⁵ff¹¹¹’·¹¹l⁸⁵1n⁰⁸⁸⁰l{⁰oe·
1537 4526 1673 4650 diritilma'l

56 4653 244 4742 aaran,
259 4608 606 4743 ,narranaam
625 4606 834 4734 arratam
885 4609 1115 4730 abraam
1132 4597 1610 4733 atr<

57 4722 160 4785 Publio
180 4730 245 4784 editt
272 4739 454 4788 testimonium
478 4747 486 4785 τ
508 4751 518 4783 a
543 4733 666 4789 Antimus
679 4736 724 4803 qui
749 4736 834 4791 noluit
885 4732 948 4787 lerri
961 4734 1058 4786 debere
1072 4747 1080 4785 ε
1094 4747 1210 4802 namque
1227 4731 1265 4786 rili
1276 4681 1339 4787 de?

56 4799 183 4854 ammata
199 4798 304 4854 Domini
319 4802 490 4871 imperatoris
505 4803 624 4867 obedire,
647 4813 676 4857 ut
699 4820 761 4859 cum
784 4822 834 4861 suo
884 4803 1029 4870 politanam
1042 4810 1142 4856 terram
1159 4802 1306 4871 affligentes
1319 4803 1345 4858 in
1359 4804 1425 4857 mari
1438 4813 1501 4858 sum
1513 4804 1671 4874 perdomiti,

55 4869 167 4924 meatu
187 4869 316 4925 adsersus
326 4869 476 4927 Saraccrtos
486 4873 526 4926 irc
542 4873 698 4929 debuisset:
714 4891 832 4944 quapro·
884 4879 911 4924 et
942 4872 1044 4939 leriam
1058 4870 1195 4938 Neapolim
1215 4871 1332 4928 deducti.
1348 4874 1439 4938 Quare
1451 4890 1504 4928 non
1524 4872 1606 4935 lsola,
1620 4876 1673 4932 sed,

55 4944 110 5004 pter
130 4938 170 4993 iili
195 4950 377 5007 pervenerunt
392 4957 478 5010 esque
499 4939 637 5010 Neapolim
663 4945 833 5000 devastantes
884 4888 954 4995 liele
966 4941 1000 4995 ab
1014 4940 1146 5008 scriptore
1158 4940 1260 5022 antiqui
1271 4941 1342 4995 illius
1352 4943 1469 4996 chronici
1476 4958 1535 4997 esse
1547 4943 1668 5011 positum

54 5006 320 5085 melioremne
340 5010 393 5065 ullo
415 5011 556 5066 obstaculo
573 5020 601 5066 et
614 5013 829 5080 impedimento:
882 5009 1062 5070 crediderim;
1087 5017 1115 5060 at
1142 5008 1235 5063 Ubabb
1261 5011 1445 5080 exscriptoris,
1475 5014 1576 5067 aliusve
1601 5013 1670 5064 sitin

55 5078 200 5148 mmlpatus
222 5076 273 5133 luit
295 5079 450 5135 allicbaele
463 5080 576 5150 patricie
599 5081 744 5151 imperialis
755 5099 833 5138 exer·
883 5077 956 5133 lsolc
970 5078 1097 5132 mendose
1111 5079 1250 5159 scriptum.
1263 5080 1300 5134 lta
1316 5080 1436 5148 prolecta
1454 5081 1551 5136 baccam
1576 5081 1669 5135 ridere

54 5145 117 5203 citus
129 5146 184 5201 dux
204 5149 237 5204 de
252 5148 425 5219 intelligentia
443 5166 504 5205 cnm
532 5149 673 5205 Saracenis
692 5153 762 5221 apud
780 5154 832 5208 llo
882 5158 925 5203 est
938 5149 964 5202 in
983 5148 1082 5203 Critice
1097 5146 1171 5217 Pagir
1184 5151 1217 5202 ad
1231 5149 1329 5207 Baran.
1347 5150 1525 5219 (editbucen.
1539 5167 1583 5204 an.
1599 5151 1665 5212 ets,

54 5214 150 5271 Qum
169 5217 368 5300 imperatorem,
393 5220 456 5274 dum
484 5228 590 5287 poterat
608 5220 753 5277 defendere
773 5222 831 5278 loca
882 5234 910 5272 n.
929 5218 985 5287 il).
1000 5217 1057 5285 lpsa
1069 5217 1141 5270 enim
1156 5217 1213 5273 bne
1222 5218 1319 5273 Leoms
1327 5219 1439 5288 epistola
1453 5237 1502 5291 pro
1515 5220 1585 5276 laria
1596 5234 1664 5287 prae

55 5280 104 5349 tta,
120 5295 148 5340 ct
166 5287 275 5355 reliquit
298 5287 447 5342 indefensa.
491 5289 581 5344 Exirit
599 5298 653 5343 tum
672 5290 741 5345 lama
759 5294 831 5360 quod
882 5287 964 5343 selert
988 5285 1070 5341 laeln.
1088 5285 1230 5349 ueterum,
1255 5290 1383 5358 quidquid
1400 5291 1435 5345 sit
1451 5291 1485 5344 de
1500 5289 1601 5344 recenti
1616 5304 1663 5342 nos

54 5354 181 5411 amelius
199 5356 304 5410 beurim
328 5359 393 5426 imp.
420 5357 558 5427 Neapolim
578 5359 710 5424 veniebat,
727 5369 754 5414 et
777 5378 830 5418 non
881 5358 953 5413 mine
965 5356 1250 5424 tertiumdecimum
1266 5357 1365 5413 lactum
1382 5360 1475 5415 volunt
1492 5361 1526 5414 ab
1544 5356 1603 5425 ejus
1616 5372 1665 5427 op-

55 5432 236 5490 mereretur,
248 5426 299 5480 nisi
312 5427 386 5498 prins
397 5445 449 5483 non
461 5427 615 5484 destruebat
631 5429 726 5484 domus
735 5441 763 5484 et
771 5447 831 5485 om·
881 5428 943 5496 pido
969 5425 1127 5481 (lorendicis
1151 5422 1264 5481 lormam
1285 5429 1415 5494 babente;
1439 5444 1502 5483 nam
1525 5427 1664 5485 Concedit

56 5491 92 5546 na
111 5493 181 5549 buna
195 5495 295 5550 domini
310 5497 386 5552 ducis
403 5497 520 5564 Antimi3
535 5495 633 5567 quade
645 5513 675 5552 re
686 5498 738 5553 dux
753 5498 830 5555 bati-
880 5496 972 5552 Graece
986 5495 1073 5549 lacbin
1084 5494 1322 5565 teximdiciturmt
1332 5497 1512 5553 liberedienm
1522 5497 1592 5567 quod
1603 5511 1665 5552 sen-

56 5573 107 5616 ns
119 5564 225 5620 solebat
233 5564 347 5620 Romam
360 5565 462 5637 lugere,
475 5574 503 5621 et
515 5583 569 5622 non
579 5565 676 5637 potuit,
691 5577 718 5621 et
728 5584 783 5637 pre
796 5571 830 5623 ti-
880 5567 929 5628 tio,
941 5575 1083 5633 utramque
1096 5563 1211 5621 insulam
1224 5580 1329 5635 essenp
1364 5566 1455 5621 tiaram
1469 5567 1567 5622 liciam
1576 5566 1665 5623 mine

55 5640 122 5686 tere
133 5641 194 5703 post
205 5649 306 5705 paucos
322 5635 379 5692 dies
393 5647 516 5692 mortuns
526 5644 578 5699 est,
601 5646 629 5691 et
645 5638 752 5692 ducatui
766 5655 828 5694 sne-
881 5651 937 5690 rem
959 5632 1122 5702 induremre
1136 5635 1187 5689 liae
1197 5649 1231 5689 ex
1243 5636 1330 5704 episto
1366 5636 1503 5708 intelligm
1517 5651 1668 5706 aquenum

56 5701 128 5755 cessit
139 5717 209 5758 anno
222 5705 274 5760 sta
289 5703 453 5762 Tbeotistns.
484 5726 494 5758 s
520 5704 645 5761 Proleeto
663 5707 686 5761 si
704 5706 831 5763 batenus
879 5706 962 5760 verni
977 5705 1067 5762 littera
1081 5703 1110 5763 in
1126 5701 1136 5758 l
1154 5711 1257 5765 mutata
1269 5704 1359 5771 luerit,
1375 5705 1491 5774 dtatmrt
1502 5709 1539 5767 ab
1549 5707 1608 5764 aliis
1620 5721 1664 5764 rsa

57 5778 163 5828 urere
172 5773 239 5830 obiit
250 5774 322 5831 diem
346 5791 425 5832 suum
443 5792 487 5835 au.
505 5776 569 5844 8l'd.
587 5774 615 5831 in
640 5775 710 5833 bunc
726 5793 825 5835 annum
879 5775 938 5831 lim.
1219 5796 1226 5807 ·

1337 4733 1451 4789 solutari
1464 4735 1580 4804 bellipen'
1601 4733 1669 4787 Nea-
