<?xml version="1.0" encoding="UTF-8"?>
<!DOCTYPE html PUBLIC "-//W3C//DTD XHTML 1.0 Transitional//EN"
    "http://www.w3.org/TR/xhtml1/DTD/xhtml1-transitional.dtd">
<html xmlns="http://www.w3.org/1999/xhtml" xml:lang="en" lang="en">
 <head>
  <title>
</title>
<meta http-equiv="Content-Type" content="text/html;charset=utf-8" />
  <meta name='ocr-system' content='tesseract 3.04.00' />
  <meta name='ocr-capabilities' content='ocr_page ocr_carea ocr_par ocr_line ocrx_word'/>
</head>
<body>
  <div class='ocr_page' id='page_1' title='image "./patrologiaecurs17goog/patrologiaecurs17goog_0384.png"; bbox 0 0 3780 6120; ppageno 0'>
   <div class='ocr_carea' id='block_1_1' title="bbox 137 287 1773 375">
    <p class='ocr_par' dir='ltr' id='par_1_1' title="bbox 137 287 1773 375">
     <span class='ocr_line' id='line_1_1' title="bbox 137 287 1773 375; baseline -0.005 -7"><span class='ocrx_word' id='word_1_1' title='bbox 137 313 192 372; x_wconf 73' lang='lat'>753</span> <span class='ocrx_word' id='word_1_2' title='bbox 210 312 288 371; x_wconf 85' lang='lat' dir='ltr'>cab.</span> <span class='ocrx_word' id='word_1_3' title='bbox 308 293 580 375; x_wconf 65' lang='lat' dir='ltr'>atres-bobun,</span> <span class='ocrx_word' id='word_1_4' title='bbox 590 306 678 374; x_wconf 81' lang='lat' dir='ltr'>ETC.,</span> <span class='ocrx_word' id='word_1_5' title='bbox 693 306 758 364; x_wconf 87' lang='lat' dir='ltr'>SEU</span> <span class='ocrx_word' id='word_1_6' title='bbox 773 287 1315 364; x_wconf 76' lang='lat' dir='ltr'>eoo.ca1tbttbtts.-ttbt³.-ser.</span> <span class='ocrx_word' id='word_1_7' title='bbox 1336 302 1510 359; x_wconf 80' lang='lat' dir='ltr'>bubotettt</span> <span class='ocrx_word' id='word_1_8' title='bbox 1526 302 1653 359; x_wconf 50' lang='lat' dir='ltr'>t.*ttb.</span> <span class='ocrx_word' id='word_1_9' title='bbox 1664 298 1696 357; x_wconf 86' lang='lat' dir='ltr'>il.</span> <span class='ocrx_word' id='word_1_10' title='bbox 1717 303 1773 360; x_wconf 82' lang='lat' dir='ltr'>ttt</span> 
     </span>
    </p>
   </div>
   <div class='ocr_carea' id='block_1_2' title="bbox 138 417 1776 562">
    <p class='ocr_par' dir='ltr' id='par_1_2' title="bbox 138 417 1776 562">
     <span class='ocr_line' id='line_1_2' title="bbox 138 417 1776 499; baseline -0.004 -15"><span class='ocrx_word' id='word_1_11' title='bbox 138 439 195 484; x_wconf 85' lang='lat' dir='ltr'>ster</span> <span class='ocrx_word' id='word_1_12' title='bbox 210 425 328 494; x_wconf 91' lang='lat' dir='ltr'>tripudio</span> <span class='ocrx_word' id='word_1_13' title='bbox 346 422 473 477; x_wconf 78' lang='lat' dir='ltr'>ineflabili</span> <span class='ocrx_word' id='word_1_14' title='bbox 492 424 664 484; x_wconf 80' lang='lat' dir='ltr'>l‘ccundatus,</span> <span class='ocrx_word' id='word_1_15' title='bbox 681 424 708 477; x_wconf 90' lang='lat' dir='ltr'>iu</span> <span class='ocrx_word' id='word_1_16' title='bbox 730 425 818 477; x_wconf 92' lang='lat' dir='ltr'>sinum</span> <span class='ocrx_word' id='word_1_17' title='bbox 832 421 925 491; x_wconf 80' lang='lat' dir='ltr'>gratim</span> <span class='ocrx_word' id='word_1_18' title='bbox 941 431 963 488; x_wconf 72' lang='lat' dir='ltr'>g</span> <span class='ocrx_word' id='word_1_19' title='bbox 977 417 1090 487; x_wconf 91' lang='lat' dir='ltr'>singuiis</span> <span class='ocrx_word' id='word_1_20' title='bbox 1104 419 1180 472; x_wconf 88' lang='lat' dir='ltr'>vobis</span> <span class='ocrx_word' id='word_1_21' title='bbox 1198 418 1281 498; x_wconf 78' lang='lat' dir='ltr'>ipsias</span> <span class='ocrx_word' id='word_1_22' title='bbox 1302 417 1425 499; x_wconf 32' lang='lat' dir='ltr'>eloquin,</span> <span class='ocrx_word' id='word_1_23' title='bbox 1436 419 1626 498; x_wconf 83' lang='lat' dir='ltr'>proponendis,</span> <span class='ocrx_word' id='word_1_24' title='bbox 1639 421 1726 476; x_wconf 86' lang='lat' dir='ltr'>cidem</span> <span class='ocrx_word' id='word_1_25' title='bbox 1739 422 1776 479; x_wconf 80' lang='lat' dir='ltr'>li—</span> 
     </span>
     <span class='ocr_line' id='line_1_3' title="bbox 139 487 1774 562; baseline -0.001 -14"><span class='ocrx_word' id='word_1_26' title='bbox 139 507 237 552; x_wconf 82' lang='lat' dir='ltr'>restrte</span> <span class='ocrx_word' id='word_1_27' title='bbox 250 494 366 562; x_wconf 84' lang='lat' dir='ltr'>colligite</span> <span class='ocrx_word' id='word_1_28' title='bbox 377 508 532 561; x_wconf 85' lang='lat' dir='ltr'>quaesumus</span> <span class='ocrx_word' id='word_1_29' title='bbox 553 494 637 547; x_wconf 83' lang='lat' dir='ltr'>filium</span> <span class='ocrx_word' id='word_1_30' title='bbox 652 493 814 562; x_wconf 76' lang='lat' dir='ltr'>singularem</span> <span class='ocrx_word' id='word_1_31' title='bbox 829 490 928 546; x_wconf 89' lang='lat' dir='ltr'>restris</span> <span class='ocrx_word' id='word_1_32' title='bbox 979 489 1038 542; x_wconf 92' lang='lat' dir='ltr'>dem</span> <span class='ocrx_word' id='word_1_33' title='bbox 1052 487 1188 542; x_wconf 75' lang='lat' dir='ltr'>credulam</span> <span class='ocrx_word' id='word_1_34' title='bbox 1201 488 1330 542; x_wconf 87' lang='lat' dir='ltr'>adlubere</span> <span class='ocrx_word' id='word_1_35' title='bbox 1342 496 1452 549; x_wconf 89' lang='lat' dir='ltr'>ettretrs,</span> <span class='ocrx_word' id='word_1_36' title='bbox 1476 489 1554 543; x_wconf 90' lang='lat' dir='ltr'>nobrs</span> <span class='ocrx_word' id='word_1_37' title='bbox 1571 489 1603 543; x_wconf 90' lang='lat' dir='ltr'>ad</span> <span class='ocrx_word' id='word_1_38' title='bbox 1621 493 1774 559; x_wconf 81' lang='lat' dir='ltr'>expeditio·</span> 
     </span>
    </p>
   </div>
   <div class='ocr_carea' id='block_1_3' title="bbox 136 559 929 1681">
    <p class='ocr_par' dir='ltr' id='par_1_3' title="bbox 136 559 929 1681">
     <span class='ocr_line' id='line_1_4' title="bbox 138 559 929 631; baseline -0.009 -10"><span class='ocrx_word' id='word_1_39' title='bbox 138 577 165 621; x_wconf 87' lang='lat' dir='ltr'>et</span> <span class='ocrx_word' id='word_1_40' title='bbox 181 565 277 620; x_wconf 87' lang='lat' dir='ltr'>matris</span> <span class='ocrx_word' id='word_1_41' title='bbox 289 563 417 617; x_wconf 78' lang='lat' dir='ltr'>Ecclesiae</span> <span class='ocrx_word' id='word_1_42' title='bbox 433 563 608 631; x_wconf 90' lang='lat' dir='ltr'>beneplacitis</span> <span class='ocrx_word' id='word_1_43' title='bbox 621 578 727 631; x_wconf 80' lang='lat' dir='ltr'>semper</span> <span class='ocrx_word' id='word_1_44' title='bbox 742 563 768 616; x_wconf 93' lang='lat' dir='ltr'>in</span> <span class='ocrx_word' id='word_1_45' title='bbox 787 563 861 616; x_wconf 91' lang='lat' dir='ltr'>omui</span> <span class='ocrx_word' id='word_1_46' title='bbox 874 559 929 630; x_wconf 87' lang='lat' dir='ltr'>spi-</span> 
     </span>
     <span class='ocr_line' id='line_1_5' title="bbox 139 631 928 704; baseline -0.011 -13"><span class='ocrx_word' id='word_1_47' title='bbox 139 639 208 691; x_wconf 91' lang='lat' dir='ltr'>ritns</span> <span class='ocrx_word' id='word_1_48' title='bbox 231 632 441 704; x_wconf 71' lang='lat' dir='ltr'>promptitudine</span> <span class='ocrx_word' id='word_1_49' title='bbox 462 633 630 701; x_wconf 85' lang='lat' dir='ltr'>pariturum,</span> <span class='ocrx_word' id='word_1_50' title='bbox 657 648 723 701; x_wconf 93' lang='lat' dir='ltr'>opus</span> <span class='ocrx_word' id='word_1_51' title='bbox 744 633 790 686; x_wconf 86' lang='lat' dir='ltr'>Del</span> <span class='ocrx_word' id='word_1_52' title='bbox 814 631 928 698; x_wconf 89' lang='lat' dir='ltr'>benigne</span> 
     </span>
     <span class='ocr_line' id='line_1_6' title="bbox 138 702 927 775; baseline -0.008 -16"><span class='ocrx_word' id='word_1_53' title='bbox 138 704 310 775; x_wconf 76' lang='lat' dir='ltr'>perficientes</span> <span class='ocrx_word' id='word_1_54' title='bbox 324 702 352 755; x_wconf 93' lang='lat' dir='ltr'>in</span> <span class='ocrx_word' id='word_1_55' title='bbox 375 703 452 755; x_wconf 91' lang='lat' dir='ltr'>nobis</span> <span class='ocrx_word' id='word_1_56' title='bbox 466 718 499 757; x_wconf 92' lang='lat' dir='ltr'>ex</span> <span class='ocrx_word' id='word_1_57' title='bbox 514 704 611 756; x_wconf 89' lang='lat' dir='ltr'>tradita</span> <span class='ocrx_word' id='word_1_58' title='bbox 634 703 710 756; x_wconf 85' lang='lat' dir='ltr'>robis</span> <span class='ocrx_word' id='word_1_59' title='bbox 723 702 838 770; x_wconf 75' lang='lat' dir='ltr'><strong>desuper</strong></span> <span class='ocrx_word' id='word_1_60' title='bbox 851 708 927 770; x_wconf 92' lang='lat' dir='ltr'>pote-</span> 
     </span>
     <span class='ocr_line' id='line_1_7' title="bbox 138 771 928 841; baseline -0.005 -12"><span class='ocrx_word' id='word_1_61' title='bbox 138 785 247 829; x_wconf 73' lang='lat' dir='ltr'>stater.</span> <span class='ocrx_word' id='word_1_62' title='bbox 269 771 459 827; x_wconf 74' lang='lat' dir='ltr'>Verisimillter</span> <span class='ocrx_word' id='word_1_63' title='bbox 473 772 572 841; x_wconf 89' lang='lat' dir='ltr'>quippe</span> <span class='ocrx_word' id='word_1_64' title='bbox 586 787 638 827; x_wconf 92' lang='lat' dir='ltr'>nou</span> <span class='ocrx_word' id='word_1_65' title='bbox 654 773 781 826; x_wconf 89' lang='lat' dir='ltr'>arbitrari</span> <span class='ocrx_word' id='word_1_66' title='bbox 800 787 853 825; x_wconf 94' lang='lat' dir='ltr'>non</span> <span class='ocrx_word' id='word_1_67' title='bbox 865 786 928 840; x_wconf 89' lang='lat' dir='ltr'>pns-</span> 
     </span>
     <span class='ocr_line' id='line_1_8' title="bbox 138 842 928 913; baseline -0.009 -12"><span class='ocrx_word' id='word_1_68' title='bbox 138 860 248 906; x_wconf 89' lang='lat' dir='ltr'>sumus,</span> <span class='ocrx_word' id='word_1_69' title='bbox 264 842 347 913; x_wconf 78' lang='grc'>369</span> <span class='ocrx_word' id='word_1_70' title='bbox 359 843 430 911; x_wconf 91' lang='lat' dir='ltr'>quod</span> <span class='ocrx_word' id='word_1_71' title='bbox 443 850 496 895; x_wconf 80' lang='lat' dir='ltr'>tam</span> <span class='ocrx_word' id='word_1_72' title='bbox 511 843 602 896; x_wconf 69' lang='lat' dir='ltr'>arduae</span> <span class='ocrx_word' id='word_1_73' title='bbox 616 843 654 896; x_wconf 88' lang='lat' dir='ltr'>rei</span> <span class='ocrx_word' id='word_1_74' title='bbox 668 843 865 910; x_wconf 76' lang='lat' dir='ltr'><strong>consummatio</strong></span> <span class='ocrx_word' id='word_1_75' title='bbox 883 856 928 894; x_wconf 80' lang='lat' dir='ltr'>re</span> 
     </span>
     <span class='ocr_line' id='line_1_9' title="bbox 136 911 929 981; baseline -0.01 -10"><span class='ocrx_word' id='word_1_76' title='bbox 136 926 202 972; x_wconf 71' lang='lat' dir='ltr'>strae</span> <span class='ocrx_word' id='word_1_77' title='bbox 217 915 253 968; x_wconf 93' lang='lat' dir='ltr'>sit</span> <span class='ocrx_word' id='word_1_78' title='bbox 266 912 373 967; x_wconf 82' lang='lat' dir='ltr'>coeiitus</span> <span class='ocrx_word' id='word_1_79' title='bbox 385 911 476 981; x_wconf 78' lang='lat' dir='ltr'>gloria</span> <span class='ocrx_word' id='word_1_80' title='bbox 493 926 644 975; x_wconf 87' lang='lat' dir='ltr'>reservata,</span> <span class='ocrx_word' id='word_1_81' title='bbox 660 920 690 966; x_wconf 94' lang='lat' dir='ltr'>ut</span> <span class='ocrx_word' id='word_1_82' title='bbox 708 913 735 966; x_wconf 93' lang='lat' dir='ltr'>in</span> <span class='ocrx_word' id='word_1_83' title='bbox 758 912 868 967; x_wconf 89' lang='lat' dir='ltr'>dextera</span> <span class='ocrx_word' id='word_1_84' title='bbox 883 925 929 964; x_wconf 87' lang='lat' dir='ltr'>re·</span> 
     </span>
     <span class='ocr_line' id='line_1_10' title="bbox 137 980 927 1052; baseline -0.006 -13"><span class='ocrx_word' id='word_1_85' title='bbox 137 995 195 1040; x_wconf 86' lang='lat' dir='ltr'>stra</span> <span class='ocrx_word' id='word_1_86' title='bbox 214 982 353 1052; x_wconf 80' lang='lat' dir='ltr'>perficiat,</span> <span class='ocrx_word' id='word_1_87' title='bbox 375 981 451 1049; x_wconf 85' lang='lat' dir='ltr'>cujus</span> <span class='ocrx_word' id='word_1_88' title='bbox 465 982 576 1050; x_wconf 77' lang='lat' dir='ltr'>gratiosi</span> <span class='ocrx_word' id='word_1_89' title='bbox 595 982 713 1050; x_wconf 74' lang='lat' dir='ltr'>presidii</span> <span class='ocrx_word' id='word_1_90' title='bbox 728 998 743 1036; x_wconf 92' lang='lat' dir='ltr'>a</span> <span class='ocrx_word' id='word_1_91' title='bbox 759 980 927 1037; x_wconf 89' lang='lat' dir='ltr'>sublimatio-</span> 
     </span>
     <span class='ocr_line' id='line_1_11' title="bbox 137 1049 928 1121; baseline -0.008 -12"><span class='ocrx_word' id='word_1_92' title='bbox 137 1056 182 1110; x_wconf 85' lang='lat' dir='ltr'>nis</span> <span class='ocrx_word' id='word_1_93' title='bbox 197 1063 297 1107; x_wconf 74' lang='lat' dir='ltr'>nostrat</span> <span class='ocrx_word' id='word_1_94' title='bbox 318 1051 451 1121; x_wconf 90' lang='lat' dir='ltr'>principio</span> <span class='ocrx_word' id='word_1_95' title='bbox 471 1067 499 1105; x_wconf 86' lang='lat' dir='ltr'>sc</span> <span class='ocrx_word' id='word_1_96' title='bbox 519 1067 572 1105; x_wconf 92' lang='lat' dir='ltr'>non</span> <span class='ocrx_word' id='word_1_97' title='bbox 588 1051 671 1105; x_wconf 90' lang='lat' dir='ltr'>sensit</span> <span class='ocrx_word' id='word_1_98' title='bbox 684 1061 832 1120; x_wconf 86' lang='lat' dir='ltr'>expertem.</span> <span class='ocrx_word' id='word_1_99' title='bbox 858 1049 928 1105; x_wconf 82' lang='lat' dir='ltr'>Ecce</span> 
     </span>
     <span class='ocr_line' id='line_1_12' title="bbox 138 1120 927 1195; baseline -0.008 -16"><span class='ocrx_word' id='word_1_100' title='bbox 138 1138 204 1195; x_wconf 90' lang='lat' dir='ltr'>ergo</span> <span class='ocrx_word' id='word_1_101' title='bbox 219 1122 347 1177; x_wconf 87' lang='lat' dir='ltr'>venerab.</span> <span class='ocrx_word' id='word_1_102' title='bbox 372 1120 484 1174; x_wconf 79' lang='lat' dir='ltr'>tratrem</span> <span class='ocrx_word' id='word_1_103' title='bbox 507 1121 653 1175; x_wconf 87' lang='lat' dir='ltr'>ilenricum</span> <span class='ocrx_word' id='word_1_104' title='bbox 674 1122 849 1175; x_wconf 81' lang='lat' dir='ltr'>basiliensem</span> <span class='ocrx_word' id='word_1_105' title='bbox 870 1120 927 1189; x_wconf 88' lang='lat' dir='ltr'>epi-</span> 
     </span>
     <span class='ocr_line' id='line_1_13' title="bbox 137 1190 927 1262; baseline -0.009 -14"><span class='ocrx_word' id='word_1_106' title='bbox 137 1207 261 1262; x_wconf 88' lang='lat' dir='ltr'>scopum,</span> <span class='ocrx_word' id='word_1_107' title='bbox 280 1200 342 1251; x_wconf 79' lang='lat' dir='ltr'>etc,</span> <span class='ocrx_word' id='word_1_108' title='bbox 359 1191 462 1244; x_wconf 76' lang='lat' dir='ltr'>hrobis</span> <span class='ocrx_word' id='word_1_109' title='bbox 477 1201 504 1244; x_wconf 89' lang='lat' dir='ltr'>et</span> <span class='ocrx_word' id='word_1_110' title='bbox 518 1190 646 1245; x_wconf 75' lang='lat' dir='ltr'>Eectestae</span> <span class='ocrx_word' id='word_1_111' title='bbox 658 1192 786 1244; x_wconf 75' lang='lat' dir='ltr'>Romanae</span> <span class='ocrx_word' id='word_1_112' title='bbox 802 1193 927 1245; x_wconf 86' lang='lat' dir='ltr'>devotum</span> 
     </span>
     <span class='ocr_line' id='line_1_14' title="bbox 138 1259 927 1328; baseline -0.009 -11"><span class='ocrx_word' id='word_1_113' title='bbox 138 1264 173 1317; x_wconf 89' lang='lat' dir='ltr'>ad</span> <span class='ocrx_word' id='word_1_114' title='bbox 186 1262 361 1317; x_wconf 69' lang='lat' dir='ltr'>beatitudinis</span> <span class='ocrx_word' id='word_1_115' title='bbox 374 1268 469 1314; x_wconf 71' lang='lat' dir='ltr'>restrae</span> <span class='ocrx_word' id='word_1_116' title='bbox 487 1262 568 1328; x_wconf 90' lang='lat' dir='ltr'>pedes</span> <span class='ocrx_word' id='word_1_117' title='bbox 583 1259 785 1316; x_wconf 82' lang='lat' dir='ltr'>fiducialissime</span> <span class='ocrx_word' id='word_1_118' title='bbox 801 1260 927 1314; x_wconf 90' lang='lat' dir='ltr'>duximus</span> 
     </span>
     <span class='ocr_line' id='line_1_15' title="bbox 138 1328 927 1401; baseline -0.006 -16"><span class='ocrx_word' id='word_1_119' title='bbox 138 1333 328 1387; x_wconf 85' lang='lat' dir='ltr'>destinandum</span> <span class='ocrx_word' id='word_1_120' title='bbox 344 1330 455 1398; x_wconf 89' lang='lat' dir='ltr'>supplici</span> <span class='ocrx_word' id='word_1_121' title='bbox 474 1331 615 1385; x_wconf 88' lang='lat' dir='ltr'>tlcrotiouc</span> <span class='ocrx_word' id='word_1_122' title='bbox 627 1339 767 1401; x_wconf 89' lang='lat' dir='ltr'>petentes,</span> <span class='ocrx_word' id='word_1_123' title='bbox 791 1339 821 1384; x_wconf 92' lang='lat' dir='ltr'>ut</span> <span class='ocrx_word' id='word_1_124' title='bbox 843 1330 882 1391; x_wconf 89' lang='lat' dir='ltr'>ei,</span> <span class='ocrx_word' id='word_1_125' title='bbox 900 1328 927 1381; x_wconf 92' lang='lat' dir='ltr'>in</span> 
     </span>
     <span class='ocr_line' id='line_1_16' title="bbox 138 1399 927 1470; baseline -0.008 -14"><span class='ocrx_word' id='word_1_126' title='bbox 138 1417 219 1470; x_wconf 73' lang='lat' dir='ltr'>(tuem</span> <span class='ocrx_word' id='word_1_127' title='bbox 244 1399 439 1455; x_wconf 73' lang='lat' dir='ltr'>transfudimus</span> <span class='ocrx_word' id='word_1_128' title='bbox 461 1401 555 1454; x_wconf 89' lang='lat' dir='ltr'>intima</span> <span class='ocrx_word' id='word_1_129' title='bbox 579 1402 670 1455; x_wconf 90' lang='lat' dir='ltr'>cordis</span> <span class='ocrx_word' id='word_1_130' title='bbox 689 1401 791 1464; x_wconf 92' lang='lat' dir='ltr'>nostri,</span> <span class='ocrx_word' id='word_1_131' title='bbox 806 1400 927 1453; x_wconf 90' lang='lat' dir='ltr'>auditum</span> 
     </span>
     <span class='ocr_line' id='line_1_17' title="bbox 137 1467 928 1541; baseline -0.009 -14"><span class='ocrx_word' id='word_1_132' title='bbox 137 1474 261 1541; x_wconf 75' lang='lat' dir='ltr'>praebere</span> <span class='ocrx_word' id='word_1_133' title='bbox 275 1470 450 1530; x_wconf 83' lang='lat' dir='ltr'>benevolum.</span> <span class='ocrx_word' id='word_1_134' title='bbox 474 1479 501 1524; x_wconf 92' lang='lat' dir='ltr'>et</span> <span class='ocrx_word' id='word_1_135' title='bbox 514 1471 541 1525; x_wconf 93' lang='lat' dir='ltr'>in</span> <span class='ocrx_word' id='word_1_136' title='bbox 555 1472 680 1526; x_wconf 89' lang='lat' dir='ltr'>omnibus</span> <span class='ocrx_word' id='word_1_137' title='bbox 695 1471 795 1525; x_wconf 91' lang='lat' dir='ltr'>nostris</span> <span class='ocrx_word' id='word_1_138' title='bbox 818 1467 928 1538; x_wconf 77' lang='lat' dir='ltr'>agendis</span> 
     </span>
     <span class='ocr_line' id='line_1_18' title="bbox 138 1537 925 1610; baseline -0.005 -14"><span class='ocrx_word' id='word_1_139' title='bbox 138 1543 220 1597; x_wconf 85' lang='lat' dir='ltr'>tidem</span> <span class='ocrx_word' id='word_1_140' title='bbox 244 1540 383 1595; x_wconf 86' lang='lat' dir='ltr'>credulam</span> <span class='ocrx_word' id='word_1_141' title='bbox 406 1541 534 1593; x_wconf 89' lang='lat' dir='ltr'>adbibere</span> <span class='ocrx_word' id='word_1_142' title='bbox 551 1540 713 1610; x_wconf 77' lang='lat' dir='ltr'>dignemini,</span> <span class='ocrx_word' id='word_1_143' title='bbox 736 1541 806 1594; x_wconf 91' lang='lat' dir='ltr'>sieut</span> <span class='ocrx_word' id='word_1_144' title='bbox 833 1537 925 1601; x_wconf 91' lang='lat' dir='ltr'>nobis,</span> 
     </span>
     <span class='ocr_line' id='line_1_19' title="bbox 137 1609 874 1681; baseline -0.005 -15"><span class='ocrx_word' id='word_1_145' title='bbox 137 1611 314 1668; x_wconf 76' lang='lat' dir='ltr'>exauditione</span> <span class='ocrx_word' id='word_1_146' title='bbox 328 1609 372 1680; x_wconf 85' lang='lat' dir='ltr'>[ex</span> <span class='ocrx_word' id='word_1_147' title='bbox 387 1609 534 1681; x_wconf 79' lang='lat' dir='ltr'>auditione]</span> <span class='ocrx_word' id='word_1_148' title='bbox 550 1611 667 1678; x_wconf 80' lang='lat' dir='ltr'>gratuita</span> <span class='ocrx_word' id='word_1_149' title='bbox 683 1612 874 1679; x_wconf 81' lang='lat' dir='ltr'>subsequente.</span> 
     </span>
    </p>
   </div>
   <div class='ocr_carea' id='block_1_4' title="bbox 422 1722 637 1777">
    <p class='ocr_par' dir='ltr' id='par_1_4' title="bbox 422 1722 637 1777">
     <span class='ocr_line' id='line_1_20' title="bbox 422 1722 637 1777; baseline 0 -1"><span class='ocrx_word' id='word_1_150' title='bbox 422 1722 586 1777; x_wconf 71' lang='lat' dir='ltr'>epistota</span> <span class='ocrx_word' id='word_1_151' title='bbox 605 1723 637 1777; x_wconf 91' lang='lat' dir='ltr'>ll.</span> 
     </span>
    </p>
   </div>
   <div class='ocr_carea' id='block_1_5' title="bbox 141 1798 928 1954">
    <p class='ocr_par' dir='ltr' id='par_1_5' title="bbox 141 1798 928 1954">
     <span class='ocr_line' id='line_1_21' title="bbox 141 1798 928 1885; baseline -0.001 -17"><span class='ocrx_word' id='word_1_152' title='bbox 141 1814 295 1885; x_wconf 75' lang='lat' dir='ltr'>liudolphus</span> <span class='ocrx_word' id='word_1_153' title='bbox 318 1815 406 1868; x_wconf 75' lang='lat' dir='ltr'>scribit</span> <span class='ocrx_word' id='word_1_154' title='bbox 427 1815 556 1868; x_wconf 82' lang='lat' dir='ltr'>cardinali</span> <span class='ocrx_word' id='word_1_155' title='bbox 574 1798 752 1884; x_wconf 79' lang='lat' dir='ltr'>postmortem</span> <span class='ocrx_word' id='word_1_156' title='bbox 770 1813 888 1884; x_wconf 81' lang='lat' dir='ltr'>Gregorii</span> <span class='ocrx_word' id='word_1_157' title='bbox 904 1813 928 1867; x_wconf 83' lang='lat' dir='ltr'>tt</span> 
     </span>
     <span class='ocr_line' id='line_1_22' title="bbox 174 1885 892 1954; baseline -0.001 -16"><span class='ocrx_word' id='word_1_158' title='bbox 174 1894 246 1954; x_wconf 86' lang='lat' dir='ltr'>pont.</span> <span class='ocrx_word' id='word_1_159' title='bbox 261 1901 345 1948; x_wconf 68' lang='lat' dir='ltr'>mum,</span> <span class='ocrx_word' id='word_1_160' title='bbox 361 1894 384 1938; x_wconf 89' lang='lat' dir='ltr'>et</span> <span class='ocrx_word' id='word_1_161' title='bbox 402 1885 484 1937; x_wconf 87' lang='lat' dir='ltr'>eidem</span> <span class='ocrx_word' id='word_1_162' title='bbox 499 1885 660 1939; x_wconf 82' lang='lat' dir='ltr'>commendat</span> <span class='ocrx_word' id='word_1_163' title='bbox 676 1885 789 1954; x_wconf 71' lang='lat' dir='ltr'>legatum</span> <span class='ocrx_word' id='word_1_164' title='bbox 806 1900 892 1938; x_wconf 77' lang='lat' dir='ltr'>suam.</span> 
     </span>
    </p>
   </div>
   <div class='ocr_carea' id='block_1_6' title="bbox 302 1972 771 2045">
    <p class='ocr_par' dir='ltr' id='par_1_6' title="bbox 302 1972 771 2045">
     <span class='ocr_line' id='line_1_23' title="bbox 302 1972 771 2045; baseline 0.004 -19"><span class='ocrx_word' id='word_1_165' title='bbox 302 1973 363 2045; x_wconf 84' lang='lat' dir='ltr'>(dn.</span> <span class='ocrx_word' id='word_1_166' title='bbox 378 1973 455 2026; x_wconf 83' lang='lat' dir='ltr'>Uont.</span> <span class='ocrx_word' id='word_1_167' title='bbox 471 1973 548 2038; x_wconf 70' lang='lat' dir='ltr'>teto,</span> <span class='ocrx_word' id='word_1_168' title='bbox 562 1973 619 2027; x_wconf 85' lang='lat' dir='ltr'>eod.</span> <span class='ocrx_word' id='word_1_169' title='bbox 638 1972 709 2027; x_wconf 83' lang='lat' dir='ltr'>Ruti.</span> <span class='ocrx_word' id='word_1_170' title='bbox 728 1976 771 2045; x_wconf 83' lang='grc' dir='ltr'>ιι.)</span> 
     </span>
    </p>
   </div>
   <div class='ocr_carea' id='block_1_7' title="bbox 138 2063 930 2411">
    <p class='ocr_par' dir='ltr' id='par_1_7' title="bbox 138 2063 930 2411">
     <span class='ocr_line' id='line_1_24' title="bbox 138 2063 929 2122; baseline 0.008 -6"><span class='ocrx_word' id='word_1_171' title='bbox 138 2063 339 2118; x_wconf 78' lang='lat' dir='ltr'>Aneuuesrou.</span> <span class='ocrx_word' id='word_1_172' title='bbox 356 2064 502 2118; x_wconf 85' lang='lat' dir='ltr'>-Eadem</span> <span class='ocrx_word' id='word_1_173' title='bbox 520 2065 662 2121; x_wconf 85' lang='lat' dir='ltr'>occasione</span> <span class='ocrx_word' id='word_1_174' title='bbox 681 2080 787 2120; x_wconf 90' lang='lat' dir='ltr'>sacrum</span> <span class='ocrx_word' id='word_1_175' title='bbox 804 2067 929 2122; x_wconf 91' lang='lat' dir='ltr'>cardina-</span> 
     </span>
     <span class='ocr_line' id='line_1_25' title="bbox 176 2132 928 2207; baseline 0.005 -20"><span class='ocrx_word' id='word_1_176' title='bbox 176 2133 241 2187; x_wconf 89' lang='lat' dir='ltr'>lium</span> <span class='ocrx_word' id='word_1_177' title='bbox 259 2132 400 2203; x_wconf 77' lang='lat' dir='ltr'>collegium</span> <span class='ocrx_word' id='word_1_178' title='bbox 414 2134 549 2191; x_wconf 84' lang='lat' dir='ltr'>admonct.</span> <span class='ocrx_word' id='word_1_179' title='bbox 567 2149 595 2188; x_wconf 93' lang='lat' dir='ltr'>se</span> <span class='ocrx_word' id='word_1_180' title='bbox 607 2136 641 2189; x_wconf 91' lang='lat' dir='ltr'>ad</span> <span class='ocrx_word' id='word_1_181' title='bbox 655 2152 752 2190; x_wconf 88' lang='lat' dir='ltr'>novum</span> <span class='ocrx_word' id='word_1_182' title='bbox 765 2136 928 2207; x_wconf 87' lang='lat' dir='ltr'>pontillcem,</span> 
     </span>
     <span class='ocr_line' id='line_1_26' title="bbox 176 2204 930 2271; baseline 0.009 -15"><span class='ocrx_word' id='word_1_183' title='bbox 176 2213 203 2256; x_wconf 90' lang='lat' dir='ltr'>et</span> <span class='ocrx_word' id='word_1_184' title='bbox 221 2219 274 2258; x_wconf 93' lang='lat' dir='ltr'>nna</span> <span class='ocrx_word' id='word_1_185' title='bbox 289 2205 368 2258; x_wconf 93' lang='lat' dir='ltr'>simul</span> <span class='ocrx_word' id='word_1_186' title='bbox 383 2204 416 2257; x_wconf 90' lang='lat' dir='ltr'>ad</span> <span class='ocrx_word' id='word_1_187' title='bbox 429 2218 475 2259; x_wconf 92' lang='lat' dir='ltr'>eos</span> <span class='ocrx_word' id='word_1_188' title='bbox 490 2213 624 2259; x_wconf 83' lang='lat' dir='ltr'>oratorem</span> <span class='ocrx_word' id='word_1_189' title='bbox 641 2206 762 2271; x_wconf 76' lang='lat' dir='ltr'>mittere,</span> <span class='ocrx_word' id='word_1_190' title='bbox 782 2208 930 2263; x_wconf 83' lang='lat' dir='ltr'>destinasse</span> 
     </span>
     <span class='ocr_line' id='line_1_27' title="bbox 177 2273 929 2347; baseline 0.005 -21"><span class='ocrx_word' id='word_1_191' title='bbox 177 2273 349 2330; x_wconf 82' lang='lat' dir='ltr'>basiliensem</span> <span class='ocrx_word' id='word_1_192' title='bbox 367 2275 530 2342; x_wconf 74' lang='lat' dir='ltr'>episcopum,</span> <span class='ocrx_word' id='word_1_193' title='bbox 547 2275 591 2343; x_wconf 90' lang='lat' dir='ltr'>qui</span> <span class='ocrx_word' id='word_1_194' title='bbox 606 2276 663 2331; x_wconf 91' lang='lat' dir='ltr'>suis</span> <span class='ocrx_word' id='word_1_195' title='bbox 678 2277 791 2347; x_wconf 88' lang='lat' dir='ltr'>negotiis</span> <span class='ocrx_word' id='word_1_196' title='bbox 813 2287 929 2344; x_wconf 80' lang='lat' dir='ltr'>vacaret,</span> 
     </span>
     <span class='ocr_line' id='line_1_28' title="bbox 176 2344 622 2411; baseline 0.002 -14"><span class='ocrx_word' id='word_1_197' title='bbox 176 2359 292 2411; x_wconf 84' lang='lat' dir='ltr'>euntque</span> <span class='ocrx_word' id='word_1_198' title='bbox 306 2344 431 2399; x_wconf 87' lang='lat' dir='ltr'>omnibus</span> <span class='ocrx_word' id='word_1_199' title='bbox 443 2346 622 2399; x_wconf 85' lang='lat' dir='ltr'>commendat.</span> 
     </span>
    </p>
   </div>
   <div class='ocr_carea' id='block_1_8' title="bbox 139 2431 932 3066">
    <p class='ocr_par' dir='ltr' id='par_1_8' title="bbox 139 2431 932 3066">
     <span class='ocr_line' id='line_1_29' title="bbox 179 2431 931 2503; baseline 0.009 -18"><span class='ocrx_word' id='word_1_200' title='bbox 179 2431 290 2498; x_wconf 82' lang='lat' dir='ltr'>lintatn,</span> <span class='ocrx_word' id='word_1_201' title='bbox 315 2435 428 2489; x_wconf 83' lang='lat' dir='ltr'>Domino</span> <span class='ocrx_word' id='word_1_202' title='bbox 452 2442 482 2488; x_wconf 90' lang='lat' dir='ltr'>ut</span> <span class='ocrx_word' id='word_1_203' title='bbox 503 2435 620 2503; x_wconf 70' lang='lat' dir='ltr'>placule·</span> <span class='ocrx_word' id='word_1_204' title='bbox 638 2447 817 2492; x_wconf 77' lang='lat' dir='ltr'>sacrosanctae</span> <span class='ocrx_word' id='word_1_205' title='bbox 835 2438 931 2492; x_wconf 90' lang='lat' dir='ltr'>matris</span> 
     </span>
     <span class='ocr_line' id='line_1_30' title="bbox 141 2503 931 2577; baseline 0.006 -20"><span class='ocrx_word' id='word_1_206' title='bbox 141 2503 271 2558; x_wconf 74' lang='lat' dir='ltr'>Ecclesiae</span> <span class='ocrx_word' id='word_1_207' title='bbox 290 2512 363 2559; x_wconf 89' lang='lat' dir='ltr'>statu</span> <span class='ocrx_word' id='word_1_208' title='bbox 381 2505 580 2575; x_wconf 80' lang='lat' dir='ltr'>inopinabiliter</span> <span class='ocrx_word' id='word_1_209' title='bbox 592 2507 633 2560; x_wconf 92' lang='lat' dir='ltr'>bis</span> <span class='ocrx_word' id='word_1_210' title='bbox 646 2507 742 2562; x_wconf 91' lang='lat' dir='ltr'>diebus</span> <span class='ocrx_word' id='word_1_211' title='bbox 760 2518 787 2571; x_wconf 72' lang='lat'>⁰,</span> <span class='ocrx_word' id='word_1_212' title='bbox 805 2509 832 2560; x_wconf 94' lang='lat' dir='ltr'>in</span> <span class='ocrx_word' id='word_1_213' title='bbox 854 2507 931 2577; x_wconf 80' lang='lat' dir='ltr'>cujus</span> 
     </span>
     <span class='ocr_line' id='line_1_31' title="bbox 140 2573 929 2646; baseline 0.009 -22"><span class='ocrx_word' id='word_1_214' title='bbox 140 2573 293 2629; x_wconf 85' lang='lat' dir='ltr'>nudatione</span> <span class='ocrx_word' id='word_1_215' title='bbox 319 2583 374 2627; x_wconf 86' lang='lat' dir='ltr'>tant</span> <span class='ocrx_word' id='word_1_216' title='bbox 398 2575 486 2629; x_wconf 92' lang='lat' dir='ltr'>subita</span> <span class='ocrx_word' id='word_1_217' title='bbox 509 2585 601 2630; x_wconf 89' lang='lat' dir='ltr'>noster</span> <span class='ocrx_word' id='word_1_218' title='bbox 623 2577 735 2631; x_wconf 91' lang='lat' dir='ltr'>stabiliri</span> <span class='ocrx_word' id='word_1_219' title='bbox 754 2592 806 2630; x_wconf 94' lang='lat' dir='ltr'>nott</span> <span class='ocrx_word' id='word_1_220' title='bbox 833 2581 929 2646; x_wconf 80' lang='lat' dir='ltr'>pontit,</span> 
     </span>
     <span class='ocr_line' id='line_1_32' title="bbox 139 2642 932 2717; baseline 0.005 -22"><span class='ocrx_word' id='word_1_221' title='bbox 139 2642 278 2710; x_wconf 83' lang='lat' dir='ltr'>quincunx</span> <span class='ocrx_word' id='word_1_222' title='bbox 291 2659 324 2699; x_wconf 87' lang='lat' dir='ltr'>eo</span> <span class='ocrx_word' id='word_1_223' title='bbox 334 2646 490 2698; x_wconf 87' lang='lat' dir='ltr'>mutationis</span> <span class='ocrx_word' id='word_1_224' title='bbox 502 2645 670 2701; x_wconf 86' lang='lat' dir='ltr'>incommoda</span> <span class='ocrx_word' id='word_1_225' title='bbox 684 2648 837 2701; x_wconf 76' lang='lat' dir='ltr'>sustineret.</span> <span class='ocrx_word' id='word_1_226' title='bbox 850 2647 932 2717; x_wconf 80' lang='lat'>370</span> 
     </span>
     <span class='ocr_line' id='line_1_33' title="bbox 139 2711 929 2781; baseline 0.006 -16"><span class='ocrx_word' id='word_1_227' title='bbox 139 2711 211 2767; x_wconf 74' lang='lat' dir='ltr'>Ecce</span> <span class='ocrx_word' id='word_1_228' title='bbox 223 2713 295 2781; x_wconf 88' lang='lat' dir='ltr'>quod</span> <span class='ocrx_word' id='word_1_229' title='bbox 307 2730 399 2768; x_wconf 81' lang='lat' dir='ltr'>vener.</span> <span class='ocrx_word' id='word_1_230' title='bbox 413 2714 445 2767; x_wconf 86' lang='lat' dir='ltr'>N.</span> <span class='ocrx_word' id='word_1_231' title='bbox 465 2716 507 2769; x_wconf 90' lang='lat' dir='ltr'>cui</span> <span class='ocrx_word' id='word_1_232' title='bbox 522 2724 612 2768; x_wconf 88' lang='lat' dir='ltr'>nostra</span> <span class='ocrx_word' id='word_1_233' title='bbox 627 2717 716 2771; x_wconf 91' lang='lat' dir='ltr'>cordis</span> <span class='ocrx_word' id='word_1_234' title='bbox 737 2732 836 2770; x_wconf 88' lang='lat' dir='ltr'>areana</span> <span class='ocrx_word' id='word_1_235' title='bbox 855 2733 929 2770; x_wconf 86' lang='lat' dir='ltr'>cotu-</span> 
     </span>
     <span class='ocr_line' id='line_1_34' title="bbox 141 2783 931 2855; baseline 0.009 -21"><span class='ocrx_word' id='word_1_236' title='bbox 141 2783 278 2837; x_wconf 82' lang='lat' dir='ltr'>manicata</span> <span class='ocrx_word' id='word_1_237' title='bbox 304 2791 367 2837; x_wconf 91' lang='lat' dir='ltr'>sunt</span> <span class='ocrx_word' id='word_1_238' title='bbox 389 2787 498 2848; x_wconf 89' lang='lat' dir='ltr'>omnia,</span> <span class='ocrx_word' id='word_1_239' title='bbox 526 2784 598 2838; x_wconf 83' lang='lat' dir='ltr'>uelut</span> <span class='ocrx_word' id='word_1_240' title='bbox 619 2786 807 2855; x_wconf 88' lang='lat' dir='ltr'>imaginarium</span> <span class='ocrx_word' id='word_1_241' title='bbox 832 2795 931 2841; x_wconf 82' lang='lat' dir='ltr'>nostrae</span> 
     </span>
     <span class='ocr_line' id='line_1_35' title="bbox 139 2853 931 2925; baseline 0.006 -21"><span class='ocrx_word' id='word_1_242' title='bbox 139 2853 291 2919; x_wconf 72' lang='lat' dir='ltr'>presentiae</span> <span class='ocrx_word' id='word_1_243' title='bbox 312 2854 346 2908; x_wconf 92' lang='lat' dir='ltr'>ad</span> <span class='ocrx_word' id='word_1_244' title='bbox 363 2854 535 2908; x_wconf 86' lang='lat' dir='ltr'>lentitudinis</span> <span class='ocrx_word' id='word_1_245' title='bbox 556 2856 710 2923; x_wconf 72' lang='lat' dir='ltr'>apostolicae</span> <span class='ocrx_word' id='word_1_246' title='bbox 733 2857 824 2925; x_wconf 89' lang='lat' dir='ltr'>pedes,</span> <span class='ocrx_word' id='word_1_247' title='bbox 847 2865 874 2910; x_wconf 93' lang='lat' dir='ltr'>et</span> <span class='ocrx_word' id='word_1_248' title='bbox 897 2857 931 2910; x_wconf 92' lang='lat' dir='ltr'>ad</span> 
     </span>
     <span class='ocr_line' id='line_1_36' title="bbox 140 2919 930 2993; baseline 0.013 -22"><span class='ocrx_word' id='word_1_249' title='bbox 140 2937 188 2974; x_wconf 85' lang='lat' dir='ltr'>ros</span> <span class='ocrx_word' id='word_1_250' title='bbox 205 2919 217 2958; x_wconf 57' lang='grc' dir='ltr'><em>ἃ</em></span> <span class='ocrx_word' id='word_1_251' title='bbox 230 2923 390 2978; x_wconf 84' lang='lat' dir='ltr'>fiducialiter</span> <span class='ocrx_word' id='word_1_252' title='bbox 403 2924 527 2979; x_wconf 86' lang='lat' dir='ltr'>duximus</span> <span class='ocrx_word' id='word_1_253' title='bbox 539 2924 736 2991; x_wconf 88' lang='lat' dir='ltr'>destinandum,</span> <span class='ocrx_word' id='word_1_254' title='bbox 753 2935 878 2993; x_wconf 80' lang='lat' dir='ltr'>rogantes</span> <span class='ocrx_word' id='word_1_255' title='bbox 891 2934 930 2981; x_wconf 86' lang='lat' dir='ltr'>at-</span> 
     </span>
     <span class='ocr_line' id='line_1_37' title="bbox 139 2993 930 3066; baseline 0.01 -23"><span class='ocrx_word' id='word_1_256' title='bbox 139 2993 251 3057; x_wconf 74' lang='lat' dir='ltr'>tentius,</span> <span class='ocrx_word' id='word_1_257' title='bbox 271 3003 298 3048; x_wconf 93' lang='lat' dir='ltr'>et</span> <span class='ocrx_word' id='word_1_258' title='bbox 322 2994 470 3059; x_wconf 84' lang='lat' dir='ltr'>hortantes,</span> <span class='ocrx_word' id='word_1_259' title='bbox 494 3006 626 3063; x_wconf 77' lang='lat' dir='ltr'>‹quatteuus</span> <span class='ocrx_word' id='word_1_260' title='bbox 649 3012 730 3066; x_wconf 91' lang='lat' dir='ltr'>super</span> <span class='ocrx_word' id='word_1_261' title='bbox 748 2997 880 3051; x_wconf 76' lang='lat' dir='ltr'>universis</span> <span class='ocrx_word' id='word_1_262' title='bbox 902 3005 930 3052; x_wconf 91' lang='lat' dir='ltr'>et</span> 
     </span>
    </p>
   </div>
   <div class='ocr_carea' id='block_1_9' title="bbox 979 557 1771 698">
    <p class='ocr_par' dir='ltr' id='par_1_9' title="bbox 979 557 1771 698">
     <span class='ocr_line' id='line_1_38' title="bbox 979 557 1771 627; baseline 0.009 -17"><span class='ocrx_word' id='word_1_263' title='bbox 979 573 1039 611; x_wconf 88' lang='lat' dir='ltr'>nent</span> <span class='ocrx_word' id='word_1_264' title='bbox 1057 571 1159 619; x_wconf 90' lang='lat' dir='ltr'>corurn,</span> <span class='ocrx_word' id='word_1_265' title='bbox 1176 557 1321 626; x_wconf 85' lang='lat' dir='ltr'>gratuitam</span> <span class='ocrx_word' id='word_1_266' title='bbox 1342 572 1419 624; x_wconf 92' lang='lat' dir='ltr'>opem</span> <span class='ocrx_word' id='word_1_267' title='bbox 1443 565 1470 611; x_wconf 92' lang='lat' dir='ltr'>et</span> <span class='ocrx_word' id='word_1_268' title='bbox 1493 573 1613 626; x_wconf 91' lang='lat' dir='ltr'>operam,</span> <span class='ocrx_word' id='word_1_269' title='bbox 1637 572 1717 627; x_wconf 88' lang='lat' dir='ltr'>prout</span> <span class='ocrx_word' id='word_1_270' title='bbox 1735 560 1771 619; x_wconf 84' lang='lat' dir='ltr'>ds</span> 
     </span>
     <span class='ocr_line' id='line_1_39' title="bbox 979 625 1767 698; baseline 0.011 -19"><span class='ocrx_word' id='word_1_271' title='bbox 979 625 1767 698; x_wconf 73' lang='lat' dir='ltr'>restrabenignitateconlldimus,efficaciterapplicando·-</span> 
     </span>
    </p>
   </div>
   <div class='ocr_carea' id='block_1_10' title="bbox 1262 738 1489 794">
    <p class='ocr_par' dir='ltr' id='par_1_10' title="bbox 1262 738 1489 794">
     <span class='ocr_line' id='line_1_40' title="bbox 1262 738 1489 794; baseline 0 -1"><span class='ocrx_word' id='word_1_272' title='bbox 1262 738 1429 794; x_wconf 73' lang='lat' dir='ltr'>Ethtbttt</span> <span class='ocrx_word' id='word_1_273' title='bbox 1447 739 1489 794; x_wconf 89' lang='lat' dir='ltr'>tlt.</span> 
     </span>
    </p>
   </div>
   <div class='ocr_carea' id='block_1_11' title="bbox 979 831 1769 956">
    <p class='ocr_par' dir='ltr' id='par_1_11' title="bbox 979 831 1769 956">
     <span class='ocr_line' id='line_1_41' title="bbox 979 831 1769 915; baseline 0.005 -29"><span class='ocrx_word' id='word_1_274' title='bbox 979 831 1080 886; x_wconf 82' lang='lat' dir='ltr'>Gaudet</span> <span class='ocrx_word' id='word_1_275' title='bbox 1098 833 1129 886; x_wconf 88' lang='lat' dir='ltr'>de</span> <span class='ocrx_word' id='word_1_276' title='bbox 1148 849 1212 886; x_wconf 80' lang='lat' dir='ltr'>nura</span> <span class='ocrx_word' id='word_1_277' title='bbox 1230 832 1309 885; x_wconf 86' lang='lat' dir='ltr'>clerte</span> <span class='ocrx_word' id='word_1_278' title='bbox 1328 833 1464 901; x_wconf 68' lang='lat' dir='ltr'>pontifice,</span> <span class='ocrx_word' id='word_1_279' title='bbox 1483 842 1506 885; x_wconf 88' lang='lat' dir='ltr'>et</span> <span class='ocrx_word' id='word_1_280' title='bbox 1526 843 1721 915; x_wconf 76' lang='lat' dir='ltr'>procuratorem</span> <span class='ocrx_word' id='word_1_281' title='bbox 1741 835 1769 890; x_wconf 85' lang='lat' dir='ltr'>itt</span> 
     </span>
     <span class='ocr_line' id='line_1_42' title="bbox 1184 901 1552 956; baseline -0.003 -1"><span class='ocrx_word' id='word_1_282' title='bbox 1184 901 1304 955; x_wconf 79' lang='lat' dir='ltr'>Romnae</span> <span class='ocrx_word' id='word_1_283' title='bbox 1322 902 1396 954; x_wconf 87' lang='lat' dir='ltr'>curin</span> <span class='ocrx_word' id='word_1_284' title='bbox 1410 903 1552 956; x_wconf 85' lang='lat' dir='ltr'>eortstitutt.</span> 
     </span>
    </p>
   </div>
   <div class='ocr_carea' id='block_1_12' title="bbox 1128 994 1616 1069">
    <p class='ocr_par' dir='ltr' id='par_1_12' title="bbox 1128 994 1616 1069">
     <span class='ocr_line' id='line_1_43' title="bbox 1128 994 1616 1069; baseline 0.01 -22"><span class='ocrx_word' id='word_1_285' title='bbox 1128 994 1191 1065; x_wconf 81' lang='lat' dir='ltr'>(Au.</span> <span class='ocrx_word' id='word_1_286' title='bbox 1207 995 1283 1048; x_wconf 86' lang='lat' dir='ltr'>Dent.</span> <span class='ocrx_word' id='word_1_287' title='bbox 1303 994 1386 1059; x_wconf 73' lang='lat' dir='ltr'>tert,</span> <span class='ocrx_word' id='word_1_288' title='bbox 1401 995 1460 1049; x_wconf 80' lang='lat' dir='ltr'>eod.</span> <span class='ocrx_word' id='word_1_289' title='bbox 1476 994 1546 1051; x_wconf 81' lang='lat' dir='ltr'>bad.</span> <span class='ocrx_word' id='word_1_290' title='bbox 1561 995 1616 1069; x_wconf 91' lang='grc' dir='ltr'>ιιι.)</span> 
     </span>
    </p>
   </div>
   <div class='ocr_carea' id='block_1_13' title="bbox 978 1086 1769 1433">
    <p class='ocr_par' dir='ltr' id='par_1_13' title="bbox 978 1086 1769 1433">
     <span class='ocr_line' id='line_1_44' title="bbox 978 1086 1769 1157; baseline 0.009 -18"><span class='ocrx_word' id='word_1_291' title='bbox 978 1087 1175 1140; x_wconf 80' lang='lat' dir='ltr'>dnouannrua.</span> <span class='ocrx_word' id='word_1_292' title='bbox 1187 1086 1286 1140; x_wconf 89' lang='lat' dir='ltr'>-Per</span> <span class='ocrx_word' id='word_1_293' title='bbox 1299 1087 1350 1141; x_wconf 90' lang='lat' dir='ltr'>bne</span> <span class='ocrx_word' id='word_1_294' title='bbox 1369 1088 1471 1157; x_wconf 91' lang='lat' dir='ltr'>regium</span> <span class='ocrx_word' id='word_1_295' title='bbox 1493 1088 1608 1157; x_wconf 87' lang='lat' dir='ltr'>diploma</span> <span class='ocrx_word' id='word_1_296' title='bbox 1629 1092 1769 1148; x_wconf 77' lang='lat' dir='ltr'>constiutit</span> 
     </span>
     <span class='ocr_line' id='line_1_45' title="bbox 1014 1157 1768 1232; baseline 0.013 -24"><span class='ocrx_word' id='word_1_297' title='bbox 1014 1171 1112 1210; x_wconf 88' lang='lat' dir='ltr'>norum</span> <span class='ocrx_word' id='word_1_298' title='bbox 1134 1165 1352 1225; x_wconf 87' lang='lat' dir='ltr'>procuratorem,</span> <span class='ocrx_word' id='word_1_299' title='bbox 1379 1172 1426 1211; x_wconf 88' lang='lat' dir='ltr'>seu</span> <span class='ocrx_word' id='word_1_300' title='bbox 1452 1157 1568 1225; x_wconf 88' lang='lat' dir='ltr'>legatum</span> <span class='ocrx_word' id='word_1_301' title='bbox 1592 1175 1670 1214; x_wconf 89' lang='lat' dir='ltr'>suum</span> <span class='ocrx_word' id='word_1_302' title='bbox 1698 1163 1768 1232; x_wconf 86' lang='lat' dir='ltr'>apud</span> 
     </span>
     <span class='ocr_line' id='line_1_46' title="bbox 1014 1225 1769 1287; baseline 0.012 -9"><span class='ocrx_word' id='word_1_303' title='bbox 1014 1232 1134 1279; x_wconf 88' lang='lat' dir='ltr'>sanctam</span> <span class='ocrx_word' id='word_1_304' title='bbox 1156 1227 1246 1280; x_wconf 90' lang='lat' dir='ltr'>sedem</span> <span class='ocrx_word' id='word_1_305' title='bbox 1269 1242 1329 1280; x_wconf 91' lang='lat' dir='ltr'>cum</span> <span class='ocrx_word' id='word_1_306' title='bbox 1351 1225 1510 1281; x_wconf 89' lang='lat' dir='ltr'>necessariis</span> <span class='ocrx_word' id='word_1_307' title='bbox 1532 1228 1714 1286; x_wconf 79' lang='lat' dir='ltr'>facultatibus.</span> <span class='ocrx_word' id='word_1_308' title='bbox 1729 1231 1769 1287; x_wconf 82' lang='lat' dir='ltr'>De</span> 
     </span>
     <span class='ocr_line' id='line_1_47' title="bbox 1015 1295 1767 1367; baseline 0.012 -19"><span class='ocrx_word' id='word_1_309' title='bbox 1015 1295 1095 1349; x_wconf 88' lang='lat' dir='ltr'>rebus</span> <span class='ocrx_word' id='word_1_310' title='bbox 1113 1295 1238 1364; x_wconf 82' lang='lat' dir='ltr'>gerendis</span> <span class='ocrx_word' id='word_1_311' title='bbox 1257 1310 1318 1349; x_wconf 94' lang='lat' dir='ltr'>cum</span> <span class='ocrx_word' id='word_1_312' title='bbox 1336 1296 1460 1359; x_wconf 88' lang='lat' dir='ltr'>instruit,</span> <span class='ocrx_word' id='word_1_313' title='bbox 1474 1297 1583 1366; x_wconf 79' lang='lat' dir='ltr'>premia</span> <span class='ocrx_word' id='word_1_314' title='bbox 1605 1313 1654 1367; x_wconf 91' lang='lat' dir='ltr'>pro</span> <span class='ocrx_word' id='word_1_315' title='bbox 1672 1300 1767 1357; x_wconf 86' lang='lat' dir='ltr'>iisdem</span> 
     </span>
     <span class='ocr_line' id='line_1_48' title="bbox 1015 1364 1344 1433; baseline -0.006 -15"><span class='ocrx_word' id='word_1_316' title='bbox 1015 1364 1083 1418; x_wconf 91' lang='lat' dir='ltr'>bene</span> <span class='ocrx_word' id='word_1_317' title='bbox 1096 1365 1179 1433; x_wconf 90' lang='lat' dir='ltr'>gestis</span> <span class='ocrx_word' id='word_1_318' title='bbox 1194 1364 1344 1433; x_wconf 85' lang='lat' dir='ltr'>pollicetur.</span> 
     </span>
    </p>
   </div>
   <div class='ocr_carea' id='block_1_14' title="bbox 979 1454 1771 3062">
    <p class='ocr_par' dir='ltr' id='par_1_14' title="bbox 979 1454 1771 3062">
     <span class='ocr_line' id='line_1_49' title="bbox 1015 1454 1768 1515; baseline 0.009 -8"><span class='ocrx_word' id='word_1_319' title='bbox 1015 1454 1153 1508; x_wconf 84' lang='lat' dir='ltr'>Exaltator</span> <span class='ocrx_word' id='word_1_320' title='bbox 1173 1455 1313 1508; x_wconf 87' lang='lat' dir='ltr'>immitium</span> <span class='ocrx_word' id='word_1_321' title='bbox 1336 1454 1407 1507; x_wconf 87' lang='lat' dir='ltr'>Ueus</span> <span class='ocrx_word' id='word_1_322' title='bbox 1430 1461 1490 1507; x_wconf 84' lang='lat' dir='ltr'>rota</span> <span class='ocrx_word' id='word_1_323' title='bbox 1512 1462 1602 1509; x_wconf 88' lang='lat' dir='ltr'>nostra</span> <span class='ocrx_word' id='word_1_324' title='bbox 1616 1457 1650 1510; x_wconf 85' lang='lat' dir='ltr'>ab</span> <span class='ocrx_word' id='word_1_325' title='bbox 1662 1458 1768 1515; x_wconf 87' lang='lat' dir='ltr'>excelso</span> 
     </span>
     <span class='ocr_line' id='line_1_50' title="bbox 979 1524 1768 1594; baseline 0.008 -18"><span class='ocrx_word' id='word_1_326' title='bbox 979 1525 1167 1594; x_wconf 84' lang='lat' dir='ltr'>prospiciendo</span> <span class='ocrx_word' id='word_1_327' title='bbox 1190 1524 1380 1585; x_wconf 89' lang='lat' dir='ltr'>tlesideratum,</span> <span class='ocrx_word' id='word_1_328' title='bbox 1401 1524 1454 1576; x_wconf 88' lang='lat' dir='ltr'>into</span> <span class='ocrx_word' id='word_1_329' title='bbox 1473 1526 1558 1577; x_wconf 84' lang='lat' dir='ltr'>virum</span> <span class='ocrx_word' id='word_1_330' title='bbox 1575 1525 1768 1584; x_wconf 87' lang='lat' dir='ltr'>desideriorum</span> 
     </span>
     <span class='ocr_line' id='line_1_51' title="bbox 980 1592 1769 1672; baseline 0.004 -24"><span class='ocrx_word' id='word_1_331' title='bbox 980 1595 1106 1648; x_wconf 71' lang='lat' dir='ltr'>Ecclesia</span> <span class='ocrx_word' id='word_1_332' title='bbox 1120 1610 1175 1646; x_wconf 76' lang='lat' dir='ltr'>sure</span> <span class='ocrx_word' id='word_1_333' title='bbox 1192 1601 1292 1647; x_wconf 67' lang='lat' dir='ltr'>sanctae</span> <span class='ocrx_word' id='word_1_334' title='bbox 1313 1607 1438 1672; x_wconf 86' lang='lat' dir='ltr'>sponsum</span> <span class='ocrx_word' id='word_1_335' title='bbox 1459 1592 1582 1661; x_wconf 70' lang='lat' dir='ltr'>praeridit</span> <span class='ocrx_word' id='word_1_336' title='bbox 1594 1595 1729 1662; x_wconf 91' lang='lat' dir='ltr'>idoneum,</span> <span class='ocrx_word' id='word_1_337' title='bbox 1742 1606 1769 1652; x_wconf 90' lang='lat' dir='ltr'>et</span> 
     </span>
     <span class='ocr_line' id='line_1_52' title="bbox 979 1663 1770 1732; baseline 0.006 -15"><span class='ocrx_word' id='word_1_338' title='bbox 979 1665 1091 1732; x_wconf 82' lang='lat' dir='ltr'>siquid,</span> <span class='ocrx_word' id='word_1_339' title='bbox 1117 1665 1139 1716; x_wconf 88' lang='lat' dir='ltr'>si</span> <span class='ocrx_word' id='word_1_340' title='bbox 1157 1680 1189 1716; x_wconf 89' lang='lat' dir='ltr'>au</span> <span class='ocrx_word' id='word_1_341' title='bbox 1204 1676 1285 1715; x_wconf 63' lang='lat' dir='ltr'>‘ornus</span> <span class='ocrx_word' id='word_1_342' title='bbox 1308 1664 1406 1725; x_wconf 77' lang='lat' dir='ltr'>dicere,</span> <span class='ocrx_word' id='word_1_343' title='bbox 1426 1663 1452 1715; x_wconf 91' lang='lat' dir='ltr'>in</span> <span class='ocrx_word' id='word_1_344' title='bbox 1475 1664 1531 1717; x_wconf 90' lang='lat' dir='ltr'>suis</span> <span class='ocrx_word' id='word_1_345' title='bbox 1554 1668 1770 1722; x_wconf 83' lang='lat' dir='ltr'>antecessoribus</span> 
     </span>
     <span class='ocr_line' id='line_1_53' title="bbox 979 1731 1768 1803; baseline 0.005 -17"><span class='ocrx_word' id='word_1_346' title='bbox 979 1735 1082 1787; x_wconf 80' lang='lat' dir='ltr'>exstitit</span> <span class='ocrx_word' id='word_1_347' title='bbox 1098 1732 1256 1802; x_wconf 77' lang='lat' dir='ltr'>imperfecti,</span> <span class='ocrx_word' id='word_1_348' title='bbox 1272 1733 1347 1800; x_wconf 88' lang='lat' dir='ltr'>quasi</span> <span class='ocrx_word' id='word_1_349' title='bbox 1369 1746 1415 1801; x_wconf 93' lang='lat' dir='ltr'>per</span> <span class='ocrx_word' id='word_1_350' title='bbox 1432 1731 1545 1785; x_wconf 81' lang='lat' dir='ltr'>sormam</span> <span class='ocrx_word' id='word_1_351' title='bbox 1565 1735 1725 1803; x_wconf 87' lang='lat' dir='ltr'>completam</span> <span class='ocrx_word' id='word_1_352' title='bbox 1741 1737 1768 1790; x_wconf 92' lang='lat' dir='ltr'>in</span> 
     </span>
     <span class='ocr_line' id='line_1_54' title="bbox 981 1803 1770 1873; baseline 0.003 -15"><span class='ocrx_word' id='word_1_353' title='bbox 981 1804 1151 1858; x_wconf 85' lang='lat' dir='ltr'>sanctissimo</span> <span class='ocrx_word' id='word_1_354' title='bbox 1165 1817 1235 1856; x_wconf 88' lang='lat' dir='ltr'>nunc</span> <span class='ocrx_word' id='word_1_355' title='bbox 1250 1812 1324 1870; x_wconf 86' lang='lat' dir='ltr'>patre</span> <span class='ocrx_word' id='word_1_356' title='bbox 1338 1810 1430 1855; x_wconf 79' lang='lat' dir='ltr'>nostro</span> <span class='ocrx_word' id='word_1_357' title='bbox 1440 1803 1547 1855; x_wconf 87' lang='lat' dir='ltr'>domino</span> <span class='ocrx_word' id='word_1_358' title='bbox 1559 1818 1626 1872; x_wconf 89' lang='lat' dir='ltr'>papa</span> <span class='ocrx_word' id='word_1_359' title='bbox 1641 1805 1770 1873; x_wconf 80' lang='lat' dir='ltr'>perlicere</span> 
     </span>
     <span class='ocr_line' id='line_1_55' title="bbox 981 1870 1769 1940; baseline 0.004 -13"><span class='ocrx_word' id='word_1_360' title='bbox 981 1874 1191 1927; x_wconf 86' lang='lat' dir='ltr'>misericorditer</span> <span class='ocrx_word' id='word_1_361' title='bbox 1201 1881 1242 1925; x_wconf 92' lang='lat' dir='ltr'>cst</span> <span class='ocrx_word' id='word_1_362' title='bbox 1255 1873 1378 1940; x_wconf 88' lang='lat' dir='ltr'>dignatus</span> <span class='ocrx_word' id='word_1_363' title='bbox 1390 1871 1412 1924; x_wconf 77' lang='lat' dir='ltr'>l.</span> <span class='ocrx_word' id='word_1_364' title='bbox 1429 1870 1500 1925; x_wconf 90' lang='lat' dir='ltr'>Sane</span> <span class='ocrx_word' id='word_1_365' title='bbox 1513 1872 1539 1925; x_wconf 89' lang='lat' dir='ltr'>iu</span> <span class='ocrx_word' id='word_1_366' title='bbox 1550 1872 1607 1940; x_wconf 90' lang='lat' dir='ltr'>ipso</span> <span class='ocrx_word' id='word_1_367' title='bbox 1616 1882 1711 1928; x_wconf 78' lang='lat' dir='ltr'>&#39;noster</span> <span class='ocrx_word' id='word_1_368' title='bbox 1725 1890 1769 1930; x_wconf 87' lang='lat' dir='ltr'>re-</span> 
     </span>
     <span class='ocr_line' id='line_1_56' title="bbox 980 1942 1769 2015; baseline 0.004 -19"><span class='ocrx_word' id='word_1_369' title='bbox 980 1944 1094 2011; x_wconf 83' lang='lat' dir='ltr'>quiescit</span> <span class='ocrx_word' id='word_1_370' title='bbox 1120 1942 1237 2002; x_wconf 85' lang='lat' dir='ltr'>animus,</span> <span class='ocrx_word' id='word_1_371' title='bbox 1265 1942 1291 1994; x_wconf 90' lang='lat' dir='ltr'>in</span> <span class='ocrx_word' id='word_1_372' title='bbox 1316 1956 1373 2008; x_wconf 86' lang='lat' dir='ltr'>rpsn</span> <span class='ocrx_word' id='word_1_373' title='bbox 1395 1942 1521 2009; x_wconf 91' lang='lat' dir='ltr'>ponimus</span> <span class='ocrx_word' id='word_1_374' title='bbox 1545 1944 1689 1996; x_wconf 87' lang='lat' dir='ltr'>anchoram</span> <span class='ocrx_word' id='word_1_375' title='bbox 1711 1944 1769 2015; x_wconf 87' lang='lat' dir='ltr'>spei</span> 
     </span>
     <span class='ocr_line' id='line_1_57' title="bbox 981 2012 1770 2082; baseline 0.004 -16"><span class='ocrx_word' id='word_1_376' title='bbox 981 2022 1088 2075; x_wconf 66' lang='lat' dir='ltr'>nostrae,</span> <span class='ocrx_word' id='word_1_377' title='bbox 1105 2022 1133 2066; x_wconf 93' lang='lat' dir='ltr'>ut</span> <span class='ocrx_word' id='word_1_378' title='bbox 1149 2013 1205 2080; x_wconf 92' lang='lat' dir='ltr'>ipse</span> <span class='ocrx_word' id='word_1_379' title='bbox 1227 2012 1366 2064; x_wconf 91' lang='lat' dir='ltr'>uobiscum</span> <span class='ocrx_word' id='word_1_380' title='bbox 1383 2025 1492 2080; x_wconf 87' lang='lat' dir='ltr'>regnum</span> <span class='ocrx_word' id='word_1_381' title='bbox 1506 2019 1590 2081; x_wconf 85' lang='lat' dir='ltr'>regat,</span> <span class='ocrx_word' id='word_1_382' title='bbox 1608 2012 1635 2065; x_wconf 95' lang='lat' dir='ltr'>in</span> <span class='ocrx_word' id='word_1_383' title='bbox 1656 2013 1770 2082; x_wconf 85' lang='lat' dir='ltr'>imperio</span> 
     </span>
     <span class='ocr_line' id='line_1_58' title="bbox 981 2081 1769 2151; baseline 0 -16"><span class='ocrx_word' id='word_1_384' title='bbox 981 2084 1103 2151; x_wconf 88' lang='lat' dir='ltr'>imperet,</span> <span class='ocrx_word' id='word_1_385' title='bbox 1115 2083 1229 2139; x_wconf 87' lang='lat' dir='ltr'>ordinet,</span> <span class='ocrx_word' id='word_1_386' title='bbox 1246 2090 1273 2133; x_wconf 88' lang='lat' dir='ltr'>et</span> <span class='ocrx_word' id='word_1_387' title='bbox 1286 2081 1418 2147; x_wconf 85' lang='lat' dir='ltr'>disponat,</span> <span class='ocrx_word' id='word_1_388' title='bbox 1432 2096 1491 2149; x_wconf 68' lang='lat' dir='ltr'>quta</span> <span class='ocrx_word' id='word_1_389' title='bbox 1503 2082 1642 2149; x_wconf 90' lang='lat' dir='ltr'>utriusque</span> <span class='ocrx_word' id='word_1_390' title='bbox 1652 2084 1769 2139; x_wconf 87' lang='lat' dir='ltr'>bominis</span> 
     </span>
     <span class='ocr_line' id='line_1_59' title="bbox 980 2150 1769 2222; baseline 0.003 -16"><span class='ocrx_word' id='word_1_391' title='bbox 980 2161 1043 2206; x_wconf 89' lang='lat' dir='ltr'>sunt</span> <span class='ocrx_word' id='word_1_392' title='bbox 1057 2153 1135 2222; x_wconf 81' lang='lat'>371</span> <span class='ocrx_word' id='word_1_393' title='bbox 1150 2152 1243 2204; x_wconf 89' lang='lat' dir='ltr'>salutis</span> <span class='ocrx_word' id='word_1_394' title='bbox 1256 2153 1278 2203; x_wconf 77' lang='lat'>⁸.</span> <span class='ocrx_word' id='word_1_395' title='bbox 1290 2150 1422 2203; x_wconf 80' lang='lat' dir='ltr'>Praeterea</span> <span class='ocrx_word' id='word_1_396' title='bbox 1435 2150 1582 2210; x_wconf 83' lang='lat' dir='ltr'>credimus,</span> <span class='ocrx_word' id='word_1_397' title='bbox 1596 2151 1650 2205; x_wconf 89' lang='lat' dir='ltr'>imo</span> <span class='ocrx_word' id='word_1_398' title='bbox 1664 2160 1769 2208; x_wconf 89' lang='lat' dir='ltr'>certum</span> 
     </span>
     <span class='ocr_line' id='line_1_60' title="bbox 981 2219 1771 2294; baseline 0.009 -22"><span class='ocrx_word' id='word_1_399' title='bbox 981 2223 1107 2289; x_wconf 81' lang='lat' dir='ltr'>gerimus,</span> <span class='ocrx_word' id='word_1_400' title='bbox 1123 2222 1194 2289; x_wconf 90' lang='lat' dir='ltr'>quod</span> <span class='ocrx_word' id='word_1_401' title='bbox 1216 2219 1287 2290; x_wconf 89' lang='lat' dir='ltr'>apud</span> <span class='ocrx_word' id='word_1_402' title='bbox 1313 2219 1400 2287; x_wconf 90' lang='lat' dir='ltr'>ipsum</span> <span class='ocrx_word' id='word_1_403' title='bbox 1425 2229 1586 2275; x_wconf 88' lang='lat' dir='ltr'>nnstcresse</span> <span class='ocrx_word' id='word_1_404' title='bbox 1600 2221 1699 2276; x_wconf 86' lang='lat' dir='ltr'>debeas</span> <span class='ocrx_word' id='word_1_405' title='bbox 1713 2222 1771 2294; x_wconf 86' lang='lat' dir='ltr'>[de-</span> 
     </span>
     <span class='ocr_line' id='line_1_61' title="bbox 980 2290 1769 2362; baseline 0.004 -17"><span class='ocrx_word' id='word_1_406' title='bbox 980 2290 1053 2362; x_wconf 89' lang='lat' dir='ltr'>beat]</span> <span class='ocrx_word' id='word_1_407' title='bbox 1073 2291 1167 2346; x_wconf 91' lang='lat' dir='ltr'>oculus</span> <span class='ocrx_word' id='word_1_408' title='bbox 1181 2305 1235 2344; x_wconf 92' lang='lat' dir='ltr'>nnn</span> <span class='ocrx_word' id='word_1_409' title='bbox 1259 2290 1416 2355; x_wconf 90' lang='lat' dir='ltr'>dormitans,</span> <span class='ocrx_word' id='word_1_410' title='bbox 1435 2290 1509 2344; x_wconf 90' lang='lat' dir='ltr'>auris</span> <span class='ocrx_word' id='word_1_411' title='bbox 1527 2298 1636 2360; x_wconf 91' lang='lat' dir='ltr'>patens,</span> <span class='ocrx_word' id='word_1_412' title='bbox 1659 2292 1769 2348; x_wconf 87' lang='lat' dir='ltr'>dextera</span> 
     </span>
     <span class='ocr_line' id='line_1_62' title="bbox 981 2359 1770 2429; baseline 0.005 -15"><span class='ocrx_word' id='word_1_413' title='bbox 981 2376 1076 2415; x_wconf 89' lang='lat' dir='ltr'>manus</span> <span class='ocrx_word' id='word_1_414' title='bbox 1095 2360 1164 2415; x_wconf 85' lang='lat' dir='ltr'>lacta</span> <span class='ocrx_word' id='word_1_415' title='bbox 1189 2369 1280 2414; x_wconf 88' lang='lat' dir='ltr'>nostra</span> <span class='ocrx_word' id='word_1_416' title='bbox 1300 2359 1419 2428; x_wconf 90' lang='lat' dir='ltr'>dirigens</span> <span class='ocrx_word' id='word_1_417' title='bbox 1435 2368 1463 2413; x_wconf 90' lang='lat' dir='ltr'>et</span> <span class='ocrx_word' id='word_1_418' title='bbox 1484 2361 1655 2429; x_wconf 87' lang='lat' dir='ltr'>gubernans;</span> <span class='ocrx_word' id='word_1_419' title='bbox 1676 2363 1715 2417; x_wconf 88' lang='lat' dir='ltr'>sie</span> <span class='ocrx_word' id='word_1_420' title='bbox 1739 2372 1770 2418; x_wconf 92' lang='lat' dir='ltr'>nt</span> 
     </span>
     <span class='ocr_line' id='line_1_63' title="bbox 981 2429 1769 2501; baseline 0.004 -17"><span class='ocrx_word' id='word_1_421' title='bbox 981 2440 1072 2484; x_wconf 86' lang='lat' dir='ltr'>nostra</span> <span class='ocrx_word' id='word_1_422' title='bbox 1086 2430 1198 2485; x_wconf 89' lang='lat' dir='ltr'>directio</span> <span class='ocrx_word' id='word_1_423' title='bbox 1209 2438 1236 2484; x_wconf 89' lang='lat' dir='ltr'>et</span> <span class='ocrx_word' id='word_1_424' title='bbox 1247 2430 1274 2484; x_wconf 93' lang='lat' dir='ltr'>in</span> <span class='ocrx_word' id='word_1_425' title='bbox 1288 2443 1365 2484; x_wconf 89' lang='lat' dir='ltr'>sacro</span> <span class='ocrx_word' id='word_1_426' title='bbox 1380 2429 1501 2485; x_wconf 82' lang='lat' dir='ltr'>Romano</span> <span class='ocrx_word' id='word_1_427' title='bbox 1512 2429 1769 2501; x_wconf 86' lang='lat' dir='ltr'>imperiopmreetin</span> 
     </span>
     <span class='ocr_line' id='line_1_64' title="bbox 982 2499 1769 2570; baseline 0.008 -18"><span class='ocrx_word' id='word_1_428' title='bbox 982 2501 1028 2552; x_wconf 89' lang='lat' dir='ltr'>tibi</span> <span class='ocrx_word' id='word_1_429' title='bbox 1043 2501 1149 2569; x_wconf 90' lang='lat' dir='ltr'>tuisque</span> <span class='ocrx_word' id='word_1_430' title='bbox 1162 2515 1178 2553; x_wconf 92' lang='lat' dir='ltr'>a</span> <span class='ocrx_word' id='word_1_431' title='bbox 1192 2500 1319 2569; x_wconf 89' lang='lat' dir='ltr'>progenie</span> <span class='ocrx_word' id='word_1_432' title='bbox 1336 2499 1363 2555; x_wconf 92' lang='lat' dir='ltr'>in</span> <span class='ocrx_word' id='word_1_433' title='bbox 1376 2499 1519 2570; x_wconf 87' lang='lat' dir='ltr'>progenies</span> <span class='ocrx_word' id='word_1_434' title='bbox 1532 2501 1565 2554; x_wconf 92' lang='lat' dir='ltr'>ad</span> <span class='ocrx_word' id='word_1_435' title='bbox 1578 2500 1769 2558; x_wconf 76' lang='lat' dir='ltr'>exaltationem</span> 
     </span>
     <span class='ocr_line' id='line_1_65' title="bbox 981 2569 1768 2640; baseline 0.006 -17"><span class='ocrx_word' id='word_1_436' title='bbox 981 2571 1076 2623; x_wconf 89' lang='lat' dir='ltr'>cedere</span> <span class='ocrx_word' id='word_1_437' title='bbox 1087 2571 1183 2625; x_wconf 90' lang='lat' dir='ltr'>debeat</span> <span class='ocrx_word' id='word_1_438' title='bbox 1192 2570 1341 2624; x_wconf 85' lang='lat' dir='ltr'>nominiset</span> <span class='ocrx_word' id='word_1_439' title='bbox 1351 2569 1462 2624; x_wconf 90' lang='lat' dir='ltr'>bonoris</span> <span class='ocrx_word' id='word_1_440' title='bbox 1471 2571 1496 2622; x_wconf 77' lang='lat' dir='ltr'>h.</span> <span class='ocrx_word' id='word_1_441' title='bbox 1506 2570 1592 2624; x_wconf 86' lang='lat' dir='ltr'>Porro</span> <span class='ocrx_word' id='word_1_442' title='bbox 1602 2572 1672 2638; x_wconf 91' lang='lat' dir='ltr'>apud</span> <span class='ocrx_word' id='word_1_443' title='bbox 1680 2572 1768 2640; x_wconf 86' lang='lat' dir='ltr'>ipsum</span> 
     </span>
     <span class='ocr_line' id='line_1_66' title="bbox 981 2640 1770 2709; baseline 0.006 -17"><span class='ocrx_word' id='word_1_444' title='bbox 981 2640 1181 2693; x_wconf 88' lang='lat' dir='ltr'>sanctissimum</span> <span class='ocrx_word' id='word_1_445' title='bbox 1195 2648 1299 2707; x_wconf 90' lang='lat' dir='ltr'>patrem</span> <span class='ocrx_word' id='word_1_446' title='bbox 1316 2648 1449 2705; x_wconf 90' lang='lat' dir='ltr'>nostrum,</span> <span class='ocrx_word' id='word_1_447' title='bbox 1464 2647 1489 2693; x_wconf 87' lang='lat' dir='ltr'>te</span> <span class='ocrx_word' id='word_1_448' title='bbox 1500 2648 1622 2694; x_wconf 90' lang='lat' dir='ltr'>nostrum</span> <span class='ocrx_word' id='word_1_449' title='bbox 1640 2655 1770 2709; x_wconf 81' lang='lat' dir='ltr'>procura-</span> 
     </span>
     <span class='ocr_line' id='line_1_67' title="bbox 981 2708 1770 2775; baseline 0.008 -14"><span class='ocrx_word' id='word_1_450' title='bbox 981 2719 1066 2762; x_wconf 91' lang='lat' dir='ltr'>torem</span> <span class='ocrx_word' id='word_1_451' title='bbox 1089 2709 1276 2763; x_wconf 86' lang='lat' dir='ltr'>eonstituimus</span> <span class='ocrx_word' id='word_1_452' title='bbox 1299 2710 1332 2762; x_wconf 87' lang='lat' dir='ltr'>atl</span> <span class='ocrx_word' id='word_1_453' title='bbox 1355 2708 1565 2775; x_wconf 90' lang='lat' dir='ltr'>consulendum,</span> <span class='ocrx_word' id='word_1_454' title='bbox 1588 2717 1616 2764; x_wconf 92' lang='lat' dir='ltr'>et</span> <span class='ocrx_word' id='word_1_455' title='bbox 1639 2711 1770 2767; x_wconf 78' lang='lat' dir='ltr'>allectivis</span> 
     </span>
     <span class='ocr_line' id='line_1_68' title="bbox 981 2779 1769 2847; baseline 0.006 -15"><span class='ocrx_word' id='word_1_456' title='bbox 981 2779 1201 2846; x_wconf 85' lang='lat' dir='ltr'>persuasionibus</span> <span class='ocrx_word' id='word_1_457' title='bbox 1216 2779 1412 2847; x_wconf 90' lang='lat' dir='ltr'>impetrandum</span> <span class='ocrx_word' id='word_1_458' title='bbox 1431 2779 1521 2834; x_wconf 92' lang='lat' dir='ltr'>omnia</span> <span class='ocrx_word' id='word_1_459' title='bbox 1547 2795 1624 2835; x_wconf 91' lang='lat' dir='ltr'>sacro</span> <span class='ocrx_word' id='word_1_460' title='bbox 1648 2781 1769 2837; x_wconf 84' lang='lat' dir='ltr'>Rotnano</span> 
     </span>
     <span class='ocr_line' id='line_1_69' title="bbox 981 2847 1768 2971; baseline 0.005 -69"><span class='ocrx_word' id='word_1_461' title='bbox 981 2847 1094 2971; x_wconf 61' lang='lat' dir='ltr'>imperio</span> <span class='ocrx_word' id='word_1_462' title='bbox 1108 2848 1262 2918; x_wconf 81' lang='lat' dir='ltr'>protutura,</span> <span class='ocrx_word' id='word_1_463' title='bbox 1278 2849 1440 2903; x_wconf 90' lang='lat' dir='ltr'>sanctissimi</span> <span class='ocrx_word' id='word_1_464' title='bbox 1464 2850 1534 2904; x_wconf 65' lang='lat' dir='ltr'>tretis</span> <span class='ocrx_word' id='word_1_465' title='bbox 1555 2866 1608 2905; x_wconf 91' lang='lat' dir='ltr'>non</span> <span class='ocrx_word' id='word_1_466' title='bbox 1623 2854 1768 2917; x_wconf 89' lang='lat' dir='ltr'>contraria,</span> 
     </span>
     <span class='ocr_line' id='line_1_70' title="bbox 981 2919 1769 2989; baseline 0.009 -18"><span class='ocrx_word' id='word_1_467' title='bbox 981 2932 1010 2971; x_wconf 88' lang='lat' dir='ltr'>se</span> <span class='ocrx_word' id='word_1_468' title='bbox 1040 2919 1188 2988; x_wconf 84' lang='lat' dir='ltr'>peremnia</span> <span class='ocrx_word' id='word_1_469' title='bbox 1201 2919 1441 2975; x_wconf 85' lang='lat' dir='ltr'>sibiccnsentanea</span> <span class='ocrx_word' id='word_1_470' title='bbox 1455 2920 1463 2960; x_wconf 85' lang='lat' dir='ltr'>t</span> <span class='ocrx_word' id='word_1_471' title='bbox 1478 2935 1555 2974; x_wconf 92' lang='lat' dir='ltr'>suum</span> <span class='ocrx_word' id='word_1_472' title='bbox 1564 2936 1680 2989; x_wconf 90' lang='lat' dir='ltr'>namque</span> <span class='ocrx_word' id='word_1_473' title='bbox 1691 2922 1769 2986; x_wconf 83' lang='lat' dir='ltr'>uelle,</span> 
     </span>
     <span class='ocr_line' id='line_1_71' title="bbox 981 2988 1769 3062; baseline 0.009 -21"><span class='ocrx_word' id='word_1_474' title='bbox 981 3003 1058 3041; x_wconf 91' lang='lat' dir='ltr'>suum</span> <span class='ocrx_word' id='word_1_475' title='bbox 1077 2988 1148 3042; x_wconf 91' lang='lat' dir='ltr'>nolle</span> <span class='ocrx_word' id='word_1_476' title='bbox 1169 3005 1183 3042; x_wconf 89' lang='lat' dir='ltr'>a</span> <span class='ocrx_word' id='word_1_477' title='bbox 1202 2997 1293 3043; x_wconf 86' lang='lat' dir='ltr'>nostra</span> <span class='ocrx_word' id='word_1_478' title='bbox 1311 3003 1363 3043; x_wconf 93' lang='lat' dir='ltr'>nou</span> <span class='ocrx_word' id='word_1_479' title='bbox 1384 2989 1548 3059; x_wconf 89' lang='lat' dir='ltr'>discrepabit</span> <span class='ocrx_word' id='word_1_480' title='bbox 1572 2991 1626 3045; x_wconf 92' lang='lat' dir='ltr'>uilo</span> <span class='ocrx_word' id='word_1_481' title='bbox 1651 3000 1769 3062; x_wconf 87' lang='lat' dir='ltr'>tempore</span> 
     </span>
    </p>
   </div>
   <div class='ocr_carea' id='block_1_15' title="bbox 176 3126 1772 3222">
    <p class='ocr_par' dir='ltr' id='par_1_15' title="bbox 176 3126 1772 3222">
     <span class='ocr_line' id='line_1_72' title="bbox 176 3126 1772 3222; baseline 0.004 -23"><span class='ocrx_word' id='word_1_482' title='bbox 176 3159 188 3186; x_wconf 80' lang='lat'>⁸</span> <span class='ocrx_word' id='word_1_483' title='bbox 209 3145 249 3201; x_wconf 76' lang='lat' dir='ltr'>bd</span> <span class='ocrx_word' id='word_1_484' title='bbox 263 3146 321 3201; x_wconf 86' lang='lat' dir='ltr'>baec</span> <span class='ocrx_word' id='word_1_485' title='bbox 334 3154 454 3214; x_wconf 89' lang='lat' dir='ltr'>tempora</span> <span class='ocrx_word' id='word_1_486' title='bbox 467 3147 603 3216; x_wconf 90' lang='lat' dir='ltr'>pertinere</span> <span class='ocrx_word' id='word_1_487' title='bbox 614 3147 739 3202; x_wconf 84' lang='lat' dir='ltr'>ridentur</span> <span class='ocrx_word' id='word_1_488' title='bbox 750 3156 873 3217; x_wconf 87' lang='lat' dir='ltr'>patentes</span> <span class='ocrx_word' id='word_1_489' title='bbox 884 3126 963 3203; x_wconf 81' lang='lat' dir='ltr'>lit·c</span> <span class='ocrx_word' id='word_1_490' title='bbox 1013 3147 1176 3216; x_wconf 84' lang='lat' dir='ltr'>dQuidquid</span> <span class='ocrx_word' id='word_1_491' title='bbox 1201 3148 1228 3201; x_wconf 92' lang='lat' dir='ltr'>in</span> <span class='ocrx_word' id='word_1_492' title='bbox 1254 3149 1362 3218; x_wconf 88' lang='lat' dir='ltr'>negotio</span> <span class='ocrx_word' id='word_1_493' title='bbox 1384 3150 1585 3215; x_wconf 89' lang='lat' dir='ltr'>coronationis,</span> <span class='ocrx_word' id='word_1_494' title='bbox 1613 3151 1772 3222; x_wconf 70' lang='lat' dir='ltr'>caeterisque</span> 
     </span>
    </p>
   </div>
   <div class='ocr_carea' id='block_1_16' title="bbox 138 3215 931 4123">
    <p class='ocr_par' dir='ltr' id='par_1_16' title="bbox 138 3215 930 3911">
     <span class='ocr_line' id='line_1_73' title="bbox 140 3215 928 3286; baseline 0.001 -14"><span class='ocrx_word' id='word_1_495' title='bbox 140 3224 207 3272; x_wconf 81' lang='lat' dir='ltr'>terae</span> <span class='ocrx_word' id='word_1_496' title='bbox 230 3215 290 3286; x_wconf 90' lang='lat' dir='ltr'>(lib.</span> <span class='ocrx_word' id='word_1_497' title='bbox 313 3232 333 3279; x_wconf 91' lang='grc' dir='ltr'>ι,</span> <span class='ocrx_word' id='word_1_498' title='bbox 355 3231 399 3285; x_wconf 91' lang='lat' dir='ltr'>ep.</span> <span class='ocrx_word' id='word_1_499' title='bbox 413 3216 458 3285; x_wconf 72' lang='lat'>28)</span> <span class='ocrx_word' id='word_1_500' title='bbox 476 3217 552 3283; x_wconf 82' lang='lat' dir='ltr'>queis</span> <span class='ocrx_word' id='word_1_501' title='bbox 569 3218 707 3272; x_wconf 83' lang='lat' dir='ltr'>blediolani</span> <span class='ocrx_word' id='word_1_502' title='bbox 723 3234 752 3272; x_wconf 90' lang='lat' dir='ltr'>se</span> <span class='ocrx_word' id='word_1_503' title='bbox 773 3218 928 3274; x_wconf 87' lang='lat' dir='ltr'>adiutumm</span> 
     </span>
     <span class='ocr_line' id='line_1_74' title="bbox 138 3283 929 3357; baseline 0.004 -18"><span class='ocrx_word' id='word_1_504' title='bbox 138 3286 318 3356; x_wconf 83' lang='lat' dir='ltr'>pollicebatur</span> <span class='ocrx_word' id='word_1_505' title='bbox 329 3285 373 3340; x_wconf 91' lang='lat' dir='ltr'>die</span> <span class='ocrx_word' id='word_1_506' title='bbox 387 3293 480 3340; x_wconf 90' lang='lat' dir='ltr'>sancto</span> <span class='ocrx_word' id='word_1_507' title='bbox 493 3283 645 3350; x_wconf 86' lang='lat' dir='ltr'>Pascbatis,</span> <span class='ocrx_word' id='word_1_508' title='bbox 658 3302 704 3341; x_wconf 90' lang='lat' dir='ltr'>seu</span> <span class='ocrx_word' id='word_1_509' title='bbox 719 3287 854 3357; x_wconf 77' lang='lat' dir='ltr'>bbprilis,</span> <span class='ocrx_word' id='word_1_510' title='bbox 867 3288 929 3343; x_wconf 91' lang='lat' dir='ltr'>inde</span> 
     </span>
     <span class='ocr_line' id='line_1_75' title="bbox 141 3355 928 3424; baseline 0.004 -15"><span class='ocrx_word' id='word_1_511' title='bbox 141 3358 176 3409; x_wconf 90' lang='lat' dir='ltr'>ad</span> <span class='ocrx_word' id='word_1_512' title='bbox 198 3355 300 3412; x_wconf 84' lang='lat' dir='ltr'>Urbem</span> <span class='ocrx_word' id='word_1_513' title='bbox 320 3370 537 3424; x_wconf 88' lang='lat' dir='ltr'>progressurum.</span> <span class='ocrx_word' id='word_1_514' title='bbox 561 3357 620 3410; x_wconf 86' lang='lat' dir='ltr'>Non</span> <span class='ocrx_word' id='word_1_515' title='bbox 636 3359 706 3410; x_wconf 92' lang='lat' dir='ltr'>enim</span> <span class='ocrx_word' id='word_1_516' title='bbox 729 3358 859 3412; x_wconf 89' lang='lat' dir='ltr'>credibile</span> <span class='ocrx_word' id='word_1_517' title='bbox 876 3367 928 3421; x_wconf 83' lang='lat' dir='ltr'>est,</span> 
     </span>
     <span class='ocr_line' id='line_1_76' title="bbox 142 3424 930 3495; baseline 0.005 -16"><span class='ocrx_word' id='word_1_518' title='bbox 142 3427 221 3480; x_wconf 89' lang='lat' dir='ltr'>datas</span> <span class='ocrx_word' id='word_1_519' title='bbox 244 3424 326 3478; x_wconf 85' lang='lat' dir='ltr'>luisse</span> <span class='ocrx_word' id='word_1_520' title='bbox 349 3433 491 3494; x_wconf 87' lang='lat' dir='ltr'>postquam</span> <span class='ocrx_word' id='word_1_521' title='bbox 516 3426 673 3495; x_wconf 86' lang='lat' dir='ltr'>ilrulnlpbns</span> <span class='ocrx_word' id='word_1_522' title='bbox 696 3437 737 3481; x_wconf 87' lang='lat' dir='ltr'>est</span> <span class='ocrx_word' id='word_1_523' title='bbox 760 3430 930 3495; x_wconf 81' lang='lat' dir='ltr'>retituspro</span> 
     </span>
     <span class='ocr_line' id='line_1_77' title="bbox 141 3494 929 3565; baseline 0.005 -18"><span class='ocrx_word' id='word_1_524' title='bbox 141 3496 229 3565; x_wconf 86' lang='lat' dir='ltr'>gredi.</span> <span class='ocrx_word' id='word_1_525' title='bbox 246 3494 314 3548; x_wconf 83' lang='lat' dir='ltr'>Num</span> <span class='ocrx_word' id='word_1_526' title='bbox 328 3503 417 3548; x_wconf 92' lang='lat' dir='ltr'>autem</span> <span class='ocrx_word' id='word_1_527' title='bbox 432 3511 485 3549; x_wconf 95' lang='lat' dir='ltr'>uno</span> <span class='ocrx_word' id='word_1_528' title='bbox 498 3499 646 3565; x_wconf 73' lang='lat' dir='ltr'>collemque</span> <span class='ocrx_word' id='word_1_529' title='bbox 660 3505 779 3565; x_wconf 83' lang='lat' dir='ltr'>tempore</span> <span class='ocrx_word' id='word_1_530' title='bbox 794 3499 864 3551; x_wconf 75' lang='lat' dir='ltr'>datae</span> <span class='ocrx_word' id='word_1_531' title='bbox 876 3497 929 3551; x_wconf 87' lang='lat' dir='ltr'>iue-</span> 
     </span>
     <span class='ocr_line' id='line_1_78' title="bbox 142 3565 928 3635; baseline -0.001 -16"><span class='ocrx_word' id='word_1_532' title='bbox 142 3567 198 3619; x_wconf 90' lang='lat' dir='ltr'>rint</span> <span class='ocrx_word' id='word_1_533' title='bbox 210 3580 272 3618; x_wconf 90' lang='lat' dir='ltr'>cum</span> <span class='ocrx_word' id='word_1_534' title='bbox 287 3565 470 3633; x_wconf 88' lang='lat' dir='ltr'>gratulatoriis</span> <span class='ocrx_word' id='word_1_535' title='bbox 489 3566 565 3629; x_wconf 81' lang='lat' dir='ltr'>itis,</span> <span class='ocrx_word' id='word_1_536' title='bbox 585 3582 618 3620; x_wconf 89' lang='lat' dir='ltr'>an</span> <span class='ocrx_word' id='word_1_537' title='bbox 630 3567 752 3629; x_wconf 87' lang='lat' dir='ltr'>seorsim,</span> <span class='ocrx_word' id='word_1_538' title='bbox 774 3567 928 3635; x_wconf 90' lang='lat' dir='ltr'>expeditum</span> 
     </span>
     <span class='ocr_line' id='line_1_79' title="bbox 141 3634 927 3705; baseline 0 -16"><span class='ocrx_word' id='word_1_539' title='bbox 141 3650 196 3689; x_wconf 94' lang='lat' dir='ltr'>non</span> <span class='ocrx_word' id='word_1_540' title='bbox 210 3642 253 3687; x_wconf 86' lang='lat' dir='ltr'>cst</span> <span class='ocrx_word' id='word_1_541' title='bbox 265 3634 421 3688; x_wconf 89' lang='lat' dir='ltr'>decernere.</span> <span class='ocrx_word' id='word_1_542' title='bbox 444 3636 523 3690; x_wconf 89' lang='lat' dir='ltr'>Certe</span> <span class='ocrx_word' id='word_1_543' title='bbox 534 3644 596 3690; x_wconf 89' lang='lat' dir='ltr'>ante</span> <span class='ocrx_word' id='word_1_544' title='bbox 615 3636 768 3705; x_wconf 68' lang='lat' dir='ltr'>praedictam</span> <span class='ocrx_word' id='word_1_545' title='bbox 781 3636 927 3691; x_wconf 89' lang='lat' dir='ltr'>innocentii</span> 
     </span>
     <span class='ocr_line' id='line_1_80' title="bbox 139 3704 929 3775; baseline 0.001 -16"><span class='ocrx_word' id='word_1_546' title='bbox 139 3704 351 3759; x_wconf 88' lang='lat' dir='ltr'>admonitionem</span> <span class='ocrx_word' id='word_1_547' title='bbox 359 3713 480 3773; x_wconf 75' lang='lat' dir='ltr'>utraeque</span> <span class='ocrx_word' id='word_1_548' title='bbox 490 3707 596 3775; x_wconf 85' lang='lat' dir='ltr'>scriptae</span> <span class='ocrx_word' id='word_1_549' title='bbox 612 3714 689 3769; x_wconf 88' lang='lat' dir='ltr'>suut;</span> <span class='ocrx_word' id='word_1_550' title='bbox 705 3707 847 3774; x_wconf 90' lang='lat' dir='ltr'>utrobique</span> <span class='ocrx_word' id='word_1_551' title='bbox 857 3706 929 3760; x_wconf 90' lang='lat' dir='ltr'>enim</span> 
     </span>
     <span class='ocr_line' id='line_1_81' title="bbox 140 3773 930 3845; baseline 0.005 -18"><span class='ocrx_word' id='word_1_552' title='bbox 140 3775 174 3827; x_wconf 89' lang='lat' dir='ltr'>de</span> <span class='ocrx_word' id='word_1_553' title='bbox 186 3773 318 3841; x_wconf 84' lang='lat' dir='ltr'>imperiali</span> <span class='ocrx_word' id='word_1_554' title='bbox 329 3773 478 3828; x_wconf 69' lang='lat' dir='ltr'>diadentatc</span> <span class='ocrx_word' id='word_1_555' title='bbox 487 3776 655 3844; x_wconf 86' lang='lat' dir='ltr'>suscipiendo</span> <span class='ocrx_word' id='word_1_556' title='bbox 669 3778 764 3845; x_wconf 87' lang='lat' dir='ltr'>agitur,</span> <span class='ocrx_word' id='word_1_557' title='bbox 775 3774 785 3843; x_wconf 83' lang='lat' dir='ltr'>j</span> <span class='ocrx_word' id='word_1_558' title='bbox 807 3784 852 3828; x_wconf 85' lang='lat' dir='ltr'>xta</span> <span class='ocrx_word' id='word_1_559' title='bbox 863 3774 930 3831; x_wconf 83' lang='lat' dir='ltr'>Gre-</span> 
     </span>
     <span class='ocr_line' id='line_1_82' title="bbox 141 3842 608 3911; baseline -0.004 -15"><span class='ocrx_word' id='word_1_560' title='bbox 141 3858 190 3911; x_wconf 91' lang='lat' dir='ltr'>gor</span> <span class='ocrx_word' id='word_1_561' title='bbox 203 3844 209 3895; x_wconf 93' lang='lat' dir='ltr'>i</span> <span class='ocrx_word' id='word_1_562' title='bbox 225 3842 458 3898; x_wconf 88' lang='lat' dir='ltr'>deliberationem.</span> <span class='ocrx_word' id='word_1_563' title='bbox 606 3889 608 3894; x_wconf 91' lang='lat'>.</span> 
     </span>
    </p>

    <p class='ocr_par' dir='ltr' id='par_1_17' title="bbox 139 3912 931 4123">
     <span class='ocr_line' id='line_1_83' title="bbox 177 3912 930 3980; baseline 0.003 -14"><span class='ocrx_word' id='word_1_564' title='bbox 177 3914 190 3951; x_wconf 81' lang='lat'>¹¹</span> <span class='ocrx_word' id='word_1_565' title='bbox 204 3913 322 3967; x_wconf 86' lang='lat' dir='ltr'>Litteras</span> <span class='ocrx_word' id='word_1_566' title='bbox 335 3912 487 3980; x_wconf 84' lang='lat' dir='ltr'>aliquandiu</span> <span class='ocrx_word' id='word_1_567' title='bbox 500 3923 561 3967; x_wconf 91' lang='lat' dir='ltr'>ante</span> <span class='ocrx_word' id='word_1_568' title='bbox 579 3915 696 3968; x_wconf 89' lang='lat' dir='ltr'>oratoris</span> <span class='ocrx_word' id='word_1_569' title='bbox 709 3915 852 3968; x_wconf 87' lang='lat' dir='ltr'>adrentum</span> <span class='ocrx_word' id='word_1_570' title='bbox 871 3928 930 3968; x_wconf 88' lang='lat' dir='ltr'>esse</span> 
     </span>
     <span class='ocr_line' id='line_1_84' title="bbox 139 3981 931 4053; baseline 0.003 -17"><span class='ocrx_word' id='word_1_571' title='bbox 139 3983 238 4036; x_wconf 86' lang='lat' dir='ltr'>allatas</span> <span class='ocrx_word' id='word_1_572' title='bbox 252 3981 364 4035; x_wconf 81' lang='lat' dir='ltr'>llotuant</span> <span class='ocrx_word' id='word_1_573' title='bbox 376 3982 510 4052; x_wconf 83' lang='lat' dir='ltr'>colligitur</span> <span class='ocrx_word' id='word_1_574' title='bbox 522 3999 555 4036; x_wconf 87' lang='lat' dir='ltr'>ex</span> <span class='ocrx_word' id='word_1_575' title='bbox 567 3982 673 4036; x_wconf 91' lang='lat' dir='ltr'>laudata</span> <span class='ocrx_word' id='word_1_576' title='bbox 686 3986 863 4038; x_wconf 83' lang='lat' dir='ltr'>cardinalium</span> <span class='ocrx_word' id='word_1_577' title='bbox 875 3983 931 4053; x_wconf 86' lang='lat' dir='ltr'>epi·</span> 
     </span>
     <span class='ocr_line' id='line_1_85' title="bbox 140 4052 931 4123; baseline 0.004 -18"><span class='ocrx_word' id='word_1_578' title='bbox 140 4052 221 4114; x_wconf 72' lang='lat' dir='ltr'>stola,</span> <span class='ocrx_word' id='word_1_579' title='bbox 242 4066 304 4105; x_wconf 91' lang='lat' dir='ltr'>enm</span> <span class='ocrx_word' id='word_1_580' title='bbox 328 4052 459 4121; x_wconf 88' lang='lat' dir='ltr'>siquidem</span> <span class='ocrx_word' id='word_1_581' title='bbox 491 4054 678 4123; x_wconf 85' lang='lat' dir='ltr'>supervenisse</span> <span class='ocrx_word' id='word_1_582' title='bbox 702 4055 802 4116; x_wconf 84' lang='lat' dir='ltr'>dieunt,</span> <span class='ocrx_word' id='word_1_583' title='bbox 821 4055 883 4108; x_wconf 92' lang='lat' dir='ltr'>dnm</span> <span class='ocrx_word' id='word_1_584' title='bbox 898 4055 931 4108; x_wconf 92' lang='lat' dir='ltr'>de</span> 
     </span>
    </p>
   </div>
   <div class='ocr_carea' id='block_1_17' title="bbox 140 4121 1771 4541">
    <p class='ocr_par' dir='ltr' id='par_1_18' title="bbox 140 4121 1771 4541">
     <span class='ocr_line' id='line_1_86' title="bbox 140 4121 929 4190; baseline -0.003 -15"><span class='ocrx_word' id='word_1_585' title='bbox 140 4137 201 4175; x_wconf 86' lang='lat' dir='ltr'>cont</span> <span class='ocrx_word' id='word_1_586' title='bbox 239 4121 327 4175; x_wconf 90' lang='lat' dir='ltr'>nenda</span> <span class='ocrx_word' id='word_1_587' title='bbox 341 4124 523 4176; x_wconf 84' lang='lat' dir='ltr'>controuersia</span> <span class='ocrx_word' id='word_1_588' title='bbox 540 4123 691 4190; x_wconf 88' lang='lat' dir='ltr'>agebatur:</span> <span class='ocrx_word' id='word_1_589' title='bbox 710 4142 718 4171; x_wconf 83' lang='lat' dir='ltr'>t</span> <span class='ocrx_word' id='word_1_590' title='bbox 736 4124 854 4176; x_wconf 87' lang='lat' dir='ltr'>&#39;landem</span> <span class='ocrx_word' id='word_1_591' title='bbox 868 4137 929 4175; x_wconf 86' lang='lat' dir='ltr'>ren.</span> 
     </span>
     <span class='ocr_line' id='line_1_87' title="bbox 141 4136 930 4260; baseline 0.003 -16"><span class='ocrx_word' id='word_1_592' title='bbox 141 4190 174 4244; x_wconf 86' lang='lat' dir='ltr'>ir.</span> <span class='ocrx_word' id='word_1_593' title='bbox 192 4136 333 4244; x_wconf 45' lang='lat' dir='ltr'>Ufsiliensi</span> <span class='ocrx_word' id='word_1_594' title='bbox 348 4192 474 4260; x_wconf 89' lang='lat' dir='ltr'>episcopo</span> <span class='ocrx_word' id='word_1_595' title='bbox 496 4200 586 4245; x_wconf 87' lang='lat' dir='ltr'>restro</span> <span class='ocrx_word' id='word_1_596' title='bbox 600 4201 663 4246; x_wconf 89' lang='lat' dir='ltr'>tune</span> <span class='ocrx_word' id='word_1_597' title='bbox 682 4195 775 4247; x_wconf 90' lang='lat' dir='ltr'>nuntio</span> <span class='ocrx_word' id='word_1_598' title='bbox 788 4195 820 4246; x_wconf 88' lang='lat' dir='ltr'>nd</span> <span class='ocrx_word' id='word_1_599' title='bbox 840 4194 930 4246; x_wconf 90' lang='lat' dir='ltr'>sedent</span> 
     </span>
     <span class='ocr_line' id='line_1_88' title="bbox 140 4260 930 4331; baseline 0.004 -18"><span class='ocrx_word' id='word_1_600' title='bbox 140 4260 315 4329; x_wconf 74' lang='lat' dir='ltr'>arrostobcam</span> <span class='ocrx_word' id='word_1_601' title='bbox 342 4262 495 4324; x_wconf 90' lang='lat' dir='ltr'>accedente,</span> <span class='ocrx_word' id='word_1_602' title='bbox 519 4276 551 4314; x_wconf 92' lang='lat' dir='ltr'>ae</span> <span class='ocrx_word' id='word_1_603' title='bbox 569 4262 718 4316; x_wconf 81' lang='lat' dir='ltr'>excellente</span> <span class='ocrx_word' id='word_1_604' title='bbox 737 4263 858 4331; x_wconf 88' lang='lat' dir='ltr'>principe</span> <span class='ocrx_word' id='word_1_605' title='bbox 881 4262 930 4316; x_wconf 91' lang='lat' dir='ltr'>do·</span> 
     </span>
     <span class='ocr_line' id='line_1_89' title="bbox 141 4329 931 4400; baseline 0 -16"><span class='ocrx_word' id='word_1_606' title='bbox 141 4329 326 4384; x_wconf 87' lang='lat' dir='ltr'>miuoCaroln</span> <span class='ocrx_word' id='word_1_607' title='bbox 340 4329 437 4384; x_wconf 89' lang='lat' dir='ltr'>illustri</span> <span class='ocrx_word' id='word_1_608' title='bbox 458 4345 520 4399; x_wconf 88' lang='lat' dir='ltr'>tege</span> <span class='ocrx_word' id='word_1_609' title='bbox 544 4329 644 4385; x_wconf 73' lang='lat' dir='ltr'>Siciliae</span> <span class='ocrx_word' id='word_1_610' title='bbox 665 4332 825 4388; x_wconf 85' lang='lat' dir='ltr'>citatissimo</span> <span class='ocrx_word' id='word_1_611' title='bbox 847 4331 931 4400; x_wconf 90' lang='lat' dir='ltr'>ipsius</span> 
     </span>
     <span class='ocr_line' id='line_1_90' title="bbox 141 4399 1771 4472; baseline 0.002 -17"><span class='ocrx_word' id='word_1_612' title='bbox 141 4399 270 4455; x_wconf 62' lang='lat' dir='ltr'>&amp;etesia</span> <span class='ocrx_word' id='word_1_613' title='bbox 284 4399 366 4452; x_wconf 88' lang='lat' dir='ltr'>tilioa</span> <span class='ocrx_word' id='word_1_614' title='bbox 404 4400 523 4453; x_wconf 89' lang='lat' dir='ltr'>dsedem</span> <span class='ocrx_word' id='word_1_615' title='bbox 539 4401 671 4455; x_wconf 88' lang='lat' dir='ltr'>existente</span> <span class='ocrx_word' id='word_1_616' title='bbox 684 4402 848 4469; x_wconf 84' lang='lat' dir='ltr'>praedictam,</span> <span class='ocrx_word' id='word_1_617' title='bbox 863 4416 931 4470; x_wconf 82' lang='lat' dir='ltr'>pree-</span> <span class='ocrx_word' id='word_1_618' title='bbox 980 4401 1136 4457; x_wconf 89' lang='lat' dir='ltr'>cedentibus</span> <span class='ocrx_word' id='word_1_619' title='bbox 1149 4400 1256 4455; x_wconf 88' lang='lat' dir='ltr'>litteris.</span> <span class='ocrx_word' id='word_1_620' title='bbox 1276 4400 1368 4469; x_wconf 90' lang='lat' dir='ltr'>ltaque</span> <span class='ocrx_word' id='word_1_621' title='bbox 1389 4402 1447 4456; x_wconf 92' lang='lat' dir='ltr'>loeo</span> <span class='ocrx_word' id='word_1_622' title='bbox 1461 4402 1619 4456; x_wconf 85' lang='lat' dir='ltr'>merendum</span> <span class='ocrx_word' id='word_1_623' title='bbox 1633 4412 1674 4457; x_wconf 91' lang='lat' dir='ltr'>est</span> <span class='ocrx_word' id='word_1_624' title='bbox 1686 4403 1771 4472; x_wconf 84' lang='lat' dir='ltr'>diplo-</span> 
     </span>
     <span class='ocr_line' id='line_1_91' title="bbox 140 4465 1770 4541; baseline 0.003 -18"><span class='ocrx_word' id='word_1_625' title='bbox 140 4468 213 4523; x_wconf 88' lang='lat' dir='ltr'>latns</span> <span class='ocrx_word' id='word_1_626' title='bbox 228 4468 347 4538; x_wconf 77' lang='lat' dir='ltr'>pontifex</span> <span class='ocrx_word' id='word_1_627' title='bbox 377 4469 534 4524; x_wconf 85' lang='lat' dir='ltr'>onocentius</span> <span class='ocrx_word' id='word_1_628' title='bbox 547 4467 677 4523; x_wconf 85' lang='lat' dir='ltr'>laborarit</span> <span class='ocrx_word' id='word_1_629' title='bbox 691 4470 813 4531; x_wconf 85' lang='lat' dir='ltr'>sollicite,</span> <span class='ocrx_word' id='word_1_630' title='bbox 828 4488 859 4525; x_wconf 89' lang='lat' dir='ltr'>ac.</span> <span class='ocrx_word' id='word_1_631' title='bbox 871 4471 931 4524; x_wconf 91' lang='lat' dir='ltr'>dili·</span> <span class='ocrx_word' id='word_1_632' title='bbox 945 4465 968 4522; x_wconf 90' lang='lat' dir='ltr'>b</span> <span class='ocrx_word' id='word_1_633' title='bbox 982 4485 1024 4522; x_wconf 92' lang='lat' dir='ltr'>ma</span> <span class='ocrx_word' id='word_1_634' title='bbox 1038 4470 1118 4532; x_wconf 90' lang='lat' dir='ltr'>istud,</span> <span class='ocrx_word' id='word_1_635' title='bbox 1139 4470 1210 4524; x_wconf 89' lang='lat' dir='ltr'>etad</span> <span class='ocrx_word' id='word_1_636' title='bbox 1225 4486 1323 4524; x_wconf 93' lang='lat' dir='ltr'>annum</span> <span class='ocrx_word' id='word_1_637' title='bbox 1336 4471 1403 4524; x_wconf 70' lang='lat' dir='ltr'>itii</span> <span class='ocrx_word' id='word_1_638' title='bbox 1419 4485 1487 4540; x_wconf 91' lang='lat' dir='ltr'>pene</span> <span class='ocrx_word' id='word_1_639' title='bbox 1506 4471 1666 4541; x_wconf 89' lang='lat' dir='ltr'>completum</span> <span class='ocrx_word' id='word_1_640' title='bbox 1683 4482 1770 4528; x_wconf 89' lang='lat' dir='ltr'>trans-</span> 
     </span>
    </p>
   </div>
   <div class='ocr_carea' id='block_1_18' title="bbox 139 4538 934 5789">
    <p class='ocr_par' dir='ltr' id='par_1_19' title="bbox 139 4538 933 5495">
     <span class='ocr_line' id='line_1_92' title="bbox 139 4538 932 4607; baseline 0.003 -15"><span class='ocrx_word' id='word_1_641' title='bbox 139 4547 235 4607; x_wconf 88' lang='lat' dir='ltr'>geuter</span> <span class='ocrx_word' id='word_1_642' title='bbox 251 4538 411 4607; x_wconf 88' lang='lat' dir='ltr'>interposuit</span> <span class='ocrx_word' id='word_1_643' title='bbox 433 4547 524 4606; x_wconf 88' lang='lat' dir='ltr'>partes</span> <span class='ocrx_word' id='word_1_644' title='bbox 546 4554 619 4602; x_wconf 89' lang='lat' dir='ltr'>suas,</span> <span class='ocrx_word' id='word_1_645' title='bbox 645 4548 673 4593; x_wconf 92' lang='lat' dir='ltr'>ut</span> <span class='ocrx_word' id='word_1_646' title='bbox 693 4548 824 4595; x_wconf 89' lang='lat' dir='ltr'>tractatus</span> <span class='ocrx_word' id='word_1_647' title='bbox 843 4540 932 4607; x_wconf 75' lang='lat' dir='ltr'>buius·</span> 
     </span>
     <span class='ocr_line' id='line_1_93' title="bbox 140 4608 932 4679; baseline 0.004 -19"><span class='ocrx_word' id='word_1_648' title='bbox 140 4608 213 4662; x_wconf 90' lang='lat' dir='ltr'>modi</span> <span class='ocrx_word' id='word_1_649' title='bbox 228 4614 350 4676; x_wconf 88' lang='lat' dir='ltr'>optatum</span> <span class='ocrx_word' id='word_1_650' title='bbox 362 4609 464 4661; x_wconf 90' lang='lat' dir='ltr'>exitum</span> <span class='ocrx_word' id='word_1_651' title='bbox 478 4609 648 4662; x_wconf 88' lang='lat' dir='ltr'>sortirentur.</span> <span class='ocrx_word' id='word_1_652' title='bbox 669 4610 722 4664; x_wconf 89' lang='lat' dir='ltr'>Sed</span> <span class='ocrx_word' id='word_1_653' title='bbox 736 4612 831 4664; x_wconf 90' lang='lat' dir='ltr'>eodem</span> <span class='ocrx_word' id='word_1_654' title='bbox 843 4610 932 4679; x_wconf 92' lang='lat' dir='ltr'>ponti-</span> 
     </span>
     <span class='ocr_line' id='line_1_94' title="bbox 140 4676 933 4747; baseline 0.004 -17"><span class='ocrx_word' id='word_1_655' title='bbox 140 4676 192 4731; x_wconf 80' lang='lat' dir='ltr'>fice</span> <span class='ocrx_word' id='word_1_656' title='bbox 203 4677 370 4742; x_wconf 77' lang='lat' dir='ltr'>Innocentio,</span> <span class='ocrx_word' id='word_1_657' title='bbox 383 4677 454 4731; x_wconf 91' lang='lat' dir='ltr'>sicut</span> <span class='ocrx_word' id='word_1_658' title='bbox 474 4678 507 4731; x_wconf 91' lang='lat' dir='ltr'>de</span> <span class='ocrx_word' id='word_1_659' title='bbox 520 4678 694 4745; x_wconf 87' lang='lat' dir='ltr'>dispositione</span> <span class='ocrx_word' id='word_1_660' title='bbox 708 4681 840 4747; x_wconf 88' lang='lat' dir='ltr'>processit</span> <span class='ocrx_word' id='word_1_661' title='bbox 851 4678 933 4734; x_wconf 83' lang='lat' dir='ltr'>Altis-</span> 
     </span>
     <span class='ocr_line' id='line_1_95' title="bbox 140 4746 932 4817; baseline 0.004 -18"><span class='ocrx_word' id='word_1_662' title='bbox 140 4746 213 4809; x_wconf 86' lang='lat' dir='ltr'>sirni,</span> <span class='ocrx_word' id='word_1_663' title='bbox 226 4761 288 4800; x_wconf 89' lang='lat' dir='ltr'>eum</span> <span class='ocrx_word' id='word_1_664' title='bbox 311 4747 466 4801; x_wconf 90' lang='lat' dir='ltr'>incurrente</span> <span class='ocrx_word' id='word_1_665' title='bbox 488 4746 651 4801; x_wconf 89' lang='lat' dir='ltr'>inlirruitatis</span> <span class='ocrx_word' id='word_1_666' title='bbox 664 4748 823 4812; x_wconf 91' lang='lat' dir='ltr'>articulum,</span> <span class='ocrx_word' id='word_1_667' title='bbox 839 4749 932 4817; x_wconf 88' lang='lat' dir='ltr'>inquo</span> 
     </span>
     <span class='ocr_line' id='line_1_96' title="bbox 140 4815 933 4898; baseline 0.005 -29"><span class='ocrx_word' id='word_1_668' title='bbox 140 4815 299 4885; x_wconf 87' lang='lat' dir='ltr'>temporalis</span> <span class='ocrx_word' id='word_1_669' title='bbox 313 4831 422 4870; x_wconf 89' lang='lat' dir='ltr'>cursum</span> <span class='ocrx_word' id='word_1_670' title='bbox 439 4816 501 4869; x_wconf 84' lang='lat' dir='ltr'>ritae</span> <span class='ocrx_word' id='word_1_671' title='bbox 513 4816 609 4881; x_wconf 88' lang='lat' dir='ltr'>linirit,</span> <span class='ocrx_word' id='word_1_672' title='bbox 622 4825 755 4873; x_wconf 87' lang='lat' dir='ltr'>tractatus</span> <span class='ocrx_word' id='word_1_673' title='bbox 768 4819 818 4898; x_wconf 89' lang='lat' dir='ltr'>ipsi</span> <span class='ocrx_word' id='word_1_674' title='bbox 829 4818 933 4873; x_wconf 88' lang='lat' dir='ltr'>deside-</span> 
     </span>
     <span class='ocr_line' id='line_1_97' title="bbox 141 4884 933 4957; baseline 0.004 -19"><span class='ocrx_word' id='word_1_675' title='bbox 141 4894 208 4944; x_wconf 84' lang='lat' dir='ltr'>ratae</span> <span class='ocrx_word' id='word_1_676' title='bbox 217 4885 460 4939; x_wconf 86' lang='lat' dir='ltr'>consummationis</span> <span class='ocrx_word' id='word_1_677' title='bbox 476 4884 600 4940; x_wconf 86' lang='lat' dir='ltr'>ellectum</span> <span class='ocrx_word' id='word_1_678' title='bbox 613 4887 741 4957; x_wconf 90' lang='lat' dir='ltr'>consequi</span> <span class='ocrx_word' id='word_1_679' title='bbox 755 4888 865 4941; x_wconf 89' lang='lat' dir='ltr'>nunime</span> <span class='ocrx_word' id='word_1_680' title='bbox 885 4901 933 4957; x_wconf 80' lang='lat' dir='ltr'>po</span> 
     </span>
     <span class='ocr_line' id='line_1_98' title="bbox 140 4953 932 5024; baseline 0.003 -16"><span class='ocrx_word' id='word_1_681' title='bbox 140 4963 279 5009; x_wconf 79' lang='lat' dir='ltr'>tuerent.»</span> <span class='ocrx_word' id='word_1_682' title='bbox 293 4953 369 5010; x_wconf 88' lang='lat' dir='ltr'>Unde</span> <span class='ocrx_word' id='word_1_683' title='bbox 380 4962 464 5024; x_wconf 86' lang='lat' dir='ltr'>patet,</span> <span class='ocrx_word' id='word_1_684' title='bbox 476 4954 639 5009; x_wconf 89' lang='lat' dir='ltr'>destinatum</span> <span class='ocrx_word' id='word_1_685' title='bbox 651 4955 733 5012; x_wconf 87' lang='lat' dir='ltr'>inisse</span> <span class='ocrx_word' id='word_1_686' title='bbox 750 4965 894 5020; x_wconf 87' lang='lat' dir='ltr'>oratorem,</span> <span class='ocrx_word' id='word_1_687' title='bbox 903 4965 932 5010; x_wconf 92' lang='lat' dir='ltr'>ut</span> 
     </span>
     <span class='ocr_line' id='line_1_99' title="bbox 140 5022 931 5093; baseline 0 -14"><span class='ocrx_word' id='word_1_688' title='bbox 140 5025 243 5079; x_wconf 82' lang='lat' dir='ltr'>babent</span> <span class='ocrx_word' id='word_1_689' title='bbox 261 5022 377 5084; x_wconf 80' lang='lat' dir='ltr'>litterae,</span> <span class='ocrx_word' id='word_1_690' title='bbox 402 5025 449 5078; x_wconf 88' lang='lat' dir='ltr'>sed</span> <span class='ocrx_word' id='word_1_691' title='bbox 472 5023 530 5091; x_wconf 89' lang='lat' dir='ltr'>ejus</span> <span class='ocrx_word' id='word_1_692' title='bbox 551 5025 694 5079; x_wconf 87' lang='lat' dir='ltr'>adventum</span> <span class='ocrx_word' id='word_1_693' title='bbox 716 5036 743 5079; x_wconf 91' lang='lat' dir='ltr'>et</span> <span class='ocrx_word' id='word_1_694' title='bbox 774 5026 931 5093; x_wconf 70' lang='lat' dir='ltr'>praedictum</span> 
     </span>
     <span class='ocr_line' id='line_1_100' title="bbox 139 5093 933 5163; baseline 0 -16"><span class='ocrx_word' id='word_1_695' title='bbox 139 5093 243 5147; x_wconf 79' lang='lat' dir='ltr'>Siciliae</span> <span class='ocrx_word' id='word_1_696' title='bbox 255 5093 327 5163; x_wconf 87' lang='lat' dir='ltr'>regis</span> <span class='ocrx_word' id='word_1_697' title='bbox 337 5093 499 5162; x_wconf 84' lang='lat' dir='ltr'>homagium,</span> <span class='ocrx_word' id='word_1_698' title='bbox 515 5102 541 5146; x_wconf 91' lang='lat' dir='ltr'>et</span> <span class='ocrx_word' id='word_1_699' title='bbox 553 5096 704 5162; x_wconf 86' lang='lat' dir='ltr'>pontibeias</span> <span class='ocrx_word' id='word_1_700' title='bbox 717 5096 821 5149; x_wconf 89' lang='lat' dir='ltr'>litteras</span> <span class='ocrx_word' id='word_1_701' title='bbox 834 5094 933 5149; x_wconf 85' lang='lat' dir='ltr'>iludnl-</span> 
     </span>
     <span class='ocr_line' id='line_1_101' title="bbox 139 5162 931 5232; baseline 0.001 -17"><span class='ocrx_word' id='word_1_702' title='bbox 139 5164 195 5232; x_wconf 84' lang='lat' dir='ltr'>plto</span> <span class='ocrx_word' id='word_1_703' title='bbox 205 5163 409 5232; x_wconf 86' lang='lat' dir='ltr'>persuadentes,</span> <span class='ocrx_word' id='word_1_704' title='bbox 421 5171 450 5216; x_wconf 92' lang='lat' dir='ltr'>ut</span> <span class='ocrx_word' id='word_1_705' title='bbox 460 5163 511 5217; x_wconf 90' lang='lat' dir='ltr'>iter</span> <span class='ocrx_word' id='word_1_706' title='bbox 520 5162 640 5218; x_wconf 88' lang='lat' dir='ltr'>ltalicum</span> <span class='ocrx_word' id='word_1_707' title='bbox 651 5174 695 5218; x_wconf 93' lang='lat' dir='ltr'>aut</span> <span class='ocrx_word' id='word_1_708' title='bbox 709 5182 763 5220; x_wconf 90' lang='lat' dir='ltr'>non</span> <span class='ocrx_word' id='word_1_709' title='bbox 774 5164 931 5231; x_wconf 89' lang='lat' dir='ltr'>susciperet,</span> 
     </span>
     <span class='ocr_line' id='line_1_102' title="bbox 140 5233 933 5302; baseline 0.004 -18"><span class='ocrx_word' id='word_1_710' title='bbox 140 5238 188 5285; x_wconf 90' lang='lat' dir='ltr'>aut</span> <span class='ocrx_word' id='word_1_711' title='bbox 201 5233 390 5302; x_wconf 86' lang='lat' dir='ltr'>suspenderet,</span> <span class='ocrx_word' id='word_1_712' title='bbox 407 5233 542 5301; x_wconf 84' lang='lat' dir='ltr'>praeirisse</span> <span class='ocrx_word' id='word_1_713' title='bbox 556 5241 671 5301; x_wconf 90' lang='lat' dir='ltr'>oportet.</span> <span class='ocrx_word' id='word_1_714' title='bbox 684 5233 769 5289; x_wconf 81' lang='lat' dir='ltr'>Secus</span> <span class='ocrx_word' id='word_1_715' title='bbox 787 5234 859 5288; x_wconf 90' lang='lat' dir='ltr'>enim</span> <span class='ocrx_word' id='word_1_716' title='bbox 873 5247 933 5287; x_wconf 88' lang='lat' dir='ltr'>ear-</span> 
     </span>
     <span class='ocr_line' id='line_1_103' title="bbox 140 5300 933 5370; baseline 0.004 -15"><span class='ocrx_word' id='word_1_717' title='bbox 140 5300 272 5355; x_wconf 86' lang='lat' dir='ltr'>dinaiiunt</span> <span class='ocrx_word' id='word_1_718' title='bbox 286 5301 383 5356; x_wconf 85' lang='lat' dir='ltr'>litteris</span> <span class='ocrx_word' id='word_1_719' title='bbox 402 5318 464 5357; x_wconf 91' lang='lat' dir='ltr'>eum</span> <span class='ocrx_word' id='word_1_720' title='bbox 480 5301 658 5370; x_wconf 86' lang='lat' dir='ltr'>llndnlpbinis</span> <span class='ocrx_word' id='word_1_721' title='bbox 679 5303 790 5358; x_wconf 91' lang='lat' dir='ltr'>minime</span> <span class='ocrx_word' id='word_1_722' title='bbox 806 5303 933 5358; x_wconf 83' lang='lat' dir='ltr'>eonveni—</span> 
     </span>
     <span class='ocr_line' id='line_1_104' title="bbox 141 5371 933 5443; baseline 0.001 -18"><span class='ocrx_word' id='word_1_723' title='bbox 141 5378 194 5433; x_wconf 87' lang='lat' dir='ltr'>ret,</span> <span class='ocrx_word' id='word_1_724' title='bbox 210 5371 284 5439; x_wconf 91' lang='lat' dir='ltr'>quod</span> <span class='ocrx_word' id='word_1_725' title='bbox 297 5385 332 5427; x_wconf 87' lang='lat' dir='ltr'>ae</span> <span class='ocrx_word' id='word_1_726' title='bbox 344 5372 517 5442; x_wconf 86' lang='lat' dir='ltr'>cogitandum</span> <span class='ocrx_word' id='word_1_727' title='bbox 528 5371 636 5440; x_wconf 90' lang='lat' dir='ltr'>quidem</span> <span class='ocrx_word' id='word_1_728' title='bbox 651 5371 684 5427; x_wconf 91' lang='lat' dir='ltr'>de</span> <span class='ocrx_word' id='word_1_729' title='bbox 698 5381 751 5427; x_wconf 78' lang='grc' dir='ltr'>ιιιιι</span> <span class='ocrx_word' id='word_1_730' title='bbox 768 5373 880 5443; x_wconf 86' lang='lat' dir='ltr'>integris</span> <span class='ocrx_word' id='word_1_731' title='bbox 894 5373 933 5427; x_wconf 86' lang='lat' dir='ltr'>rei</span> 
     </span>
     <span class='ocr_line' id='line_1_105' title="bbox 141 5440 316 5495; baseline 0.006 -1"><span class='ocrx_word' id='word_1_732' title='bbox 141 5440 316 5495; x_wconf 81' lang='lat' dir='ltr'>testimoniis.</span> 
     </span>
    </p>

    <p class='ocr_par' dir='ltr' id='par_1_20' title="bbox 140 5507 934 5789">
     <span class='ocr_line' id='line_1_106' title="bbox 179 5507 933 5583; baseline 0.005 -21"><span class='ocrx_word' id='word_1_733' title='bbox 179 5519 191 5548; x_wconf 71' lang='lat'><strong><em>⁶</em></strong></span> <span class='ocrx_word' id='word_1_734' title='bbox 205 5507 286 5563; x_wconf 83' lang='lat' dir='ltr'>AEtas</span> <span class='ocrx_word' id='word_1_735' title='bbox 298 5510 450 5565; x_wconf 86' lang='lat' dir='ltr'>litterarum</span> <span class='ocrx_word' id='word_1_736' title='bbox 463 5511 585 5566; x_wconf 91' lang='lat' dir='ltr'>innuitur</span> <span class='ocrx_word' id='word_1_737' title='bbox 597 5511 676 5580; x_wconf 87' lang='lat' dir='ltr'>paulo</span> <span class='ocrx_word' id='word_1_738' title='bbox 690 5522 749 5581; x_wconf 88' lang='lat' dir='ltr'>post</span> <span class='ocrx_word' id='word_1_739' title='bbox 764 5513 794 5566; x_wconf 88' lang='lat' dir='ltr'>B.</span> <span class='ocrx_word' id='word_1_740' title='bbox 810 5511 933 5583; x_wconf 88' lang='lat' dir='ltr'>Gregorii</span> 
     </span>
     <span class='ocr_line' id='line_1_107' title="bbox 141 5577 934 5652; baseline 0.004 -20"><span class='ocrx_word' id='word_1_741' title='bbox 141 5587 270 5633; x_wconf 84' lang='lat' dir='ltr'>mortem.</span> <span class='ocrx_word' id='word_1_742' title='bbox 287 5577 363 5635; x_wconf 88' lang='lat' dir='ltr'>Unde</span> <span class='ocrx_word' id='word_1_743' title='bbox 377 5581 462 5649; x_wconf 88' lang='lat' dir='ltr'>magis</span> <span class='ocrx_word' id='word_1_744' title='bbox 476 5583 615 5652; x_wconf 87' lang='lat' dir='ltr'>magisque</span> <span class='ocrx_word' id='word_1_745' title='bbox 630 5582 814 5647; x_wconf 87' lang='lat' dir='ltr'>eortlirmatur,</span> <span class='ocrx_word' id='word_1_746' title='bbox 833 5581 934 5637; x_wconf 78' lang='lat' dir='ltr'>liudol-</span> 
     </span>
     <span class='ocr_line' id='line_1_108' title="bbox 140 5647 934 5771; baseline 0.006 -70"><span class='ocrx_word' id='word_1_747' title='bbox 140 5647 226 5771; x_wconf 73' lang='lat' dir='ltr'>phum</span> <span class='ocrx_word' id='word_1_748' title='bbox 239 5647 273 5702; x_wconf 86' lang='lat' dir='ltr'>de</span> <span class='ocrx_word' id='word_1_749' title='bbox 284 5650 401 5704; x_wconf 90' lang='lat' dir='ltr'>oratoris</span> <span class='ocrx_word' id='word_1_750' title='bbox 414 5652 592 5707; x_wconf 89' lang='lat' dir='ltr'>destinatione</span> <span class='ocrx_word' id='word_1_751' title='bbox 611 5652 692 5720; x_wconf 85' lang='lat' dir='ltr'>loqui.</span> <span class='ocrx_word' id='word_1_752' title='bbox 707 5668 786 5720; x_wconf 91' lang='lat' dir='ltr'>quem</span> <span class='ocrx_word' id='word_1_753' title='bbox 810 5653 934 5707; x_wconf 88' lang='lat' dir='ltr'>cardina·</span> 
     </span>
     <span class='ocr_line' id='line_1_109' title="bbox 153 5719 842 5789; baseline 0.001 -17"><span class='ocrx_word' id='word_1_754' title='bbox 153 5732 184 5773; x_wconf 83' lang='lat' dir='ltr'>es</span> <span class='ocrx_word' id='word_1_755' title='bbox 195 5727 257 5788; x_wconf 87' lang='lat' dir='ltr'>post</span> <span class='ocrx_word' id='word_1_756' title='bbox 274 5732 381 5774; x_wconf 85' lang='lat' dir='ltr'>menses</span> <span class='ocrx_word' id='word_1_757' title='bbox 392 5719 495 5789; x_wconf 90' lang='lat' dir='ltr'>aliquot</span> <span class='ocrx_word' id='word_1_758' title='bbox 510 5720 623 5775; x_wconf 81' lang='lat' dir='ltr'>Romam</span> <span class='ocrx_word' id='word_1_759' title='bbox 638 5723 744 5776; x_wconf 88' lang='lat' dir='ltr'>rettissc</span> <span class='ocrx_word' id='word_1_760' title='bbox 759 5723 842 5776; x_wconf 90' lang='lat' dir='ltr'>alunt.</span> 
     </span>
    </p>
   </div>
   <div class='ocr_carea' id='block_1_19' title="bbox 979 3217 1823 4402">
    <p class='ocr_par' dir='ltr' id='par_1_21' title="bbox 979 3217 1771 3487">
     <span class='ocr_line' id='line_1_110' title="bbox 980 3217 1769 3288; baseline 0.006 -16"><span class='ocrx_word' id='word_1_761' title='bbox 980 3218 1140 3272; x_wconf 81' lang='lat' dir='ltr'>tractatibus</span> <span class='ocrx_word' id='word_1_762' title='bbox 1153 3217 1186 3271; x_wconf 91' lang='lat' dir='ltr'>ad</span> <span class='ocrx_word' id='word_1_763' title='bbox 1198 3219 1367 3288; x_wconf 81' lang='lat' dir='ltr'>liudolphum</span> <span class='ocrx_word' id='word_1_764' title='bbox 1378 3220 1561 3288; x_wconf 89' lang='lat' dir='ltr'>spectantibus</span> <span class='ocrx_word' id='word_1_765' title='bbox 1571 3229 1661 3276; x_wconf 88' lang='lat' dir='ltr'>actum</span> <span class='ocrx_word' id='word_1_766' title='bbox 1671 3220 1769 3287; x_wconf 85' lang='lat' dir='ltr'>luerat,</span> 
     </span>
     <span class='ocr_line' id='line_1_111' title="bbox 979 3287 1771 3360; baseline 0.008 -17"><span class='ocrx_word' id='word_1_767' title='bbox 979 3303 1012 3343; x_wconf 85' lang='lat' dir='ltr'>ex</span> <span class='ocrx_word' id='word_1_768' title='bbox 1027 3288 1140 3342; x_wconf 90' lang='lat' dir='ltr'>consilio</span> <span class='ocrx_word' id='word_1_769' title='bbox 1155 3288 1224 3343; x_wconf 88' lang='lat' dir='ltr'>sacri</span> <span class='ocrx_word' id='word_1_770' title='bbox 1240 3288 1343 3359; x_wconf 87' lang='lat' dir='ltr'>collegii</span> <span class='ocrx_word' id='word_1_771' title='bbox 1358 3287 1458 3343; x_wconf 90' lang='lat' dir='ltr'>lactum</span> <span class='ocrx_word' id='word_1_772' title='bbox 1472 3290 1597 3346; x_wconf 85' lang='lat' dir='ltr'>vidimus.</span> <span class='ocrx_word' id='word_1_773' title='bbox 1612 3290 1771 3360; x_wconf 77' lang='lat' dir='ltr'>Quarejut&#39;e</span> 
     </span>
     <span class='ocr_line' id='line_1_112' title="bbox 979 3356 1770 3427; baseline 0.009 -16"><span class='ocrx_word' id='word_1_774' title='bbox 979 3358 1132 3412; x_wconf 88' lang='lat' dir='ltr'>destinatur</span> <span class='ocrx_word' id='word_1_775' title='bbox 1154 3356 1257 3427; x_wconf 88' lang='lat' dir='ltr'>legatus</span> <span class='ocrx_word' id='word_1_776' title='bbox 1271 3359 1304 3412; x_wconf 90' lang='lat' dir='ltr'>ad</span> <span class='ocrx_word' id='word_1_777' title='bbox 1319 3359 1472 3427; x_wconf 87' lang='lat' dir='ltr'>pontilieetn</span> <span class='ocrx_word' id='word_1_778' title='bbox 1494 3367 1522 3416; x_wconf 91' lang='lat' dir='ltr'>et</span> <span class='ocrx_word' id='word_1_779' title='bbox 1535 3360 1695 3427; x_wconf 86' lang='lat' dir='ltr'>cardinales,</span> <span class='ocrx_word' id='word_1_780' title='bbox 1713 3361 1770 3419; x_wconf 84' lang='lat' dir='ltr'>sire</span> 
     </span>
     <span class='ocr_line' id='line_1_113' title="bbox 979 3427 1316 3487; baseline 0 -7"><span class='ocrx_word' id='word_1_781' title='bbox 979 3428 1012 3481; x_wconf 91' lang='lat' dir='ltr'>ad</span> <span class='ocrx_word' id='word_1_782' title='bbox 1027 3442 1041 3479; x_wconf 90' lang='lat' dir='ltr'>a</span> <span class='ocrx_word' id='word_1_783' title='bbox 1062 3427 1200 3487; x_wconf 88' lang='lat' dir='ltr'>ostolicam</span> <span class='ocrx_word' id='word_1_784' title='bbox 1214 3428 1316 3483; x_wconf 86' lang='lat' dir='ltr'>sedem.</span> 
     </span>
    </p>

    <p class='ocr_par' dir='ltr' id='par_1_22' title="bbox 980 3443 1770 3637">
     <span class='ocr_line' id='line_1_114' title="bbox 1016 3443 1770 3579; baseline 0.008 -29"><span class='ocrx_word' id='word_1_785' title='bbox 1016 3507 1028 3535; x_wconf 62' lang='grc' dir='ltr'>ε</span> <span class='ocrx_word' id='word_1_786' title='bbox 1043 3443 1199 3552; x_wconf 73' lang='lat' dir='ltr'>Uotandum</span> <span class='ocrx_word' id='word_1_787' title='bbox 1215 3497 1359 3551; x_wconf 85' lang='lat' dir='ltr'>discrimen</span> <span class='ocrx_word' id='word_1_788' title='bbox 1373 3516 1379 3550; x_wconf 92' lang='lat'>:</span> <span class='ocrx_word' id='word_1_789' title='bbox 1392 3498 1528 3579; x_wconf 81' lang='lat' dir='ltr'>pontilicis</span> <span class='ocrx_word' id='word_1_790' title='bbox 1540 3498 1698 3565; x_wconf 84' lang='lat' dir='ltr'>auctoritas.</span> <span class='ocrx_word' id='word_1_791' title='bbox 1709 3515 1770 3558; x_wconf 89' lang='lat' dir='ltr'>eat·-</span> 
     </span>
     <span class='ocr_line' id='line_1_115' title="bbox 980 3565 1484 3637; baseline 0.002 -19"><span class='ocrx_word' id='word_1_792' title='bbox 980 3565 1110 3620; x_wconf 89' lang='lat' dir='ltr'>dinalium</span> <span class='ocrx_word' id='word_1_793' title='bbox 1126 3566 1307 3634; x_wconf 90' lang='lat' dir='ltr'>patrocinium</span> <span class='ocrx_word' id='word_1_794' title='bbox 1322 3569 1484 3637; x_wconf 91' lang='lat' dir='ltr'>exqutritur.</span> 
     </span>
    </p>

    <p class='ocr_par' dir='ltr' id='par_1_23' title="bbox 979 3634 1823 4402">
     <span class='ocr_line' id='line_1_116' title="bbox 1017 3634 1823 3698; baseline 0.012 -10"><span class='ocrx_word' id='word_1_795' title='bbox 1017 3636 1027 3674; x_wconf 82' lang='lat'><strong><em>¹</em></strong></span> <span class='ocrx_word' id='word_1_796' title='bbox 1049 3635 1161 3689; x_wconf 78' lang='lat' dir='ltr'>Fallitur</span> <span class='ocrx_word' id='word_1_797' title='bbox 1184 3634 1254 3689; x_wconf 89' lang='lat' dir='ltr'>baud</span> <span class='ocrx_word' id='word_1_798' title='bbox 1279 3637 1359 3691; x_wconf 89' lang='lat' dir='ltr'>dubie</span> <span class='ocrx_word' id='word_1_799' title='bbox 1381 3637 1510 3692; x_wconf 88' lang='lat' dir='ltr'>collector</span> <span class='ocrx_word' id='word_1_800' title='bbox 1530 3637 1563 3691; x_wconf 90' lang='lat' dir='ltr'>ad</span> <span class='ocrx_word' id='word_1_801' title='bbox 1585 3637 1770 3697; x_wconf 77' lang='lat' dir='ltr'>innocentiiV</span> <span class='ocrx_word' id='word_1_802' title='bbox 1820 3691 1823 3698; x_wconf 90' lang='lat'>.</span> 
     </span>
     <span class='ocr_line' id='line_1_117' title="bbox 979 3705 1771 3776; baseline 0.01 -19"><span class='ocrx_word' id='word_1_803' title='bbox 979 3705 1164 3773; x_wconf 91' lang='lat' dir='ltr'>pontillcatum</span> <span class='ocrx_word' id='word_1_804' title='bbox 1188 3713 1310 3772; x_wconf 90' lang='lat' dir='ltr'>spectare</span> <span class='ocrx_word' id='word_1_805' title='bbox 1325 3715 1422 3773; x_wconf 81' lang='lat' dir='ltr'>prunus</span> <span class='ocrx_word' id='word_1_806' title='bbox 1434 3707 1486 3760; x_wconf 90' lang='lat' dir='ltr'>boc</span> <span class='ocrx_word' id='word_1_807' title='bbox 1498 3707 1624 3774; x_wconf 88' lang='lat' dir='ltr'>diploma,</span> <span class='ocrx_word' id='word_1_808' title='bbox 1640 3710 1712 3776; x_wconf 93' lang='lat' dir='ltr'>quod</span> <span class='ocrx_word' id='word_1_809' title='bbox 1729 3710 1771 3764; x_wconf 90' lang='lat' dir='ltr'>itt-</span> 
     </span>
     <span class='ocr_line' id='line_1_118' title="bbox 980 3773 1768 3846; baseline 0.008 -18"><span class='ocrx_word' id='word_1_810' title='bbox 980 3789 1061 3843; x_wconf 86' lang='lat' dir='ltr'>super</span> <span class='ocrx_word' id='word_1_811' title='bbox 1071 3790 1120 3844; x_wconf 91' lang='lat' dir='ltr'>pro</span> <span class='ocrx_word' id='word_1_812' title='bbox 1129 3773 1226 3827; x_wconf 90' lang='lat' dir='ltr'>litteris</span> <span class='ocrx_word' id='word_1_813' title='bbox 1237 3775 1429 3843; x_wconf 89' lang='lat' dir='ltr'>gratulatoriis,</span> <span class='ocrx_word' id='word_1_814' title='bbox 1442 3776 1538 3831; x_wconf 91' lang='lat' dir='ltr'>iterum</span> <span class='ocrx_word' id='word_1_815' title='bbox 1548 3774 1631 3830; x_wconf 76' lang='lat' dir='ltr'>falsus</span> <span class='ocrx_word' id='word_1_816' title='bbox 1642 3777 1668 3830; x_wconf 93' lang='lat' dir='ltr'>in</span> <span class='ocrx_word' id='word_1_817' title='bbox 1681 3779 1768 3846; x_wconf 89' lang='lat' dir='ltr'>titulo,</span> 
     </span>
     <span class='ocr_line' id='line_1_119' title="bbox 979 3843 1770 3912; baseline 0.005 -13"><span class='ocrx_word' id='word_1_818' title='bbox 979 3858 1009 3899; x_wconf 87' lang='lat' dir='ltr'>se</span> <span class='ocrx_word' id='word_1_819' title='bbox 1024 3845 1191 3898; x_wconf 89' lang='lat' dir='ltr'>demonstrat</span> <span class='ocrx_word' id='word_1_820' title='bbox 1205 3843 1336 3912; x_wconf 88' lang='lat' dir='ltr'>accipere.</span> <span class='ocrx_word' id='word_1_821' title='bbox 1351 3845 1378 3899; x_wconf 93' lang='lat' dir='ltr'>ln</span> <span class='ocrx_word' id='word_1_822' title='bbox 1390 3845 1450 3898; x_wconf 90' lang='lat' dir='ltr'>eod.</span> <span class='ocrx_word' id='word_1_823' title='bbox 1464 3845 1545 3899; x_wconf 90' lang='lat' dir='ltr'>etiam</span> <span class='ocrx_word' id='word_1_824' title='bbox 1560 3844 1683 3901; x_wconf 80' lang='lat' dir='ltr'>carano</span> <span class='ocrx_word' id='word_1_825' title='bbox 1695 3862 1770 3904; x_wconf 92' lang='lat' dir='ltr'>euut-</span> 
     </span>
     <span class='ocr_line' id='line_1_120' title="bbox 980 3912 1723 3983; baseline 0.005 -16"><span class='ocrx_word' id='word_1_826' title='bbox 980 3914 1041 3967; x_wconf 90' lang='lat' dir='ltr'>dem</span> <span class='ocrx_word' id='word_1_827' title='bbox 1056 3912 1161 3967; x_wconf 89' lang='lat' dir='ltr'>titulum</span> <span class='ocrx_word' id='word_1_828' title='bbox 1177 3913 1242 3982; x_wconf 91' lang='lat' dir='ltr'>legit</span> <span class='ocrx_word' id='word_1_829' title='bbox 1261 3921 1355 3967; x_wconf 88' lang='lat' dir='ltr'>auctor</span> <span class='ocrx_word' id='word_1_830' title='bbox 1373 3913 1442 3967; x_wconf 88' lang='lat' dir='ltr'>Piet.</span> <span class='ocrx_word' id='word_1_831' title='bbox 1456 3914 1532 3967; x_wconf 81' lang='lat' dir='ltr'>Aust.</span> <span class='ocrx_word' id='word_1_832' title='bbox 1546 3913 1604 3983; x_wconf 87' lang='lat' dir='ltr'>(lib.</span> <span class='ocrx_word' id='word_1_833' title='bbox 1622 3930 1640 3976; x_wconf 89' lang='lat' dir='ltr'>t,</span> <span class='ocrx_word' id='word_1_834' title='bbox 1659 3931 1683 3970; x_wconf 91' lang='lat' dir='ltr'>e.</span> <span class='ocrx_word' id='word_1_835' title='bbox 1696 3916 1723 3980; x_wconf 82' lang='grc'>9,</span> 
     </span>
     <span class='ocr_line' id='line_1_121' title="bbox 980 3933 1770 4054; baseline 0.009 -19"><span class='ocrx_word' id='word_1_836' title='bbox 980 3981 1035 4053; x_wconf 78' lang='lat'>56).</span> <span class='ocrx_word' id='word_1_837' title='bbox 1053 3982 1231 4038; x_wconf 83' lang='lat' dir='ltr'>Recteautem</span> <span class='ocrx_word' id='word_1_838' title='bbox 1239 3989 1346 4037; x_wconf 80' lang='lat' dir='ltr'>aetatem</span> <span class='ocrx_word' id='word_1_839' title='bbox 1359 3982 1447 4037; x_wconf 88' lang='lat' dir='ltr'>dillert</span> <span class='ocrx_word' id='word_1_840' title='bbox 1457 3984 1490 4038; x_wconf 91' lang='lat' dir='ltr'>ad</span> <span class='ocrx_word' id='word_1_841' title='bbox 1502 3981 1604 4037; x_wconf 87' lang='lat' dir='ltr'>Nicolat</span> <span class='ocrx_word' id='word_1_842' title='bbox 1617 3983 1649 4038; x_wconf 80' lang='grc' dir='ltr'>ΙΙΙ</span> <span class='ocrx_word' id='word_1_843' title='bbox 1660 3933 1770 4054; x_wconf 67' lang='lat' dir='ltr'>pontiU-</span> 
     </span>
     <span class='ocr_line' id='line_1_122' title="bbox 980 4051 1771 4121; baseline 0.008 -15"><span class='ocrx_word' id='word_1_844' title='bbox 980 4060 1081 4117; x_wconf 89' lang='lat' dir='ltr'>catum,</span> <span class='ocrx_word' id='word_1_845' title='bbox 1096 4052 1140 4120; x_wconf 91' lang='lat' dir='ltr'>qui</span> <span class='ocrx_word' id='word_1_846' title='bbox 1156 4052 1238 4121; x_wconf 86' lang='lat' dir='ltr'>erepit</span> <span class='ocrx_word' id='word_1_847' title='bbox 1254 4054 1305 4106; x_wconf 92' lang='lat' dir='ltr'>sub</span> <span class='ocrx_word' id='word_1_848' title='bbox 1318 4053 1398 4107; x_wconf 89' lang='lat' dir='ltr'>linem</span> <span class='ocrx_word' id='word_1_849' title='bbox 1422 4053 1484 4106; x_wconf 90' lang='lat' dir='ltr'>anui</span> <span class='ocrx_word' id='word_1_850' title='bbox 1503 4051 1584 4105; x_wconf 62' lang='lat' dir='ltr'>lili.</span> <span class='ocrx_word' id='word_1_851' title='bbox 1602 4052 1630 4106; x_wconf 87' lang='lat' dir='ltr'>Si</span> <span class='ocrx_word' id='word_1_852' title='bbox 1644 4056 1716 4109; x_wconf 88' lang='lat' dir='ltr'>cuim</span> <span class='ocrx_word' id='word_1_853' title='bbox 1736 4055 1771 4112; x_wconf 85' lang='lat' dir='ltr'>de</span> 
     </span>
     <span class='ocr_line' id='line_1_123' title="bbox 980 4121 1771 4192; baseline 0.008 -16"><span class='ocrx_word' id='word_1_854' title='bbox 980 4122 1135 4177; x_wconf 89' lang='lat' dir='ltr'>innocentio</span> <span class='ocrx_word' id='word_1_855' title='bbox 1149 4136 1301 4180; x_wconf 91' lang='lat' dir='ltr'>sermonem</span> <span class='ocrx_word' id='word_1_856' title='bbox 1323 4122 1433 4177; x_wconf 90' lang='lat' dir='ltr'>baberet</span> <span class='ocrx_word' id='word_1_857' title='bbox 1451 4121 1617 4192; x_wconf 78' lang='lat' dir='ltr'>liudolphus,</span> <span class='ocrx_word' id='word_1_858' title='bbox 1644 4123 1671 4177; x_wconf 90' lang='lat' dir='ltr'>in</span> <span class='ocrx_word' id='word_1_859' title='bbox 1694 4134 1771 4182; x_wconf 81' lang='lat' dir='ltr'>attte-</span> 
     </span>
     <span class='ocr_line' id='line_1_124' title="bbox 980 4192 1768 4261; baseline 0.008 -16"><span class='ocrx_word' id='word_1_860' title='bbox 980 4192 1135 4246; x_wconf 76' lang='lat' dir='ltr'>sessoribus</span> <span class='ocrx_word' id='word_1_861' title='bbox 1148 4192 1296 4259; x_wconf 78' lang='lat' dir='ltr'>imperfecti</span> <span class='ocrx_word' id='word_1_862' title='bbox 1314 4192 1414 4261; x_wconf 90' lang='lat' dir='ltr'>aliquid</span> <span class='ocrx_word' id='word_1_863' title='bbox 1435 4192 1565 4260; x_wconf 86' lang='lat' dir='ltr'>suspicari</span> <span class='ocrx_word' id='word_1_864' title='bbox 1580 4208 1634 4248; x_wconf 93' lang='lat' dir='ltr'>non</span> <span class='ocrx_word' id='word_1_865' title='bbox 1647 4194 1768 4251; x_wconf 76' lang='lat' dir='ltr'>auderet</span> 
     </span>
     <span class='ocr_line' id='line_1_125' title="bbox 982 4260 1771 4334; baseline 0.004 -18"><span class='ocrx_word' id='word_1_866' title='bbox 982 4261 1034 4316; x_wconf 90' lang='lat' dir='ltr'>Uni</span> <span class='ocrx_word' id='word_1_867' title='bbox 1045 4262 1118 4315; x_wconf 92' lang='lat' dir='ltr'>enim</span> <span class='ocrx_word' id='word_1_868' title='bbox 1132 4260 1262 4329; x_wconf 87' lang='lat' dir='ltr'>Gregorio</span> <span class='ocrx_word' id='word_1_869' title='bbox 1276 4261 1446 4316; x_wconf 87' lang='lat' dir='ltr'>innocentius</span> <span class='ocrx_word' id='word_1_870' title='bbox 1459 4270 1636 4327; x_wconf 87' lang='lat' dir='ltr'>successerat,</span> <span class='ocrx_word' id='word_1_871' title='bbox 1649 4263 1682 4318; x_wconf 89' lang='lat' dir='ltr'>de</span> <span class='ocrx_word' id='word_1_872' title='bbox 1693 4263 1771 4334; x_wconf 87' lang='lat' dir='ltr'>eujus</span> 
     </span>
     <span class='ocr_line' id='line_1_126' title="bbox 980 4330 1770 4402; baseline 0.006 -17"><span class='ocrx_word' id='word_1_873' title='bbox 980 4331 1166 4386; x_wconf 88' lang='lat' dir='ltr'>benevolentia</span> <span class='ocrx_word' id='word_1_874' title='bbox 1179 4347 1212 4386; x_wconf 88' lang='lat' dir='ltr'>ae</span> <span class='ocrx_word' id='word_1_875' title='bbox 1225 4331 1385 4386; x_wconf 90' lang='lat' dir='ltr'>liberalitate</span> <span class='ocrx_word' id='word_1_876' title='bbox 1399 4340 1453 4385; x_wconf 88' lang='lat' dir='ltr'>tarn</span> <span class='ocrx_word' id='word_1_877' title='bbox 1466 4330 1549 4385; x_wconf 85' lang='lat' dir='ltr'>multa</span> <span class='ocrx_word' id='word_1_878' title='bbox 1568 4332 1637 4386; x_wconf 91' lang='lat' dir='ltr'>dixit</span> <span class='ocrx_word' id='word_1_879' title='bbox 1655 4333 1681 4387; x_wconf 91' lang='lat' dir='ltr'>in</span> <span class='ocrx_word' id='word_1_880' title='bbox 1700 4348 1770 4402; x_wconf 75' lang='lat' dir='ltr'>prae·</span> 
     </span>
    </p>
   </div>
   <div class='ocr_carea' id='block_1_20' title="bbox 982 4539 1772 5790">
    <p class='ocr_par' dir='ltr' id='par_1_24' title="bbox 983 4539 1151 4593">
     <span class='ocr_line' id='line_1_127' title="bbox 983 4539 1151 4593; baseline 0.006 -2"><span class='ocrx_word' id='word_1_881' title='bbox 983 4539 1047 4592; x_wconf 88' lang='lat' dir='ltr'>ierri</span> <span class='ocrx_word' id='word_1_882' title='bbox 1063 4541 1151 4593; x_wconf 89' lang='lat' dir='ltr'>debet.</span> 
     </span>
    </p>

    <p class='ocr_par' dir='ltr' id='par_1_25' title="bbox 982 4608 1771 4954">
     <span class='ocr_line' id='line_1_128' title="bbox 1020 4608 1771 4682; baseline 0.013 -22"><span class='ocrx_word' id='word_1_883' title='bbox 1020 4610 1032 4648; x_wconf 70' lang='lat'>⁸</span> <span class='ocrx_word' id='word_1_884' title='bbox 1052 4608 1176 4677; x_wconf 87' lang='lat' dir='ltr'>llaguum</span> <span class='ocrx_word' id='word_1_885' title='bbox 1191 4622 1284 4664; x_wconf 79' lang='lat' dir='ltr'>rosera</span> <span class='ocrx_word' id='word_1_886' title='bbox 1299 4609 1466 4679; x_wconf 90' lang='lat' dir='ltr'>obsequium,</span> <span class='ocrx_word' id='word_1_887' title='bbox 1482 4625 1577 4680; x_wconf 89' lang='lat' dir='ltr'>magna</span> <span class='ocrx_word' id='word_1_888' title='bbox 1593 4611 1619 4665; x_wconf 91' lang='lat' dir='ltr'>in</span> <span class='ocrx_word' id='word_1_889' title='bbox 1641 4613 1771 4682; x_wconf 85' lang='lat' dir='ltr'>principie</span> 
     </span>
     <span class='ocr_line' id='line_1_129' title="bbox 983 4679 1771 4747; baseline 0.009 -17"><span class='ocrx_word' id='word_1_890' title='bbox 983 4679 1165 4747; x_wconf 90' lang='lat' dir='ltr'>apostolorum</span> <span class='ocrx_word' id='word_1_891' title='bbox 1187 4692 1357 4734; x_wconf 89' lang='lat' dir='ltr'>successores</span> <span class='ocrx_word' id='word_1_892' title='bbox 1380 4681 1545 4734; x_wconf 82' lang='lat' dir='ltr'>reuerential</span> <span class='ocrx_word' id='word_1_893' title='bbox 1570 4680 1720 4736; x_wconf 89' lang='lat' dir='ltr'>Sacerdotii</span> <span class='ocrx_word' id='word_1_894' title='bbox 1743 4692 1771 4737; x_wconf 88' lang='lat' dir='ltr'>ct</span> 
     </span>
     <span class='ocr_line' id='line_1_130' title="bbox 983 4747 1768 4827; baseline 0.006 -27"><span class='ocrx_word' id='word_1_895' title='bbox 983 4747 1059 4817; x_wconf 91' lang='lat' dir='ltr'>regni</span> <span class='ocrx_word' id='word_1_896' title='bbox 1081 4748 1253 4801; x_wconf 88' lang='lat' dir='ltr'>concordiam</span> <span class='ocrx_word' id='word_1_897' title='bbox 1272 4748 1373 4803; x_wconf 89' lang='lat' dir='ltr'>iudicat</span> <span class='ocrx_word' id='word_1_898' title='bbox 1394 4764 1444 4827; x_wconf 82' lang='lat' dir='ltr'>per</span> <span class='ocrx_word' id='word_1_899' title='bbox 1463 4757 1608 4817; x_wconf 90' lang='lat' dir='ltr'>utrumque</span> <span class='ocrx_word' id='word_1_900' title='bbox 1624 4752 1768 4813; x_wconf 89' lang='lat' dir='ltr'>bominem,</span> 
     </span>
     <span class='ocr_line' id='line_1_131' title="bbox 982 4817 1770 4886; baseline 0.008 -17"><span class='ocrx_word' id='word_1_901' title='bbox 982 4832 1079 4885; x_wconf 91' lang='lat' dir='ltr'>nempe</span> <span class='ocrx_word' id='word_1_902' title='bbox 1092 4832 1140 4885; x_wconf 91' lang='lat' dir='ltr'>per</span> <span class='ocrx_word' id='word_1_903' title='bbox 1151 4817 1304 4886; x_wconf 88' lang='lat' dir='ltr'>pontiiicem</span> <span class='ocrx_word' id='word_1_904' title='bbox 1320 4819 1478 4882; x_wconf 82' lang='lat' dir='ltr'>maximum,</span> <span class='ocrx_word' id='word_1_905' title='bbox 1491 4826 1559 4873; x_wconf 89' lang='lat' dir='ltr'>etse</span> <span class='ocrx_word' id='word_1_906' title='bbox 1578 4819 1699 4873; x_wconf 88' lang='lat' dir='ltr'>loturum</span> <span class='ocrx_word' id='word_1_907' title='bbox 1720 4821 1770 4875; x_wconf 89' lang='lat' dir='ltr'>im·</span> 
     </span>
     <span class='ocr_line' id='line_1_132' title="bbox 982 4895 1143 4954; baseline 0.006 -16"><span class='ocrx_word' id='word_1_908' title='bbox 982 4895 1143 4954; x_wconf 86' lang='lat' dir='ltr'>peratorem.</span> 
     </span>
    </p>

    <p class='ocr_par' dir='ltr' id='par_1_26' title="bbox 983 4954 1772 5423">
     <span class='ocr_line' id='line_1_133' title="bbox 1019 4954 1770 5025; baseline 0 -16"><span class='ocrx_word' id='word_1_909' title='bbox 1019 4957 1031 4994; x_wconf 74' lang='lat' dir='ltr'>l</span> <span class='ocrx_word' id='word_1_910' title='bbox 1051 4955 1117 5009; x_wconf 83' lang='lat' dir='ltr'>Cum</span> <span class='ocrx_word' id='word_1_911' title='bbox 1133 4954 1294 5011; x_wconf 89' lang='lat' dir='ltr'>documento</span> <span class='ocrx_word' id='word_1_912' title='bbox 1315 4957 1393 5011; x_wconf 85' lang='lat' dir='ltr'>valde</span> <span class='ocrx_word' id='word_1_913' title='bbox 1417 4955 1475 5010; x_wconf 92' lang='lat' dir='ltr'>utili</span> <span class='ocrx_word' id='word_1_914' title='bbox 1492 4955 1631 5025; x_wconf 76' lang='lat' dir='ltr'>quibust-ts</span> <span class='ocrx_word' id='word_1_915' title='bbox 1652 4971 1770 5011; x_wconf 73' lang='lat' dir='ltr'>summm</span> 
     </span>
     <span class='ocr_line' id='line_1_134' title="bbox 984 5024 1771 5094; baseline 0.003 -17"><span class='ocrx_word' id='word_1_916' title='bbox 984 5040 1043 5077; x_wconf 92' lang='lat' dir='ltr'>rum</span> <span class='ocrx_word' id='word_1_917' title='bbox 1055 5024 1207 5094; x_wconf 90' lang='lat' dir='ltr'>principum</span> <span class='ocrx_word' id='word_1_918' title='bbox 1220 5025 1386 5080; x_wconf 90' lang='lat' dir='ltr'>administris</span> <span class='ocrx_word' id='word_1_919' title='bbox 1398 5025 1536 5094; x_wconf 83' lang='lat' dir='ltr'>coniungit</span> <span class='ocrx_word' id='word_1_920' title='bbox 1548 5025 1711 5094; x_wconf 59' lang='lat' dir='ltr'>praecipuum</span> <span class='ocrx_word' id='word_1_921' title='bbox 1724 5041 1771 5079; x_wconf 90' lang='lat' dir='ltr'>uc·</span> 
     </span>
     <span class='ocr_line' id='line_1_135' title="bbox 983 5094 1769 5164; baseline 0.005 -19"><span class='ocrx_word' id='word_1_922' title='bbox 983 5094 1116 5161; x_wconf 93' lang='lat' dir='ltr'>gotiorum</span> <span class='ocrx_word' id='word_1_923' title='bbox 1131 5096 1260 5160; x_wconf 92' lang='lat' dir='ltr'>omnium,</span> <span class='ocrx_word' id='word_1_924' title='bbox 1274 5096 1473 5164; x_wconf 78' lang='lat' dir='ltr'>provectionem</span> <span class='ocrx_word' id='word_1_925' title='bbox 1494 5094 1619 5149; x_wconf 82' lang='lat' dir='ltr'>vitleiieet</span> <span class='ocrx_word' id='word_1_926' title='bbox 1631 5096 1663 5148; x_wconf 88' lang='lat' dir='ltr'>ad</span> <span class='ocrx_word' id='word_1_927' title='bbox 1686 5096 1769 5163; x_wconf 90' lang='lat' dir='ltr'>impe-</span> 
     </span>
     <span class='ocr_line' id='line_1_136' title="bbox 984 5161 1769 5232; baseline 0.005 -18"><span class='ocrx_word' id='word_1_928' title='bbox 984 5162 1053 5215; x_wconf 91' lang='lat' dir='ltr'>rium</span> <span class='ocrx_word' id='word_1_929' title='bbox 1069 5177 1117 5230; x_wconf 91' lang='lat' dir='ltr'>per</span> <span class='ocrx_word' id='word_1_930' title='bbox 1134 5161 1281 5218; x_wconf 81' lang='lat' dir='ltr'>llonmnam</span> <span class='ocrx_word' id='word_1_931' title='bbox 1297 5166 1507 5227; x_wconf 90' lang='lat' dir='ltr'>coronationem,</span> <span class='ocrx_word' id='word_1_932' title='bbox 1523 5180 1538 5217; x_wconf 91' lang='lat' dir='ltr'>a</span> <span class='ocrx_word' id='word_1_933' title='bbox 1556 5179 1608 5232; x_wconf 90' lang='lat' dir='ltr'>qua</span> <span class='ocrx_word' id='word_1_934' title='bbox 1629 5177 1679 5231; x_wconf 88' lang='lat' dir='ltr'>per</span> <span class='ocrx_word' id='word_1_935' title='bbox 1692 5164 1769 5218; x_wconf 89' lang='lat' dir='ltr'>biett-</span> 
     </span>
     <span class='ocr_line' id='line_1_137' title="bbox 983 5230 1772 5302; baseline 0.005 -18"><span class='ocrx_word' id='word_1_936' title='bbox 983 5233 1056 5284; x_wconf 92' lang='lat' dir='ltr'>nium</span> <span class='ocrx_word' id='word_1_937' title='bbox 1084 5230 1184 5285; x_wconf 89' lang='lat' dir='ltr'>Nicolai</span> <span class='ocrx_word' id='word_1_938' title='bbox 1211 5233 1423 5302; x_wconf 76' lang='lat' dir='ltr'>praedecessores</span> <span class='ocrx_word' id='word_1_939' title='bbox 1442 5233 1610 5288; x_wconf 89' lang='lat' dir='ltr'>innocentius</span> <span class='ocrx_word' id='word_1_940' title='bbox 1629 5241 1657 5287; x_wconf 93' lang='lat' dir='ltr'>ct</span> <span class='ocrx_word' id='word_1_941' title='bbox 1673 5231 1772 5288; x_wconf 76' lang='lat' dir='ltr'>Adria·</span> 
     </span>
     <span class='ocr_line' id='line_1_138' title="bbox 984 5299 1769 5372; baseline 0.005 -18"><span class='ocrx_word' id='word_1_942' title='bbox 984 5317 1033 5355; x_wconf 92' lang='lat' dir='ltr'>nus</span> <span class='ocrx_word' id='word_1_943' title='bbox 1048 5300 1068 5354; x_wconf 82' lang='lat' dir='ltr'>ll</span> <span class='ocrx_word' id='word_1_944' title='bbox 1081 5308 1160 5368; x_wconf 91' lang='lat' dir='ltr'>atque</span> <span class='ocrx_word' id='word_1_945' title='bbox 1175 5299 1290 5356; x_wconf 77' lang='lat' dir='ltr'>loannes</span> <span class='ocrx_word' id='word_1_946' title='bbox 1304 5303 1363 5357; x_wconf 83' lang='lat' dir='ltr'>Xiil</span> <span class='ocrx_word' id='word_1_947' title='bbox 1379 5319 1427 5372; x_wconf 89' lang='lat' dir='ltr'>pro</span> <span class='ocrx_word' id='word_1_948' title='bbox 1441 5304 1511 5357; x_wconf 89' lang='lat' dir='ltr'>bonu</span> <span class='ocrx_word' id='word_1_949' title='bbox 1521 5303 1594 5371; x_wconf 90' lang='lat' dir='ltr'>pacis</span> <span class='ocrx_word' id='word_1_950' title='bbox 1604 5318 1663 5356; x_wconf 91' lang='lat' dir='ltr'>cum</span> <span class='ocrx_word' id='word_1_951' title='bbox 1676 5318 1769 5358; x_wconf 72' lang='lat' dir='ltr'>arene⁴</span> 
     </span>
     <span class='ocr_line' id='line_1_139' title="bbox 984 5376 1055 5423; baseline -0.014 -1"><span class='ocrx_word' id='word_1_952' title='bbox 984 5376 1055 5423; x_wconf 90' lang='lat' dir='ltr'>raut.</span> 
     </span>
    </p>

    <p class='ocr_par' dir='ltr' id='par_1_27' title="bbox 983 5437 1771 5790">
     <span class='ocr_line' id='line_1_140' title="bbox 1022 5437 1771 5508; baseline 0.003 -16"><span class='ocrx_word' id='word_1_953' title='bbox 1022 5441 1030 5479; x_wconf 81' lang='lat' dir='ltr'>t</span> <span class='ocrx_word' id='word_1_954' title='bbox 1047 5437 1331 5506; x_wconf 76' lang='lat' dir='ltr'>Praeclariusejusdem</span> <span class='ocrx_word' id='word_1_955' title='bbox 1344 5441 1494 5495; x_wconf 70' lang='lat' dir='ltr'>concordiae</span> <span class='ocrx_word' id='word_1_956' title='bbox 1503 5441 1697 5503; x_wconf 91' lang='lat' dir='ltr'>testimonium,</span> <span class='ocrx_word' id='word_1_957' title='bbox 1709 5453 1771 5508; x_wconf 88' lang='lat' dir='ltr'>pcr-</span> 
     </span>
     <span class='ocr_line' id='line_1_141' title="bbox 983 5509 1770 5581; baseline 0.003 -18"><span class='ocrx_word' id='word_1_958' title='bbox 983 5517 1093 5579; x_wconf 90' lang='lat' dir='ltr'>pctuuut</span> <span class='ocrx_word' id='word_1_959' title='bbox 1116 5509 1204 5578; x_wconf 89' lang='lat' dir='ltr'>magni</span> <span class='ocrx_word' id='word_1_960' title='bbox 1230 5510 1308 5578; x_wconf 88' lang='lat' dir='ltr'>bujus</span> <span class='ocrx_word' id='word_1_961' title='bbox 1325 5511 1503 5580; x_wconf 82' lang='lat' dir='ltr'>progenitoris</span> <span class='ocrx_word' id='word_1_962' title='bbox 1522 5511 1650 5581; x_wconf 70' lang='lat' dir='ltr'>Augustae</span> <span class='ocrx_word' id='word_1_963' title='bbox 1674 5511 1770 5565; x_wconf 87' lang='lat' dir='ltr'>domus</span> 
     </span>
     <span class='ocr_line' id='line_1_142' title="bbox 984 5576 1769 5650; baseline 0.005 -18"><span class='ocrx_word' id='word_1_964' title='bbox 984 5576 1131 5632; x_wconf 82' lang='lat' dir='ltr'>nustriaeae</span> <span class='ocrx_word' id='word_1_965' title='bbox 1154 5589 1365 5634; x_wconf 83' lang='lat' dir='ltr'>monumentum.</span> <span class='ocrx_word' id='word_1_966' title='bbox 1393 5581 1457 5646; x_wconf 80' lang='lat' dir='ltr'>Quae</span> <span class='ocrx_word' id='word_1_967' title='bbox 1475 5581 1577 5635; x_wconf 89' lang='lat' dir='ltr'>scilicet</span> <span class='ocrx_word' id='word_1_968' title='bbox 1590 5588 1716 5635; x_wconf 84' lang='lat' dir='ltr'>constans</span> <span class='ocrx_word' id='word_1_969' title='bbox 1732 5580 1769 5650; x_wconf 87' lang='lat' dir='ltr'>pii</span> 
     </span>
     <span class='ocr_line' id='line_1_143' title="bbox 984 5647 1767 5720; baseline 0.004 -18"><span class='ocrx_word' id='word_1_970' title='bbox 984 5648 1114 5719; x_wconf 89' lang='lat' dir='ltr'>principis</span> <span class='ocrx_word' id='word_1_971' title='bbox 1128 5647 1250 5704; x_wconf 80' lang='lat' dir='ltr'>uoluntas</span> <span class='ocrx_word' id='word_1_972' title='bbox 1263 5651 1297 5704; x_wconf 92' lang='lat' dir='ltr'>ab</span> <span class='ocrx_word' id='word_1_973' title='bbox 1312 5650 1319 5702; x_wconf 94' lang='lat' dir='ltr'>i</span> <span class='ocrx_word' id='word_1_974' title='bbox 1340 5665 1368 5703; x_wconf 88' lang='lat' dir='ltr'>sa</span> <span class='ocrx_word' id='word_1_975' title='bbox 1381 5650 1511 5705; x_wconf 87' lang='lat' dir='ltr'>electione</span> <span class='ocrx_word' id='word_1_976' title='bbox 1524 5651 1654 5720; x_wconf 83' lang='lat' dir='ltr'>originem</span> <span class='ocrx_word' id='word_1_977' title='bbox 1673 5651 1767 5705; x_wconf 89' lang='lat' dir='ltr'>ducit:</span> 
     </span>
     <span class='ocr_line' id='line_1_144' title="bbox 988 5667 1768 5790; baseline 0.008 -21"><span class='ocrx_word' id='word_1_978' title='bbox 988 5738 996 5769; x_wconf 89' lang='lat' dir='ltr'>t</span> <span class='ocrx_word' id='word_1_979' title='bbox 1015 5716 1187 5786; x_wconf 75' lang='lat' dir='ltr'>Subicintns,</span> <span class='ocrx_word' id='word_1_980' title='bbox 1204 5718 1301 5789; x_wconf 88' lang='lat' dir='ltr'>inquit,</span> <span class='ocrx_word' id='word_1_981' title='bbox 1320 5667 1445 5775; x_wconf 78' lang='lat' dir='ltr'>Uumeros</span> <span class='ocrx_word' id='word_1_982' title='bbox 1457 5720 1614 5786; x_wconf 87' lang='lat' dir='ltr'>imbecilles,</span> <span class='ocrx_word' id='word_1_983' title='bbox 1629 5729 1768 5790; x_wconf 82' lang='lat' dir='ltr'>sperantes</span> 
     </span>
    </p>
   </div>
   <div class='ocr_carea' id='block_1_21' title="bbox 0 0 1896 6116">
    <p class='ocr_par' dir='ltr' id='par_1_28' title="bbox 0 0 1896 6116">
     <span class='ocr_line' id='line_1_145' title="bbox 0 0 1896 6116; baseline 0 0"><span class='ocrx_word' id='word_1_984' title='bbox 0 0 1896 6116; x_wconf 95' lang='lat' dir='ltr'> </span> 
     </span>
    </p>
   </div>
  </div>
 </body>
</html>
