3780 6120
921 158 937 189 Ο

128 276 192 342 tstt
372 275 494 336 secuto
514 276 546 342 ιι,
566 228 849 331 versionum
866 269 988 328 cnsrts
1008 270 1037 324 o.
1057 268 1182 327 canent
1201 267 1318 325 usust.
1338 302 1362 312 -
1388 270 1450 328 ιιιι.
1470 272 1492 328 ι.
1672 266 1744 332 tres

126 378 181 453 iutn
196 390 374 454 convenisset,
388 388 572 459 pronuntiavit
595 387 653 443 haec
664 387 690 441 in
705 385 815 441 auribus
825 384 910 441 ma'o-
923 387 947 445 Α
960 382 1034 437 lavit.
1055 383 1165 439 Talibus
1173 400 1237 455 ergo
1249 385 1340 442 missis
1353 385 1386 440 ad
1402 385 1481 440 inem
1498 385 1645 455 perductis,
1657 390 1745 459 ingre·

126 480 186 521 rum
213 470 242 517 et
265 462 419 516 minorum:
451 458 575 528 Episctti
605 465 804 512 contemtores
831 400 911 523 huius
961 453 1070 507 diuntnr
1084 454 1109 508 in
1125 454 1212 509 aulam
1232 456 1315 510 variis
1339 457 1473 526 tapetibus
1491 462 1518 509 et
1539 456 1689 526 omnigenis
1701 474 1746 514 or·

126 532 218 590 mundi
236 544 296 586 esse
309 530 467 594 debuerunt,
486 535 515 583 et
532 474 599 581 afros
612 470 736 596 exemsz
749 539 798 579 suc
817 523 850 578 ad
862 539 910 596 ap-
960 531 1051 577 natam
1061 523 1147 593 palliis
1161 540 1168 589 ;
1190 524 1234 579 ubi
1245 525 1354 594 opipare
1380 524 1444 579 iilud
1459 524 1610 578 convivium
1625 541 1690 581 auro
1702 528 1746 583 vel

125 602 240 674 petenda
258 599 378 655 coelcstia
393 611 550 668 provocare.
570 595 648 651 Nunc
662 611 726 649 uero
739 594 912 664 praescieris
960 601 1071 662 argento
1093 594 1149 648 sire
1162 594 1291 664 gemmeis
1309 596 1381 649 rasis
1404 595 1563 658 immissum,
1582 592 1690 650 fastidio
1702 596 1746 652 rel

126 672 286 728 mortalibus
299 676 373 723 tanta
385 667 531 722 ambitione
541 665 660 734 corrupti
675 672 747 729 sunt,
759 672 788 717 ut
802 663 910 733 quidam
961 677 1060 716 nausea
1076 661 1230 716 laborantes
1244 662 1269 715 in
1284 663 1325 717 sui
1345 664 1504 718 desiderium
1523 670 1612 732 posset
1625 663 1743 720 allicere.

125 756 160 795 ex
186 742 236 805 eis,
254 755 308 794 non
333 745 476 793 contentus
499 736 657 806 episcopatu
683 748 764 802 quem
779 735 805 787 in
823 733 910 802 prima
961 729 1079 785 Sedebat
1101 740 1189 785 antem
1211 731 1267 811 ipse
1281 731 1446 787 mollissimis
1473 732 1580 801 plumis,
1606 733 1746 802 pretiosis·

125 810 277 865 Germaniae
291 810 354 863 sede
365 807 469 866 retinet,
486 814 620 875 sceptrum
632 812 765 867 nostrum,
778 802 849 872 quod
862 817 910 871 pro
961 801 1029 854 simo
1042 801 1129 855 serico
1143 799 1248 855 vestitvs
1262 809 1423 864 exstructus,
1440 801 1610 870 imperatoria
1625 817 1744 875 purpura

126 879 321 949 significatione
332 877 468 946 regiminis
481 875 565 929 nostri
576 888 688 929 aureum
700 871 772 927 ferre
784 872 910 934 solemus,
961 869 1080 933 indutus,
1095 870 1133 923 ita
1143 878 1173 923 ut
1187 869 1252 923 nihii
1269 868 1305 922 iiii
1321 871 1371 924 nisi
1383 878 1516 939 sceptrum
1531 869 1595 924 illud
1609 879 1636 925 et
1646 887 1744 929 nomen

126 947 315 1019 propastoraii
329 947 425 1001 haculo
443 945 521 1000 nobis
544 943 733 1013 ignorantibus
750 941 801 996 sihi
823 941 912 994 rindi-
962 939 1065 1008 regium
1091 940 1215 993 deesset:
1240 939 1431 993 ditissimorum
1456 939 1569 994 miiitum
1592 941 1746 999 cohortibus

126 1033 189 1073 care
213 1018 351 1073 voluisset
382 1015 453 1069 fleus
478 1022 583 1068 reatum
608 1027 688 1068 suum
714 1025 912 1082 recognoscens
962 1016 1069 1076 septus;
1086 1010 1112 1061 in
1132 1022 1246 1076 qttotunt
1269 1008 1468 1076 comparatione
1491 1008 1528 1061 ilii
1550 1009 1670 1078 palatini,
1693 1011 1745 1067 hoc

127 1086 291 1159 indulgentia
303 1095 429 1156 percepta
442 1083 563 1138 recessit.
961 1086 1012 1141 est,
1031 1077 1198 1132 invictissimi
1213 1076 1302 1131 Caroli
1327 1092 1461 1145 proceres,
1488 1078 1609 1133 vilissimi
1637 1080 1745 1136 sibimet

426 1171 539 1229 CAPUT
558 1171 617 1225 xx·
962 1146 1029 1229 ipsis
1053 1146 1217 1229 viderentur.
1238 1144 1288 1211 Qui
1314 1162 1374 1228 enm
1389 1155 1450 1227 post
1468 1146 1623 1228 admirabile
1634 1149 1698 1230 iliud
1716 1159 1745 1205 et

182 1268 350 1338 teman
369 1254 683 1336 ιιοιιιιειιιι
702 1259 859 1329 nouere-
962 1215 1744 1355 titii?illiill‘dilillhiildi{liliati

161 1357 278 1412 Nimium
288 1354 457 1425 pertimesco,
471 1366 489 1406 o
503 1350 614 1404 Dmnine
638 1350 785 1419 imperator
805 1348 910 1410 Catule.
961 1353 1129 1409 manifestius
1145 1355 1306 1415 ostenderet,
1318 1351 1399 1421 jussit
1413 1356 1557 1422 procedere
1567 1355 1745 1422 peritissimos

124 1427 234 1483 nedum
248 1424 397 1493 jussionem
411 1432 528 1476 vestram
551 1419 663 1489 impiere
685 1419 775 1487 cupio,
791 1418 912 1474 omnium
961 1424 1086 1477 cantandi
1100 1425 1244 1493 magistros
1253 1437 1314 1477 cunr
1324 1425 1448 1477 omnihus
1462 1423 1572 1477 musicis
1586 1426 1719 1494 organtse
1735 1441 1743 1480 ι

124 1496 321 1566 professionum
349 1500 377 1547 et
400 1491 518 1546 maxime
548 1503 713 1550 suutmprum
742 1487 910 1542 sacerdotum
961 1491 995 1545 de
1008 1507 1122 1561 quorum
1137 1493 1288 1547 vocibuset
1306 1493 1394 1546 sonitu
1416 1490 1561 1546 firmissima
1583 1495 1663 1547 corda
1679 1495 1745 1550 mol·

124 1565 300 1622 mendenen
323 1563 480 1625 incurram;
499 1560 547 1614 sed
561 1567 651 1612 tamen
666 1559 699 1611 de
715 1558 840 1612 omnibus
857 1571 910 1610 non
960 1560 1102 1625 lescerent,
1116 1569 1143 1615 et
1157 1561 1175 1615 ii
1215 1560 1333 1615 idissima
1347 1561 1432 1616 Rheni
1447 1562 1546 1615 fluenta
1560 1561 1743 1619 durescerent.

123 1635 233 1705 grandis
252 1633 317 1688 mihi
341 1647 405 1688 cura
418 1638 467 1694 est,
491 1629 515 1684 si
532 1636 635 1682 unium
649 1636 739 1681 vestra
755 1625 910 1681 defensione
961 1629 1076 1685 Potuum
1091 1644 1155 1683 vero
1199 1629 1362 1684 iversissima
1388 1645 1486 1700 genera
1500 1629 1582 1685 variis
1602 1632 1628 1700 pi
1648 1634 1745 1688 mentis

124 1720 178 1761 non
192 1703 333 1759 destituar.
924 1719 948 1780 B
962 1707 1008 1752 aut
1027 1698 1249 1753 medicaminibus
1259 1707 1468 1769 contemperata,
1479 1699 1570 1755 herbis
1584 1710 1611 1754 et
1624 1649 1743 1768 fioribus,

159 1773 289 1842 Praeoeptt
321 1768 539 1840 religiosissimus
564 1764 677 1821 Carolus
698 1765 852 1833 imperator,
880 1770 911 1817 ut
960 1782 1126 1837 gemmarum
1141 1769 1183 1822 rei
1199 1769 1256 1821 auri
1275 1766 1406 1838 fulgorem
1421 1772 1448 1823 ln
1462 1784 1491 1824 se
1509 1770 1686 1836 trahentibus,
1700 1787 1746 1827 stt-

124 1857 219 1899 omues
239 1841 355 1911 episutpi
379 1854 428 1908 per
440 1838 600 1892 latissimum
628 1849 741 1905 regnum
762 1846 850 1898 suum,
864 1840 912 1886 aut
960 1852 1060 1906 umque
1074 1838 1199 1891 ruitorem
1217 1836 1270 1892 iilis
1281 1838 1482 1894 infundentibus
1506 1848 1642 1903 coronata,
1656 1852 1744 1896 resta·

124 1921 188 1968 ante
212 1911 373 1994 praefinitum
390 1909 471 1970 dietrt,
496 1921 576 1977 quern
601 1905 652 1958 iste
677 1903 911 1964 constituentia
960 1907 1104 1976 gelantibus
1128 1905 1185 1975 iarn
1198 1907 1344 1962 stomachis
1369 1909 1494 1978 tepebant
1507 1909 1533 1962 in
1548 1910 1682 1965 manibus.
1702 1911 1745 1966 in·

124 1982 312 2037 scelestasticae
328 1979 399 2034 sedis
412 1976 521 2032 basilica
535 1974 723 2046 praedicarent,
742 1971 912 2039 autquieou-
960 1984 1035 2030 terea
1059 1991 1124 2030 vero
1151 1975 1277 2046 pistores,
1293 1975 1367 2041 lateii,
1395 1978 1453 2032 coci
1463 1987 1490 2032 et
1512 1976 1627 2033 fartores
1657 1981 1744 2048 plenis

125 2065 179 2121 que
191 2065 243 2106 non
272 2049 380 2109 faceret,
406 2049 575 2116 episcopatus
595 2043 696 2097 honore
718 2051 833 2095 careret.
855 2039 910 2096 Sed
959 2046 1098 2100 ventribus
1110 2047 1263 2102 omnimoda
1281 2046 1350 2117 gulae
1367 2047 1533 2102 irritamenta
1544 2048 1685 2119 exquisitis
1699 2065 1745 2105 ar-

125 2122 189 2246 guid
212 2120 273 2175 dico
298 2117 449 2173 honorerni
469 2131 530 2197 cum
555 2112 700 2183 spostolus
722 2118 909 2232 protgstedturt
961 2116 1033 2170 tibus
1056 2116 1250 2198 preparabant,
1271 2115 1357 2185 qualis
1380 2132 1516 2185 nunquam
1543 2133 1620 2172 eoena
1649 2118 1744 2189 biagtvo

125 2183 911 2331 utilitatisfistulatiiltlittniidi}
959 2184 1745 2326 tilithi.iidiuidivirtitutibtltii

125 2331 211 2385 honor
221 2330 248 2383 in
258 2343 311 2392 eo;
331 2340 398 2395 opus
409 2340 474 2379 vero
490 2326 587 2380 hotrum
603 2335 653 2376 nec
666 2320 805 2375 minimum
821 2320 911 2389 κιαι-
959 2340 1024 2378 xum
1043 2340 1123 2395 quem
1149 2325 1236 2394 pridie
1260 2340 1351 2379 coram
1376 2325 1536 2380 satellitibus
1564 2326 1745 2395 imperatoriis

125 2398 209 2454 ritur!
224 2397 399 2467 Supradietus
411 2395 492 2476 igitur
503 2394 605 2462 primas
623 2391 657 2446 ad
673 2389 726 2444 tale
746 2399 909 2459 preceptum
959 2399 1132 2464 expenderat,
1146 2394 1351 2464 perhorrescere
1362 2395 1585 2466 caepisset,1ussit
1596 2396 1744 2453 eosadduci

125 2468 295 2529 conterritus,
306 2480 368 2519 curn
376 2464 442 2519 nihtl
452 2464 523 2517 aliud
534 2462 616 2517 sciret
626 2460 678 2514 nisi
689 2459 792 2515 deliciis
800 2460 910 2515 ailluere
960 2464 994 2519 ad
1012 2479 1051 2527 se,
1065 2472 1092 2517 et
1114 2463 1196 2533 regiis
1221 2465 1376 2521 tnuueribns
1394 2465 1539 2521 honoratos
1563 2463 1745 2532 adjuraverunt

125 2547 153 2592 et
164 2536 303 2607 superbire
315 2551 323 2598 ς
344 2535 443 2588 timens
455 2541 544 2587 autem
555 2546 589 2585 ne
607 2532 630 2586 si
644 2529 780 2600 episcopio
793 2539 908 2594 carenti,
959 2533 993 2590 tle
1003 2549 1034 2590 se
1044 2535 1113 2590 bona
1123 2544 1146 2591 et
1159 2536 1270 2590 hottcsta
1287 2535 1297 2573 s
1314 2537 1384 2604 apud
1395 2536 1541 2591 terribilem
1553 2535 1745 2592 Carniumnar·

126 2604 407 2674 luxuriasuupariier
427 2599 711 2664 fiduttelfflsvotntit
732 2602 910 2670 duosdeptt-
961 2621 1022 2660 rare
1035 2604 1219 2675 dignarentur.
1246 2605 1278 2658 Et
1291 2606 1363 2675 quoti
1380 2606 1486 2674 publice
1515 2606 1543 2660 itt
1552 2605 1666 2661 ecelesia
1680 2607 1744 2676 ipsis

126 2676 246 2730 moribus
262 2673 386 2743 palatinis
403 2671 437 2725 ad
451 2671 520 2726 dicut
533 2669 642 2736 festum,
658 2680 685 2725 et
733 2679 758 2724 st
774 2669 909 2740 Evangelii
960 2675 1131 2731 audientibus
1141 2674 1309 2747 praedicarct.
1330 2674 1403 2742 Quos
1416 2690 1477 2729 curn
1491 2689 1615 2731 reversos
1629 2677 1744 2745 impera-

126 2745 267 2800 lectionem
282 2742 401 2797 ascendi
413 2740 447 2795 ad
459 2741 567 2822 gradus,
582 2741 658 2809 quasi
669 2685 910 2810 affinemendon
960 2752 1003 2800 tor
1020 2745 1122 2800 interro
1157 2753 1200 2799 ret
1209 2760 1258 2799 cur
1276 2759 1323 2799 eos
1335 2745 1477 2816 episeopus
1490 2745 1535 2800 ilic
1547 2756 1664 2811 vocaret,
1682 2761 1744 2814 pro

126 2814 264 2885 populum.
281 2811 401 2882 Quaque
424 2812 458 2865 ad
476 2819 530 2865 tam
554 2812 717 2879 inopinatam
733 2822 791 2863 retn
816 2824 910 2865 omnes
960 2815 1081 2870 cideutes
1098 2761 1155 2869 tufa
1144 2815 1226 2884 pedes
1241 2813 1299 2883 ejus
1321 2815 1456 2879 dixerunt,
1472 2814 1591 2877 licutine,
1611 2825 1641 2869 ut
1654 2831 1702 2870 nos
1716 2816 1744 2872 itt

126 2881 252 2938 admirati
267 2890 467 2945 concurrerent,
479 2887 651 2950 exceptouno
660 2877 823 2949 pauperculo
833 2878 910 2934 ralde
959 2893 1050 2940 vestro
1070 2887 1178 2939 nomine
1203 2898 1284 2953 supra
1300 2885 1512 2939 mediocritatem
1526 2894 1644 2940 nostram
1658 2885 1744 2940 hono·

127 2952 196 3015 rufo
217 2965 230 2993 ι
249 2951 371 3023 gallicula
397 2965 445 3006 sus
464 2949 538 3019 (quia
561 2949 662 3017 pileum
686 2963 739 3003 non
762 2948 864 3010 habuit,
882 2956 911 3004 et
960 2962 1043 3009 taret.
1063 2955 1097 3009 Et
1110 2953 1274 3022 edocerent,
1290 2953 1473 3009 fidelissimus
1486 2963 1528 3010 est
1546 2956 1629 3017 robis,
1644 2963 1671 3009 et
1684 2971 1744 3010 om-

126 3023 160 3078 de
170 3021 259 3077 colore
275 3035 324 3077 suo
339 3020 452 3075 nimium
462 3019 581 3087 embuit)
600 3019 615 3058 ι
634 3025 714 3088 caput
727 3016 829 3099 induto,
841 3018 910 3073 dixit
961 3023 1040 3079 nibus
1049 3026 1146 3079 vestris
1158 3026 1275 3093 optimus
1297 3023 1438 3094 episcopus
1453 3024 1507 3088 iiie,
1530 3038 1688 3094 stunmoque
1699 3039 1743 3079 sa·

127 3091 345 3146 nominatuennn
368 3088 632 3168 reremepiscopns
656 3087 689 3141 ad
706 3095 848 3141 ostiarium
866 3086 909 3143 vel
961 3094 1083 3149 cerdotio
1108 3093 1281 3165 dignissimus
1309 3102 1368 3157 est;
1390 3109 1451 3149 narn
1484 3094 1505 3148 si
1525 3103 1623 3149 nostrae
1647 3094 1744 3150 vilitati

126 3161 308 3215 ‘soeriooem
332 3173 410 3214 suurn
427 3158 514 3228 (uitus
538 3153 741 3226 dignitatium
765 3156 908 3214 ministerii
957 3163 1068 3218 credere
1078 3163 1234 3232 dignemini,
1260 3162 1376 3217 fatentur
1394 3163 1550 3218 sublimitati
1572 3163 1743 3232 vestraeqnia

126 3230 177 3286 riri
193 3228 263 3299 apud
277 3228 402 3298 ιιιιιιιιιοι
415 3226 596 3307 Romanorum
616 3225 786 3307 aedilitiurum
800 3226 908 3283 nuntiae
957 3230 1148 3287 declamatorie
1170 3233 1322 3287 audivimus
1349 3232 1424 3287 illum
1443 3233 1601 3303 praedicare.
1622 3232 1744 3303 Cumque

126 3299 333 3369 censebanturiz
352 3297 420 3351 iloctt
432 3298 466 3351 ad
481 3311 523 3350 me
538 3295 612 3350 tilunt
623 3295 756 3416 ¹pileatum
771 3295 907 3351 homiuem
958 3299 1113 3370 imperator,
1125 3301 1184 3370 eius
1199 3303 1338 3372 imperitiae
1349 3303 1459 3363 certior,
1481 3305 1514 3357 de
1526 3304 1605 3356 tnodo
1615 3304 1744 3372 prtediea·

126 3369 173 3440 qui
185 3377 238 3425 stat
248 3367 325 3436 iuxta
337 3367 437 3422 ostiutn
462 3364 603 3419 eccesiae:
633 3365 753 3447 estinans
774 3365 818 3419 iiie
832 3379 909 3418 mau-
956 3370 1038 3425 tionis
1053 3372 1212 3441 inquireret,
1227 3372 1305 3426 etiili
1329 3387 1389 3425 eutn
1411 3371 1503 3425 fallere
1526 3386 1577 3426 non
1601 3373 1742 3437 auderent,

126 3441 219 3493 dotum
232 3437 337 3492 Domini
348 3435 491 3504 complere,
500 3433 703 3503 apprehendens
712 3448 908 3489 mtserumcoe-
957 3440 1046 3494 omitia
1072 3455 1121 3508 per
1136 3442 1257 3495 ordinem
1287 3448 1471 3495 retexuerunt.
1500 3441 1576 3495 'func
1592 3440 1744 3511 intelligens

126 3508 166 3578 pit
175 3523 236 3562 eum
250 3508 357 3561 trahere
366 3505 399 3561 ad
413 3505 566 3574 episcopum
580 3517 588 3555 ι
607 3503 653 3571 tpui
666 3502 762 3557 timens
778 3516 811 3557 ne
830 3503 907 3573 gravi
956 3523 1038 3562 causa
1050 3509 1155 3563 timoris
1168 3511 1210 3564 sui
1225 3509 1326 3579 aliquid
1337 3511 1414 3563 ilium
1427 3510 1499 3579 loqui
1511 3517 1646 3575 conatum,
1661 3526 1742 3578 quarn

126 3577 300 3633 mulctaretur
312 3576 439 3638 vindicta,
451 3577 522 3643 qttod
534 3579 604 3627 tecto
622 3573 710 3642 capite
721 3572 748 3625 in
768 3570 847 3627 domo
858 3570 906 3626 liei
955 3587 1118 3648 preceptum
1142 3592 1219 3631 suunt
1245 3579 1450 3647 pretermittere
1475 3593 1581 3645 ausum,
1598 3577 1660 3632 licet
1673 3579 1742 3635 indi-

125 3655 199 3702 stare
221 3645 430 3714 presumpserit,
451 3643 514 3697 totis
536 3642 638 3696 ritibus
659 3641 740 3712 coepit
768 3641 857 3704 reniti,
872 3657 907 3697 ne
955 3659 1048 3716 gnum,
1062 3646 1179 3701 retinere
1189 3649 1313 3716 permisit
1326 3648 1521 3718 episcopatum.

144 3716 203 3771 ussi
217 3715 251 3770 ad
272 3713 388 3769 tribunal
416 3712 578 3767 severissimi
601 3710 730 3778 iudicisl
751 3711 904 3765 duceretur.
1247 3734 1360 3791 CAPUT
1377 3735 1437 3791 m

125 3731 203 3840 *unc
225 3784 367 3854 episcopus
390 3783 423 3837 de
444 3781 664 3835 eminentioribus
685 3782 858 3848 prospiciens,
878 3789 905 3836 et
1158 3824 1178 3880 c
1227 3824 1236 3878 Ι
1314 3827 1320 3838 .
1415 3776 1446 3838 .“

126 3870 197 3910 nunc
208 3853 335 3908 vasallum
348 3866 436 3915 sunm,
451 3865 522 3904 nune
542 3850 616 3903 ilium
642 3849 772 3903 misellum
796 3863 907 3903 canere
1179 3842 1226 3879 ‘'s‘'
1238 3842 1269 3880 “⁸
1280 3842 1397 3896 ‘P²⁸⁶⁰i²⁰
1412 3835 1506 3880 ’ΝΜ

125 3938 203 4005 pans,
227 3923 333 3979 excelsa
354 3936 420 3976 roce
446 3917 585 3974 clamartdo
610 3917 773 3987 predicavit,
793 3917 906 3972 Attrahe
990 3914 1054 3970 Post
1066 3926 1173 3986 tempus
1190 3931 1254 3970 vero
1272 3931 1324 3970 nott
1349 3916 1467 3987 longum,
1486 3932 1545 3971 cum
1562 3919 1671 3988 quidam
1690 3921 1737 3990 ιιι-

125 3993 210 4057 tilunt,
225 4007 289 4046 cave
304 4006 337 4046 ne
350 3991 488 4054 dimittas;
509 3988 574 4042 reiis
586 3991 665 4052 nolis,
691 3989 743 4042 huc
764 3988 845 4042 debes
862 4000 907 4042 re·
955 3986 1030 4040 renis
1043 3993 1173 4056 cognatus
1196 3986 1268 4067 regis
1279 3986 1380 4068 optime
1406 3988 1431 4040 in
1453 3988 1568 4055 qttadam
1594 3988 1739 4048 festivitate

125 4063 193 4117 nire.
215 4060 281 4116 Cum
292 4075 355 4132 ergo
367 4068 414 4113 aut
423 4058 449 4112 vi
464 4067 510 4111 ant
524 4066 596 4111 metu
620 4058 739 4113 deuictus
763 4055 906 4126 appropin-
955 4065 1064 4109 caueret
1076 4055 1198 4118 difeittt'o,
1213 4055 1282 4109 dtxit
1298 4064 1443 4124 imperator
1456 4056 1489 4109 ad
1503 4059 1625 4112 eumdem
1636 4062 1740 4130 episco-

124 4138 228 4200 quaret,
240 4131 306 4185 dixit
319 4130 468 4198 episeopus,
479 4127 582 4182 decede
592 4128 710 4197 propius,
722 4127 905 4196 appropinqua
955 4138 1018 4204 pum
1035 4141 1042 4177 ε
1061 4125 1132 4178 Bene
1157 4124 1236 4179 tnodo
1247 4128 1365 4179 canurit
1379 4125 1423 4179 ilie
1440 4125 1554 4180 clericus
1567 4137 1669 4183 noster.
1688 4129 1739 4202 Qui

123 4203 216 4254 etiarn.
237 4198 425 4268 litquedeinde
446 4199 641 4266 apprehensum
671 4197 767 4264 eapitis
789 4195 905 4265 tegimen
952 4201 1029 4262 Juxta
1052 4194 1193 4249 stultitiam
1214 4209 1290 4249 suam
1312 4192 1470 4263 joculariter
1489 4194 1534 4249 iiia
1549 4199 1630 4251 rerba
1656 4203 1741 4258 susci-

124 4269 250 4331 extraxit‚
265 4279 293 4323 et
317 4268 350 4320 ad
372 4268 476 4338 plebem
497 4264 680 4337 proclamavit,
705 4265 775 4320 Ecce
796 4266 903 4328 ridetis,
955 4264 1042 4332 piens,
1056 4273 1083 4318 et
1097 4264 1171 4318 illurn
1196 4264 1363 4333 imperatoris
1391 4272 1533 4345 cognatum
1550 4267 1682 4332 nesciens,
1697 4285 1741 4327 re-

123 4354 140 4393 o
156 4339 263 4408 popule,
279 4335 354 4391 rufus
374 4346 416 4391 cst
440 4338 490 4390 iste
504 4336 623 4404 ignavus.
644 4335 678 4388 Et
690 4349 812 4388 reversus
823 4334 857 4387 ad
869 4335 905 4388 al·
956 4334 1084 4402 spondit:
1101 4337 1114 4375 ⁸
1133 4333 1178 4389 Sic
1189 4335 1229 4388 sic
1246 4348 1341 4388 omnes
1360 4335 1630 4458 perripariipossunt
1653 4339 1741 4396 bubtts

123 4419 182 4464 tare
195 4407 324 4462 solemnia
338 4404 515 4469 consecrarit,
538 4403 579 4457 rei
591 4418 621 4458 sc
638 4416 810 4458 consecrasse
822 4404 904 4457 sirnu-
919 4405 941 4464 ι)
955 4404 1169 4473 agriculantibus
1194 4412 1344 4458 vetrenere.
1385 4405 1402 4457 d
1425 4403 1496 4473 quod
1510 4405 1740 4476 improbissimum

157 4549 171 4577 ι
191 4535 344 4606 legendum
355 4533 464 4589 alicula.
488 4532 638 4588 Scriverius
660 4539 765 4587 notm.
778 4547 801 4588 s.
819 4531 907 4588 iitro-
957 4531 1060 4588 homtni
1086 4531 1204 4589 dandum
1232 4547 1285 4587 utst
1303 4545 1353 4600 per
1377 4530 1524 4589 scariones.
1545 4533 1668 4591 &cundo
1690 4535 1739 4606 ipsi

122 4621 187 4662 vera
202 4604 298 4660 alicula
309 4603 359 4658 fuit
369 4618 453 4674 genus
464 4603 556 4665 restis,
569 4617 602 4657 ex
616 4601 767 4672 fragmento
787 4601 906 4657 Petronii
955 4600 1016 4670 iura
1030 4603 1221 4658 monachorum
1234 4609 1262 4656 et
1274 4602 1458 4675 episcoporum
1474 4604 1619 4673 exigebant
1632 4618 1640 4659 t
1658 4622 1667 4656 t
1682 4605 1740 4661 bon

122 4685 215 4731 notum
228 4691 236 4740 ;
250 4674 290 4729 sic
306 4674 377 4755 enim
399 4673 498 4754 habete
522 4689 531 4723 t
555 4671 689 4726 Barbarus
712 4671 908 4753 ingeusiasciis
958 4671 1068 4727 habebit
1082 4672 1304 4754 exactoremsed
1316 4671 1394 4726 villici
1419 4683 1446 4731 et
1457 4672 1613 4754 seheriones
1622 4674 1740 4748 episcopi

121 4742 272 4799 cruralibus
284 4741 408 4814 alligatus
419 4750 447 4797 et
462 4741 557 4796 alicula
568 4741 729 4796 subornatus
743 4742 877 4795 reduntta.
894 4761 905 4796 ι
958 4748 986 4822 ct
997 4739 1108 4795 fratrum
1126 4750 1233 4811 esrgent
1249 4758 1277 4822 et
1292 4755 1338 4823 Jus
1351 4757 1468 4822 suum.)
1495 4741 1654 4799 Sdrenmws
1667 4746 1739 4823 enirn

121 4814 215 4937 “th
249 4883 332 4953 ..eu
958 4810 1742 4936 tituilittiduliiiiiiiiitzilil‘ltili

96 4933 102 4976 ¹
158 4962 170 4992 ι
191 4920 514 5015 uieensscnvenun
535 4949 659 5020 idemque
672 4949 798 5030 emendat
813 4965 907 5006 vocent
958 4949 1048 5030 rienes
1062 4897 1184 5031 jund‘ticent
1204 4949 1341 5029 placitum.
1357 4986 1364 5001 .
1379 4957 1434 5029 ·.⁶.¹
1445 4948 1468 5002 si
1490 4946 1534 5002 fur
1551 4919 1694 5004 extraneus
1708 4949 1740 5031 ln

121 5020 308 5076 AEdiit'tiorttttt
329 5035 389 5108 que
411 5019 907 5102 sequitanetrepouitssdttsotsm
957 5018 1019 5072 vtila
1038 5021 1320 5142 centemnschcnont
1335 5026 1441 5071 cunutus
1457 5017 1579 5072 tradetur
1602 5026 1678 5100 extra
1690 5018 1739 5073 ιιι.

121 5091 232 5146 luerunt
253 5098 345 5146 autern
360 5105 500 5147 brunones
525 5104 578 5146 non
593 5090 672 5145 modo
691 5097 806 5153 ostrant,
821 5091 909 5146 sedet
959 5086 1049 5142 ianus
1091 5087 1141 5141 nde
1156 5095 1230 5156 patet
1253 5094 1373 5148 comtes,
1399 5085 1623 5154 quemadmodum
1633 5103 1739 5158 episco-

120 5159 238 5225 ministri
246 5157 377 5229 iudicum,
390 5159 446 5216 inre
455 5159 598 5229 aliquando
614 5158 729 5228 judices.
747 5157 839 5214 Primo
856 5159 908 5226 ipsi
957 5171 1006 5226 pos
1024 5164 1052 5238 et
1064 5157 1190 5237 abbates,
1202 5156 1329 5233 habuisse
1339 5170 1401 5210 suos
1411 5156 1575 5235 scheriones.
1587 5156 1738 5214 chronicon

121 5229 231 5285 fuerunt
251 5229 297 5299 qui
327 5229 434 5284 nominc
460 5229 653 5284 ntouaeborum
674 5237 702 5283 et
721 5227 907 5298 episcoporum
957 5233 1043 5281 sancit
1059 5227 1192 5280 itneentu
1214 5225 1247 5281 de
1274 5224 1414 5307 bulturno,
1434 5225 1452 5279 ι.
1476 5241 1496 5280 ιι
1511 5223 1579 5307 litet.
1593 5225 1738 5292 Franc.,t.

120 5297 257 5382 ln...
275 5297 908 5425 connaturalium
957 5293 1737 5434 ιιιιιι

121 5368 905 5520 fflsseffrgffiutagssfffnunmncredimuscinerem
991 5380 1239 5517 differitasque
1400 5400 1409 5418 '

120 5504 906 5647 hiltrici?illiihrliihiitiiidli
995 5505 1074 5638 iii:
1089 5517 1384 5628 iiiiii.”⁸“‘'‘⁰'“'”·

122 5647 239 5702 llietoria
252 5645 487 5718 Langobardorum
512 5655 710 5700 sacramentnm
737 5646 906 5717 persenulii
995 5645 1257 5701 ειιιιιιιιιιιειιιιιιι
1278 5649 1306 5697 et
1325 5639 1415 5698 forsan
1437 5640 1582 5698 mendosus
1597 5660 1604 5695 t
1620 5652 1739 5703 atrntmat
