3780 6120
145 259 208 314 risi
533 262 809 320 ttmrretnottnt.
830 258 1366 332 -cantr.nn1nao.-un..tr.
1690 253 1759 321 trra

145 370 283 439 spirituum
311 371 426 440 alloquia
449 382 477 426 ct
499 389 626 429 assensus
641 374 749 429 vitanda
768 375 923 439 creduntur,
932 377 962 445 ,t
975 385 1006 426 so
1016 371 1084 441 pede
1107 378 1209 425 tencre.
1223 370 1395 427 Commodius
1412 372 1477 427 dicit
1500 374 1626 443 ternplum
1642 375 1688 430 Dei
1704 377 1758 430 rio

142 460 267 530 qnoniam
276 476 338 515 cunr
352 462 407 516 sint
416 463 590 518 humanitatis
602 464 713 528 inimici,
725 471 752 518 et
765 463 844 517 nolus
855 476 926 516 scm·
979 459 1043 523 lare,
1058 475 1139 530 quam
1164 476 1252 515 rernm
1274 462 1473 516 insensatarum
1487 464 1670 519 adorationem
1685 480 1760 538 sper-
1774 493 1778 500 ·

141 563 189 619 per
209 549 309 615 infesti,
333 560 408 606 tanto
423 568 529 621 semper
553 555 680 609 debemus
701 555 734 608 de
755 568 847 608 eorum
866 566 926 607 csse
976 563 1050 603 nere.
1074 547 1247 604 Commodius
1261 551 1326 605 dicit
1352 550 1445 606 tollere
1469 553 1589 608 nrcnrbra
1604 553 1704 610 Christi
1732 564 1760 611 ct

141 641 298 712 deceptione
306 695 312 709 ¹,
323 646 460 713 suspecti,
488 654 514 700 et
539 655 633 700 contra
661 661 754 701 eorrrm
792 645 926 713 nequitias
975 638 1064 696 lacere
1075 642 1194 695 membra
1208 642 1368 706 meretricis,
1381 657 1462 711 qnam
1475 654 1646 718 contemnere
1661 647 1759 703 adora·

141 731 235 793 crecti,
256 740 356 800 quanto
372 747 419 787 eos
442 733 589 788 subtilioris
616 748 677 789 esse
692 734 794 789 scimus
820 744 925 791 araturae

143 820 183 874 rel
202 820 310 890 ingenii.
339 823 367 877 ln
384 837 416 877 co
438 840 544 893 qnoque
571 825 643 894 qaod
665 826 778 879 amorosii
801 824 924 894 jurarit,

140 909 238 964 ‹lirinis
259 913 348 968 verbis
374 915 470 984 quibus
490 915 643 983 jrrranrcnta
665 917 841 985 probibentur
856 935 923 974 con-

142 1003 223 1057 traiit.
243 1003 270 1058 ln
282 1005 478 1080 *Ecclesiastico
499 1023 614 1077 narnquc
626 1009 773 1064 scribitur:
789 1010 922 1064 ¹iurationi

140 1109 192 1147 riou
219 1105 349 1148 assuescat
370 1111 398 1149 os
419 1096 685 1151 tuunr:multicuim
716 1115 792 1153 casus
807 1101 834 1153 iu
863 1099 920 1154 illa.

141 1184 214 1238 Sicut
239 1188 308 1240 cuim
321 1205 409 1242 seruus
422 1189 593 1260 iuterropatus
617 1190 722 1243 assidue
740 1208 757 1243 a
769 1190 849 1245 liuore
866 1209 920 1247 noo

141 1274 327 1340 minuatque
340 1278 525 1347 amnisjurans
538 1287 561 1332 ct
574 1281 713 1333 uontiuaus
723 1281 752 1334 iu
768 1290 822 1334 toto
836 1299 922 1350 apcc-

139 1371 197 1416 ceto
212 1380 263 1417 nort
275 1366 437 1434 purpabitur.
459 1365 505 1420 Vir
523 1368 632 1421 multum
651 1369 749 1438 jurans
771 1368 922 1440 implebitur

976 730 1075 786 tionem
1099 731 1189 802 operis
1212 731 1353 800 cujuslibet
1381 733 1503 788 artilicis.
1526 734 1601 789 Dicat
1625 752 1706 804 crgo,
1735 738 1758 790 si

974 821 1079 891 uspiam
1114 824 1233 892 reperire
1252 830 1351 892 potest,
1380 823 1483 879 dixisse
1508 825 1669 880 Dominum:
1698 812 1759 883 lion

974 911 1084 982 abuepcs
1111 912 1440 982 adoraticncmimapinis,
1473 915 1542 968 sicut
1568 915 1667 970 dixisse
1697 930 1758 973 eunt

969 1001 1221 1056 manilcstlssimum
1245 1011 1295 1067 cst,
1313 1003 1374 1057 Nou
1391 1004 1558 1058 marliabcris
1584 1004 1682 1076 (troc.
1701 1006 1757 1072 xa).

965 1090 1059 1154 Dicat,
1080 1091 1101 1146 si
1114 1092 1212 1147 alicubi
1233 1094 1351 1162 reperire
1365 1094 1444 1157 salet,
1469 1094 1569 1149 dixisse
1592 1095 1757 1157 Dominum:

974 1180 1005 1235 Si
1020 1181 1261 1252 riderisimcpinem
1275 1193 1299 1236 ct
1313 1200 1364 1237 nou
1379 1184 1528 1239 adoraberis
1550 1201 1617 1250 earu,
1636 1186 1757 1254 peccasti,

973 1268 1043 1325 sicut
1068 1272 1236 1340 apertissime
1262 1273 1362 1328 dixisse
1388 1289 1448 1328 eunt
1470 1282 1584 1340 constat,
1611 1273 1642 1328 Si
1664 1272 1758 1326 uideris

972 1358 1107 1414 ruulicrcm
1121 1361 1156 1414 cd
1169 1362 1403 1431 concupiscendum
1416 1379 1485 1426 eum,
1496 1365 1554 1433 jam
1579 1364 1719 1416 moeclratus
1731 1379 1758 1416 cs

138 1451 283 1522 iniquitate,
298 1465 322 1508 er
336 1472 387 1509 oon
398 1455 539 1509 discedere
555 1457 631 1510 toruo
648 1456 719 1512 ttttas
735 1457 812 1528 alapa
823 1457 918 1529 (tecti.
972 1466 1029 1504 mm
1040 1451 1156 1504 taetrae
1169 1460 1214 1503 roo
1228 1449 1333 1521 illati·
1349 1451 1386 1520 vl·
1402 1450 1466 1516 Qua
1478 1466 1538 1505 curn
1550 1467 1603 1504 aron
1618 1451 1757 1519 repererit,

139 1540 226 1610 sini).
247 1542 303 1610 lpsa
319 1559 425 1614 qnoque
439 1544 544 1599 Veritas
568 1544 596 1599 in
608 1546 753 1617 Evangelio
767 1547 849 1603 dicit:
864 1547 921 1618 Epo
972 1540 1146 1596 vehementer
1160 1553 1189 1596 se
1203 1553 1308 1593 errasse
1322 1540 1469 1609 persentiat
1488 1540 1534 1611 qui
1549 1543 1616 1594 'reru
1627 1547 1681 1593 mm
1694 1556 1757 1609 pro-

138 1630 291 1682 autcrudico
304 1631 383 1694 uobis,
398 1633 545 1686 beornuino
554 1633 659 1702 juretis,
671 1637 918 1708 nequepercoelum,
971 1629 1080 1689 brosam
1091 1638 1246 1699 perpetrare
1269 1629 1304 1685 ob
1316 1628 1468 1684 evitandam
1485 1645 1542 1684 rem
1565 1629 1757 1685 infructuosam

136 1720 198 1788 qnia
211 1719 282 1774 scdcs
297 1720 344 1774 Dcr'
358 1730 405 1786 cst,
420 1738 500 1792 neque
513 1739 559 1793 per
572 1732 668 1778 terram
681 1765 689 1790 ,
704 1727 767 1793 qaia
779 1726 919 1781 scabellum
938 1721 1114 1804 Bcouoessit.
1130 1720 1196 1775 liam
1214 1721 1277 1775 dum
1300 1721 1430 1775 Dominus
1451 1728 1479 1775 ct
1493 1736 1541 1795 per
1563 1720 1649 1793 legem
1669 1722 1757 1779 accin-

136 1819 173 1862 cst
185 1808 279 1878 pedum
293 1810 361 1880 ejus,
377 1827 457 1881 ucque
470 1828 516 1882 per
529 1810 749 1884 llicrcsolpmam,
761 1816 920 1886 quinciu‘tas
961 1828 1035 1884 perc
1045 1813 1150 1869 lumbos
1163 1828 1244 1883 super
1256 1814 1349 1876 ubera,
1364 1813 1392 1867 iu
1402 1812 1483 1867 eorde
1498 1811 1758 1895 videlieetlibidiu'es
1851 1810 1858 1821 '

135 1909 172 1953 cst
195 1903 282 1970 mopni
299 1903 375 1971 repis,
391 1918 471 1973 neque
490 1919 537 1972 ρετ
555 1914 632 1974 caput
646 1915 720 1960 tuum
729 1906 846 1976 jurabis,
858 1909 921 1979 quia
960 1920 1104 1971 resecare,
1127 1913 1155 1959 et
1175 1920 1223 1973 pter
1238 1904 1412 1972 Evangelium
1430 1903 1535 1958 lumbos
1546 1904 1702 1976 accingere,
1717 1909 1757 1981 -tet

135 2003 270 2062 conpotes
294 2011 374 2048 uniam
395 1993 478 2065 pilum
502 1996 588 2070 iacere
611 1998 699 2052 album
724 2010 769 2053 aut
795 2003 919 2072 ciprum:
962 1993 1199 2075 'lucernasteoere
1212 1993 1328 2054 castitati
1338 1993 1440 2047 scilicet
1450 1995 1519 2049 lona
1532 2009 1613 2075 opera
1622 1992 1757 2049 associare

134 2081 364 2137 ritautemscrmo
383 2094 474 2149 uester,
498 2094 592 2150 estest,
607 2089 817 2159 uonooosquod
832 2101 919 2146 autem
969 2093 1142 2156 percensent,
1169 2092 1197 2139 et
1223 2085 1251 2138 in
1281 2083 1364 2139 divini
1398 2082 1497 2152 eloquii
1520 2084 1597 2138 libris
1622 2084 1755 2138 castitatis

134 2169 245 2239 arrrplr'us
260 2181 297 2224 est
309 2190 324 2225 a
336 2172 405 2226 molo
417 2183 455 2227 est
467 2173 574 2245 (liattlr.
590 2176 627 2247 r).
643 2177 727 2232 Porro
740 2179 812 2246 qnod
833 2179 919 2235 cidem

133 2258 246 2314 dennuni
263 2276 292 2315 se
310 2260 443 2331 peierasse
460 2266 626 2333 perhibetur,
651 2275 679 2322 et
692 2268 720 2321 in
734 2268 785 2323 boc
803 2250 918 2324 absorde

132 2349 218 2417 egisse
242 2349 385 2420 detegitur.
408 2352 454 2407 llit
480 2353 552 2408 enim
576 2355 704 2411 Dominus
721 2371 770 2428 per
786 2357 915 2429 lioyscn:

133 2437 194 2492 Non
204 2439 308 2509 jurabis
321 2442 348 2494 iu
371 2445 475 2497 rronrine
489 2461 545 2498 meo
559 2446 674 2515 injuste,
690 2456 714 2500 et
729 2463 781 2500 nou
795 2448 916 2517 propones

133 2543 224 2580 nonten
238 2539 358 2583 sarratam
375 2547 459 2584 nterim
477 2548 486 2584 :
501 2548 546 2601 epo
568 2549 625 2586 sunt
643 2533 772 2590 Dominus
792 2534 861 2589 Deus
875 2553 916 2590 uc-

131 2623 184 2666 tter
200 2615 290 2686 (terri.
306 2616 377 2687 xix);
399 2627 427 2671 ct
447 2618 473 2671 in
496 2619 626 2676 erclraria
646 2621 776 2691 propbeta
800 2622 915 2690 legitur:

134 2702 166 2756 t‘r
175 2704 353 2773 jarraurcutunr
366 2693 546 2776 [alsurnrrolitc
558 2710 673 2782 dilipere,
688 2714 749 2782 quia
759 2713 814 2779 lucc
828 2715 916 2767 omnia

131 2793 208 2856 allisi,
234 2795 296 2849 dicit
316 2796 442 2852 Dominus
465 2800 625 2869 corrripotcns
640 2799 733 2871 (Zaclr.
759 2803 829 2874 vrri).
847 2802 916 2858 Cum

130 2899 195 2954 crgo
208 2885 276 2940 ilem
288 2897 416 2943 retrusus
431 2889 489 2944 baec
513 2891 566 2944 tria
578 2891 675 2945 diuinis
688 2891 777 2946 serbis
789 2893 910 2953 obniten-

130 2975 167 3027 tia
180 2979 383 3046 perpetraverit,
396 2978 454 3047 rjus
467 2981 550 3035 abbas
566 2982 631 3036 nilril
647 2983 672 3035 in
685 2997 717 3037 co
740 2984 915 3041 correctionis

967 2184 1104 2245 praecepta
1116 2174 1222 2238 dentur,
1236 2188 1368 2241 nusquam
1379 2171 1431 2226 tale
1442 2171 1543 2240 aliquid
1561 2172 1595 2225 de
1607 2171 1753 2241 imaginum

968 2266 1124 2321 adoratione
1134 2264 1238 2334 jussum
1259 2263 1341 2318 inimo
1363 2262 1509 2331 reperitur.
1530 2259 1606 2316 Unde
1624 2261 1687 2315 dum
1710 2276 1755 2314 re-

959 2364 1044 2418 truso
1067 2355 1104 2409 illi
1118 2356 1201 2411 abbas
1215 2369 1290 2417 suus,
1304 2352 1349 2422 qui
1363 2351 1388 2406 ei
1410 2350 1501 2419 utique
1516 2350 1642 2406 ducatum
1659 2349 1754 2404 salutis

967 2448 1087 2516 praebere
1096 2445 1197 2510 debirit,
1206 2444 1333 2515 peccandi
1345 2443 1463 2498 habenas
1475 2443 1582 2507 laxauit,
1598 2451 1625 2497 ct
1637 2441 1681 2512 qni
1693 2456 1753 2494 eum

967 2536 1001 2589 ab
1011 2536 1112 2590 erroris
1132 2536 1299 2605 laqueoque
1321 2533 1436 2588 daemoni
1448 2540 1587 2601 parauerat
1613 2532 1752 2588 retrabere

966 2626 1068 2690 debuit,
1090 2626 1146 2696 ipsc
1159 2640 1266 2696 quoque
1287 2640 1348 2680 eum
1361 2638 1394 2678 eo
1418 2624 1445 2678 in
1465 2623 1566 2679 erroris
1585 2623 1750 2692 voraginem,

965 2715 1011 2785 qui
1023 2714 1049 2769 ei
1060 2714 1249 2785 gravissimum
1263 2712 1366 2769 lacinus
1385 2713 1424 2767 ait
1436 2725 1496 2767 esse
1511 2710 1676 2767 comruodius
1689 2726 1752 2779 pcr-

965 2804 1135 2871 petrandum,
1151 2802 1264 2866 corruit,
1281 2802 1374 2871 procul
1390 2801 1471 2855 dubio
1482 2798 1666 2869 euangelicum
1686 2798 1752 2854 illud

955 2895 1103 2964 ¹implevit:
1122 2895 1152 2950 Si
1173 2912 1267 2960 cecus,
1282 2896 1377 2963 inquit,
1391 2910 1459 2950 cccco
1470 2892 1603 2947 *ducatum
1626 2890 1748 2961 prebeat,

959 2987 1041 3057 'umbo
1065 2985 1093 3036 iu
1107 2983 1205 3052 [aucam
1227 2984 1319 3039 cudent
1332 2984 1438 3055 (blattis.
1456 2984 1511 3054 xv).
1536 2981 1663 3049 Quisquis
1685 2995 1749 3050 crgo

131 3066 260 3130 exhibuit,
292 3070 551 3127 scdcideteriorcm
563 3074 689 3142 peccandi
713 3074 951 3142 riamostenditc
967 3073 1012 3127 tali
1039 3072 1162 3144 exemplo
1186 3071 1335 3137 stantun
1365 3070 1459 3126 inlcire
1481 3071 1677 3136 assertionem,
1695 3085 1749 3139 non

131 3158 241 3213 dicens:
258 3160 613 3220 Comruodiustilriestomuia
628 3165 764 3220 incivitate
774 3166 913 3229 lupanaria

129 3248 239 3318 iuprcdi,
253 3269 332 3322 quam
346 3253 473 3326 ubirepcre
487 3257 666 3310 adorationem
688 3258 810 3328 inrapiuis
821 3257 912 3312 Domi-

128 3339 175 3402 ui,
205 3350 249 3393 aut
270 3342 327 3411 ejus
354 3355 450 3398 sanctur
475 3347 616 3415 penitricis.
649 3347 671 3404 0
694 3349 911 3419 incomparabilis

127 3430 293 3485 absurditas!
313 3431 334 3486 l)
356 3435 491 3490 exitiabile
517 3437 790 3493 malnnrlllresania
818 3438 910 3493 multis

126 3522 242 3575 vesaniis
269 3523 450 3591 prael'ercndal
471 3524 644 3582 Corrimodius
670 3527 736 3582 dicit
753 3535 909 3598 pcrpctrarc

127 3619 278 3680 reructprr
299 3612 393 3685 legem,
407 3624 434 3669 et
458 3630 508 3685 per
534 3617 700 3688 evangelium
726 3616 906 3682 interdictam,

125 3714 205 3770 quam
220 3702 354 3756 abstinere
365 3720 394 3760 sc
406 3721 421 3758 a
435 3721 463 3759 re
480 3720 560 3774 qnam
578 3721 665 3774 neque
678 3720 726 3774 per
749 3704 845 3774 legem,
862 3719 909 3759 ne-

126 3804 179 3859 quc
189 3805 235 3859 per
262 3792 428 3863 evangelium
446 3802 550 3847 constat
565 3809 625 3848 esse
646 3794 807 3848 institutam.
830 3791 909 3849 Com-

126 3881 232 3935 modius
254 3883 319 3937 dicit
338 3883 441 3938 lacinus
463 3893 619 3956 perpetrare
646 3902 727 3956 quam
752 3903 768 3940 a
790 3886 909 3942 facinore

126 3972 271 4028 abstinere.
287 3974 458 4031 Commodius
481 3976 546 4031 dicit
570 3976 597 4030 in
611 3964 743 4046 prolbirdo
758 3992 835 4032 caeno
850 3992 910 4032 sese

126 4061 198 4116 ultro
211 4062 377 4134 immergere,
399 4079 478 4132 quam
493 4064 563 4118 uiam
580 4065 643 4120 rceti
656 4065 781 4138 isaaritis
795 4064 907 4126 inoffen-

130 4225 239 4242 *-

965 3179 1042 3220 suam
1067 3163 1199 3220 insaniam
1213 3163 1375 3218 mediocrem
1389 3162 1436 3218 sed
1454 3161 1561 3216 cacteris
1583 3160 1748 3214 demonstrat

964 3270 1025 3311 esse
1046 3254 1212 3310 validiorem.
1240 3253 1307 3320 Quia
1331 3253 1414 3324 igitur
1436 3250 1542 3306 illorum
1574 3248 1748 3305 absurditatis

964 3343 1091 3399 instantia
1106 3351 1133 3401 ct
1152 3358 1282 3414 nugarum
1293 3343 1457 3396 continuitas
1469 3341 1524 3394 sire
1548 3340 1629 3394 etiarn
1651 3338 1747 3393 delira·

962 3440 1115 3488 meritorum
1137 3432 1276 3500 congeries
1309 3431 1390 3485 nullis
1421 3430 1447 3483 in
1478 3444 1571 3483 eorum
1599 3427 1747 3496 ,volumine

963 3520 1039 3590 cujus
1052 3535 1159 3575 errores
1180 3521 1347 3582 discutimus,
1372 3518 1617 3590 intercapedinibus
1640 3516 1746 3593 requic-

962 3620 1061 3687 scunt,
1097 3608 1191 3664 saltem
1229 3609 1360 3664 liarorum
1401 3609 1515 3663 istorum
1544 3607 1745 3677 intercapedine

962 3704 1007 3775 qui
1025 3703 1096 3758 inter
1111 3703 1191 3757 unius
1213 3702 1293 3757 linem
1314 3710 1341 3758 et
1366 3702 1477 3755 alterius
1501 3701 1607 3755 initium
1637 3706 1679 3753 est
1704 3712 1746 3752 re-

962 3795 1091 3865 quiescat.
1106 3809 1160 3867 quo
1177 3778 1247 3849 sicut
1268 3793 1375 3847 illorum
1392 3805 1469 3847 error
1491 3792 1528 3845 ita
1543 3791 1625 3846 ctiam
1637 3804 1746 3844 eorum-

962 3885 1024 3938 dem
1058 3898 1177 3937 errorem
1219 3883 1325 3937 assidua
1363 3881 1543 3950 disputatione
1576 3877 1743 3942 discutitur,

961 3975 1124 4029 continuitas
1148 3973 1278 4029 librorum
1304 3971 1442 4027 intervallo
1471 3968 1671 4041 quodammodo
1703 3966 1745 4020 di-

961 4062 1085 4116 rimatur.

719 4352 868 4427 LlBEll
894 4352 1146 4446 QUARTUS.

803 4503 1057 4528 m

423 4594 615 4653 cannetalo.

160 4712 259 4766 Tribus
291 4707 370 4776 hujus
399 4716 497 4762 riostrae
522 4705 710 4775 disputationis
741 4706 818 4763 libris
849 4706 905 4762 Deo

124 4802 271 4856 auxiliante
281 4799 408 4861 decussis,
430 4797 565 4865 inquibus
583 4797 704 4864 quaedam
730 4796 827 4850 divinae
838 4795 905 4866 legis

126 4889 288 4955 testimonia,
309 4898 335 4942 et
348 4889 370 4942 si
383 4887 508 4949 breuiter,
520 4886 637 4954 propriis
652 4893 742 4940 tamen
755 4886 904 4940 secundum

125 4990 279 5037 sanctarum
290 4987 396 5050 patruni
406 4976 554 5031 doctrinam
565 4982 626 5029 sunt
637 4974 759 5029 sensibus
768 4974 903 5039 restituta,

124 5078 152 5126 et
165 5077 264 5124 nostrae
286 5069 347 5123 ildei
370 5065 522 5130 consessio,
537 5079 691 5134 quanquam
711 5063 829 5133 pedestri
849 5079 905 5118 ser-

123 5172 222 5220 mone,
235 5156 339 5211 sincera
355 5162 444 5208 tamen
462 5161 503 5207 est
521 5151 674 5221 apostolica
688 5151 841 5205 traditionis
861 5149 907 5203 llr-

124 5246 217 5301 mitate
229 5254 359 5311 exarata,
375 5252 402 5300 et
418 5230 531 5298 illorum
548 5242 593 5311 qui
622 5255 706 5295 trevas
720 5240 905 5295 institutiones

122 5335 250 5391 Ecclesiae
265 5333 363 5388 interro
389 5335 514 5397 mantes,
542 5346 586 5386 res
608 5346 689 5385 sensu
711 5337 837 5385 carentes
860 5328 906 5383 ad·

92 5477 100 5485 .
121 5439 201 5482 orare
211 5431 380 5494 percensent,
396 5424 503 5478 resauia
515 5419 711 5492 quodammodo
721 5427 763 5474 est
771 5418 902 5481 discussa,

121 5517 155 5572 ad
182 5523 309 5587 quartum
339 5530 410 5570 nunc
434 5514 531 5569 librum
555 5526 605 5566 nos
631 5510 806 5580 peraccedere
834 5508 903 5561 ratio

122 5591 201 5680 cogit,
216 5609 242 5663 in
254 5624 307 5680 quo
326 5610 348 5663 si
360 5624 411 5675 qua
424 5606 457 5661 dc
471 5604 585 5682 illorum
609 5603 771 5660 ramalibus
787 5598 903 5666 capitula

922 4599 1111 4665 Dromanserc
1140 4602 1253 4657 Domino
1283 4601 1431 4670 opitulante
1468 4604 1531 4654 sunt
1561 4596 1736 4654 discutienda.

958 4688 1090 4756 Quoniam
1131 4689 1239 4760 quidem
1277 4689 1469 4745 tumultuosum
1506 4687 1740 4756 inordinatumque

957 4783 1062 4838 dicendi
1085 4796 1168 4852 genus
1192 4783 1334 4846 evitantes,
1362 4779 1492 4833 librorum
1515 4777 1737 4831 numerositatem

956 4873 1159 4937 ordinavimus,
1186 4880 1214 4925 et
1235 4869 1360 4925 brevitati
1381 4866 1520 4922 studentes
1542 4881 1596 4920 non
1622 4865 1737 4933 amplius

957 4978 1039 5034 qnam
1049 4961 1083 5016 ad
1095 4970 1211 5030 quatuor
1223 4959 1306 5012 libros
1330 4955 1409 5022 buius
1421 4953 1510 5008 nostri
1531 4953 1622 5021 operis
1634 4965 1737 5009 sermo·

958 5066 1019 5104 nem
1028 5049 1220 5119 protendimus,
1233 5053 1260 5099 et
1269 5057 1414 5114 parrrornm
1422 5040 1601 5110 prolixitatem
1607 5038 1736 5108 plurium·

956 5155 1009 5210 que
1029 5137 1230 5193 diminutionem
1244 5132 1386 5201 fugientes,
1397 5131 1424 5185 in
1436 5131 1488 5183 boc
1503 5143 1620 5184 vrariorem
1638 5135 1736 5182 nostrae

956 5224 1143 5296 disputationis
1151 5222 1246 5291 pedem
1258 5219 1433 5281 llrmarimus,
1445 5230 1525 5284 quem
1547 5229 1657 5283 prorsus
1666 5213 1736 5276 divi-

955 5333 1050 5374 norum
1062 5315 1230 5384 eloquiorum
1253 5308 1414 5365 testimoniis
1436 5312 1643 5363 sacratumesse
1663 5317 1736 5357 oona·

954 5407 1082 5479 pommus.
1100 5402 1294 5471 Quaternarins
1316 5408 1530 5467 ergouumerus,
1550 5390 1736 5467 staphysiois

956 5495 1199 5553 incrementorum
1224 5504 1258 5544 sc
1288 5483 1538 5554 totiusmnndaose
1568 5480 1658 5545 nrolb,
1691 5480 1736 5535 rel

954 5590 1035 5645 mam
1053 5587 1157 5642 ratione
1173 5581 1283 5640 bumsui
1306 5574 1648 5649 maporntaborioorstma
1660 5571 1735 5628 inda·
