3780 6120
114 259 165 316 bil
554 259 585 313 tt.
605 256 734 317 cuttott
752 257 857 317 bitom
876 256 952 314 OPP.
973 256 1062 313 PARS
1080 259 1102 313 Ι.
1123 258 1245 316 sectio
1264 259 1308 317 lu.
1601 258 1613 285 ”
1699 262 1753 323 tit

114 384 164 428 nes
181 367 359 428 sine-ratione
371 366 555 435 abstulerunt,
569 368 682 426 reddere
696 377 788 425 vestra
809 385 826 424 a
847 370 944 432 beoA
991 369 1029 424 tin
1044 369 1178 426 Ravennae
1208 372 1330 428 concedit
1344 372 1443 428 Carolo
1457 387 1490 429 ea
1510 373 1615 444 petenti
1639 377 1753 447 perAr-

51 497 53 503 -
112 460 246 533 ⁸inspirata
266 458 365 531 regalis
385 458 506 528 potentia
519 457 611 523 iaciat,
626 467 653 514 et
670 470 720 529 pro
731 473 824 514 amoro
834 456 906 526 cius-
991 440 1190 495 llflflffldfloem
1209 442 1574 570 missssffifflumivefauem
1584 442 1653 501 (¹⁰⁰⁸
1669 462 1754 518 el1⁰⁰⁸

114 555 177 612 deni
196 552 273 625 regni
296 552 427 609 ooelornm
449 550 612 607 clavicularii
628 560 655 606 et
677 559 785 619 nostro,
802 550 905 621 prelati
992 518 1105 636 ἓξὲξ
1108 526 1172 651 ,133
1174 511 1674 655 ffiiflflfflpiiai'gffoieisipoutraaltio'sn
1675 534 1754 658 pth¹i²t

113 640 271 699 monasterii
285 641 405 697 missos·
425 640 568 696 mitissimo
579 640 654 696 vultu
667 657 701 697 ae
715 641 906 712 benignissima
994 671 1120 725 nomm,
1144 671 1372 729 exoellenlisslmo
1386 673 1443 730 filio
1469 684 1617 746 nostroque
1637 677 1755 746 spiritali

113 731 253 789 bilaritate
265 747 313 787 cos
325 731 512 834 suscipientes,
523 729 636 800 justitiae
648 748 729 801 quam
746 732 850 788 avobis
862 746 908 800 pe-
958 760 1089 829 mmpagri
1101 758 1208 824 Campo,
1225 763 1280 832 regi
1295 763 1462 820 Francomm
1474 773 1502 820 eg
1515 765 1756 836 mmmmm

113 822 209 880 tierlnt
227 821 436 879 clementissime
450 830 521 877 sicut
532 823 603 877 soliti
616 822 682 877 estis
693 822 829 892 accipiant
845 821 909 877 elie-
959 858 1040 921 atque
1053 852 1166 922 patricio
1181 853 1373 920 Romanorum,
1385 855 1521 911 Adrianus
1532 870 1612 927 papa,

113 922 250 1016 osum,ut
270 912 379 1018 dignam
398 927 447 1017 pro
460 912 525 1016 ipsis
538 912 680 968 monacbis
692 927 741 967 seu
753 911 907 1015 peregrinov
995 941 1170 1013 praefulgidos
1182 952 1262 1015 mue
1273 955 1415 1003 nectareos
1439 946 1539 1018 regalis
1565 947 1756 1018 „omim-

114 1020 179 1062 rum
192 1013 362 1076 susceptione
375 1012 555 1076 suscipientes
569 1004 732 1108 mercedem,
750 1011 843 1075 potius
861 1018 909 1058 va·
960 1042 1025 1088 m
1036 1048 1087 1104 W
1100 1032 1231 1090 minum
1260 1037 1356 1092 dmm
1371 1036 1384 1076 d
1410 1037 1579 1107 sumimus
1593 1038 1704 1109 apices,
1728 1038 1758 1093 in

117 1099 222 1157 ’ΜΒ
238 1099 266 1154 ἰ“
289 1096 457 1155 ⁰⁰¹'foe⁸³⁰'¹⁰
468 1095 596 1167 lamis
619 1111 694 1166 ΜΕΝ
709 1095 842 1152 ⁰⁰³¹⁰r⁸¹¹¹
859 1109 910 1167 ΨΟ
961 1127 1059 1195 quibus
1072 1128 1241 1184 relerebatur
1261 1129 1334 1198 quod
1349 1129 1442 1199 palatii
1453 1130 1619 1186 Ravennatis
1639 1130 1759 1186 civitatis

117 1192 214 1254 vobis,
234 1190 344 1260 liliaque
366 1198 459 1244 nostra
485 1188 582 1242 doiiiiia
616 1187 731 1258 regina,
766 1193 911 1286 vestraque
962 1218 1066 1272 musiva
1094 1215 1177 1289 w)
1191 1226 1272 1287 alque
1293 1233 1440 1283 mamm,
1456 1228 1609 1290 memque
1633 1218 1759 1289 exempla

118 1279 361 1354 triumphatissima
377 1277 461 1349 prole,
475 1276 594 1331 divinam
605 1290 718 1330 exorare
728 1275 910 1340 clementiam,
963 1315 1018 1361 mm
1034 1307 1061 1362 in
1074 1315 1160 1364 sumo
1173 1323 1308 1378 quamque
1319 1309 1347 1363 in
1372 1310 1521 1378 parietibus
1533 1310 1594 1375 ma,
1611 1308 1688 1364 vobis
1709 1309 1760 1362 tri·

119 1382 149 1430 ut
160 1372 206 1428 liic
220 1372 285 1427 aevis
297 1369 519 1440 temporibusque
533 1367 608 1438 regni
623 1365 806 1435 gubernacula
821 1363 912 1419 irueu·
962 1399 1122 1464 hammum
1137 1414 1187 1454 nos
1211 1400 1523 1470 quippenbemianimo
1540 1410 1650 1472 apum
1676 1401 1759 1456 corde

120 1472 162 1521 tes
182 1463 210 1519 ln
223 1461 343 1518 autlieriis
364 1459 472 1516 arcibus
488 1467 639 1522 consortes,
658 1472 720 1513 cum
734 1457 792 1527 ipso
811 1456 912 1513 Christi
963 1503 1026 1544 cum
1043 1489 1128 1545 nimio
1142 1504 1236 1545 ,more
1249 1498 1347 1546 „em
1362 1491 1529 1548 emnem
1538 1494 1683 1550 tribuimus
1693 1491 1758 1548 effe.

119 1552 277 1617 ooulessore
299 1552 380 1607 beato
398 1549 511 1613 Hilario,
527 1547 616 1605 adecti
635 1548 819 1604 inveniamini.
837 1548 912 1604 tneo
964 1584 1046 1641 cmm,
1060 1585 1088 1634 Β)
1099 1586 1153 1632 ,am
1164 1594 1299 1635 marmor,
1312 1595 1446 1653 qumque
1465 1585 1622 1651 mosivum,
1643 1590 1757 1640 mim.

121 1641 220 1702 lunieiu
242 1640 429 1699 excellentiam
444 1649 563 1697 vestram
582 1639 668 1711 gratia
689 1653 803 1709 superna
825 1647 914 1696 custo
932 1683 1018 1779 Bm
1028 1669 1150 1739 exempla
1163 1670 1197 1725 de
1208 1670 1302 1726 eodem
1317 1672 1418 1742 palatio
1435 1675 1512 1731 vobi.
1527 1675 1701 1732 mmm
1711 1688 1761 1731 w·

122 1739 187 1799 itiat
452 1824 583 1883 mxu·
965 1757 1088 1826 lereuda,
1103 1760 1167 1829 quia
1190 1775 1240 1831 per
1266 1769 1357 1818 vestra
1385 1763 1520 1821 laboriosa
1543 1766 1644 1838 regalia
1666 1772 1760 1823 certa·

176 1923 259 1999 439
276 1922 359 1983 lTEll
378 1919 545 1977 Et‘tsvota
562 1916 719 1976 utbsbuit
737 1915 860 1983 PAPAE,

228 2031 263 2070 iu
288 2027 397 2069 rossus
418 2025 541 2068 cinotvii
561 2023 649 2064 nsouu
668 2022 809 2072 sinceri,

966 1849 1049 1913 mina,
1064 1849 1158 1906 multis
1169 1851 1248 1908 bonis
1264 1850 1379 1909 lautoris
1395 1856 1478 1911 vestri
1492 1855 1567 1912 beati
1577 1856 1654 1913 Petri
1678 1855 1761 1913 elavi-

965 1939 1023 2010 geri
1039 1939 1112 2010 regni
1125 1940 1266 2008 coelorum,
1277 1942 1397 1999 Ecclesia
1410 1946 1529 2016 quotidie
1549 1944 1649 2001 lruitur
1660 1957 1684 2010 0,
1697 1958 1762 2016 qiia-

966 2040 1046 2089 tenus
1058 2046 1162 2088 merces
1176 2035 1267 2089 iestra
1283 2033 1391 2104 copiosa
1414 2037 1567 2093 ascribatur
1581 2036 1610 2093 iii
1620 2036 1708 2094 uelis.

125 2109 157 2166 lit
169 2125 221 2183 gito
239 2106 386 2163 contiitetiir
410 2103 443 2158 de
454 2102 548 2157 utoliro
562 2097 685 2184 [marrire]
697 2109 774 2182 utque
786 2113 916 2153 moraturo

157 2178 250 2251 palatii
269 2168 621 2246 Rnornniitrelllnrenrintis]
636 2169 916 2251 citatutrs;prudictus
997 2125 1176 2235 ‚suscepimu“
1196 2124 1280 2232 elim?
1295 2140 1346 2234 ¹³5¹
1360 2128 1488 2235 eumdem·
1508 2127 1650 2195 *minuma
1662 2140 1763 2233 elim

247 2245 336 2302 domiii
359 2245 428 2312 regio
443 2240 737 2312 alienationemque
760 2239 855 2294 exinde
875 2238 917 2309 [a.
967 2221 1061 2279 utilem
1080 2236 1163 2277 unum
1176 2235 1191 2274 a
1205 2220 1282 2276 vobis
1299 2220 1441 2287 directum,
1455 2222 1525 2278 alius
1538 2231 1633 2278 autem.
1642 2236 1689 2292 qui
1699 2234 1763 2278 eum

157 2336 215 2377 cere
227 2317 359 2378 uoloimi,
374 2313 464 2369 libenti
479 2313 567 2367 animo
577 2328 605 2366 re
618 2311 730 2366 tribuere
742 2310 806 2365 dicit
818 2310 844 2362 b.
966 2312 1026 2382 ipso
1038 2311 1157 2366 directus
1182 2318 1234 2376 est,
1249 2308 1371 2366 delectus
1385 2312 1412 2366 iii
1425 2313 1485 2382 ipso
1495 2313 1613 2381 itinero,
1638 2319 1764 2369 mortuus

187 2409 251 2484 (An.
266 2407 343 2462 Doni.
357 2404 418 2467 tsi,
438 2402 504 2459 Cod.
519 2402 581 2457 Cor.
599 2417 683 2466 cxvii,
701 2402 793 2456 ebron.
805 2399 863 2472 81.)
967 2410 1018 2458 cst.
1034 2401 1155 2459 Uudcob
1167 2409 1284 2457 vestram
1295 2402 1454 2458 memoriam
1473 2402 1608 2459 maximas
1620 2401 1764 2459 relerinim

123 2500 323 2561 Aaouussrnii.
333 2527 369 2539 ·-
386 2495 499 2559 blusiva,
514 2508 661 2560 marmora,
674 2492 780 2562 aliaque
793 2508 827 2549 ex
840 2491 916 2564 pala·
967 2501 1068 2567 grates.
1080 2491 1135 2548 Sed
1148 2494 1295 2549 secuudum
1308 2502 1432 2550 uostmm
1443 2509 1564 2551 amorem
1576 2510 1657 2567 queiu
1670 2509 1705 2552 ex
1720 2493 1765 2551 lu·

159 2630 241 2700 noui
252 2629 345 2685 missis
356 2626 523 2682 Francorum
534 2627 657 2682 eamdem
667 2628 857 2684 auctoritatem
870 2628 919 2684 tri·
968 2640 1032 2696 cat,
1062 2644 1095 2685 ae
1119 2626 1302 2686 Ferrariensis
1321 2627 1435 2686 ducatus
1456 2630 1558 2687 ibidem
1583 2630 1761 2689 meminisse:

125 2704 212 2760 bunut
229 2709 292 2756 ante
303 2699 430 2768 adeptum
445 2698 480 2753 im
510 2697 598 2762 rium,
611 2711 664 2765 qua
680 2696 740 2753 illos
754 2712 805 2769 per
816 2713 917 2755 nonum
968 2703 1040 2759 unde
1053 2698 1145 2756 inlerri
1160 2709 1252 2782 posset
1265 2699 1413 2767 maioribus
1430 2700 1587 2757 civitatibus
1598 2700 1697 2766 duces,
1717 2715 1765 2758 oo·

125 2790 189 2831 sec.
202 2787 266 2828 usos
283 2783 344 2825 csse
357 2776 472 2825 metatur
483 2712 608 2831 ffismria,
622 2774 669 2822 aut
686 2781 780 2825 comni
800 2768 918 2827 indolem
968 2773 1049 2829 mites
1070 2770 1220 2826 minoribus
1245 2769 1409 2840 praefecisse.
1436 2770 1475 2826 Ae
1492 2786 1554 2826 cum
1574 2770 1681 2841 judices
1702 2770 1764 2840 ple-

125 2859 179 2901 non
197 2848 261 2898 sunt
283 2838 408 2901 assecuti,
427 2845 473 2892 aut
488 2853 502 2891 a
519 2836 632 2892 veritate
655 2838 765 2893 abeunt.
789 2838 809 2893 li
832 2840 918 2909 siqni-
968 2855 1140 2912 rumquceos
1153 2840 1279 2911 appellet,
1296 2856 1350 2912 quo
1364 2841 1482 2924 generali
1499 2842 1607 2898 nomine
1620 2849 1685 2897 tutio
1696 2849 1765 2895 tcm-

125 2913 207 2978 dem,
226 2910 273 2980 qui
300 2909 373 2964 ultro
395 2907 518 2977 citroque
543 2907 619 2962 ibant
646 2904 759 2962 Adriani
786 2917 915 2979 tempore,
967 2915 1169 2985 porisutrarpie
1191 2910 1308 2982 dignitas
1321 2911 1456 2994 designari
1470 2911 1593 2975 videtur,
1616 2911 1767 2980 incomper-

126 2983 198 3038 aliud
226 2995 281 3035 nou
311 2986 389 3033 erant
417 2993 498 3048 quain
523 2977 610 3032 nuntii
634 2976 677 3031 vel
696 2976 792 3048 legati,
821 2981 919 3050 quibus
972 2993 1028 3039 tum
1043 2982 1110 3037 mibi
1125 2995 1185 3035 csse
1195 2979 1281 3036 lateor
1295 2980 1536 3039 administrationis
1547 2995 1641 3053 genus.
1650 2981 1708 3036 lluc
1718 2995 1766 3035 ac·

125 3051 287 3123 quandoque
305 3063 350 3105 res
368 3048 496 3105 momenti
513 3046 762 3114 committebantur,
782 3048 919 3121 llagitaute
933 3062 956 3128 c
970 3053 1052 3118 cedit,
1065 3052 1138 3122 quod
1150 3050 1303 3120 Stephanus
1313 3050 1334 3107 il
1344 3051 1464 3107 Adriano
1482 3052 1576 3108 eodem
1589 3059 1658 3106 teste
1673 3051 1766 3121 (epist.

126 3119 262 3194 pontillee.
282 3116 464 3187 Quamobrem
490 3115 635 3181 Adrianus,
653 3118 725 3186 quod
748 3119 919 3175 animadver·
971 3124 1016 3189 bt,
1031 3123 1067 3178 al.
1095 3121 1151 3192 ot),
1164 3120 1260 3177 durciu
1275 3121 1384 3192 quidem
1409 3121 1482 3177 misit
1508 3121 1541 3176 ad
1567 3120 1767 3177 Rauennatium

128 3192 251 3256 tendum,
269 3191 362 3245 caileiii
382 3187 475 3258 phrasi
500 3188 533 3242 ile
547 3187 637 3243 missis
649 3188 807 3244 monasterii
828 3189 919 3245 Galia·
971 3195 1066 3251 urbem
1083 3191 1333 3257 administrandam,
1346 3189 1393 3248 sel
1406 3191 1594 3265 presbyterum
1611 3190 1767 3259 oiusoolle·

128 3259 418 3330 crassioribusque
433 3257 533 3327 passim
552 3273 630 3311 osuin
650 3272 710 3312 csse
725 3259 842 3315 vidimus
865 3268 920 3316 tam
971 3279 1033 3347 gam
1043 3277 1103 3319 esse
1121 3260 1204 3319 voluit
1220 3262 1281 3334 (pro
1302 3263 1392 3317 causis
1406 3262 1510 3320 seilicet
1523 3260 1726 3331 ecciesiasticis)
1740 3267 1770 3317 ct

128 3334 161 3391 de
173 3330 328 3403 apostolicis
339 3343 420 3398 qnam
433 3327 465 3382 ile
475 3326 557 3396 regiis
570 3327 669 3382 missis.
681 3326 766 3383 Curis.
968 3333 1073 3405 judiees
1084 3341 1229 3414 utrumque
1241 3330 1357 3456 appellat
1367 3332 1512 3387 Adrianus.
1522 3331 1652 3387 blurator.
1666 3331 1767 3412 (Antip.

163 3397 497 3473 l’Arguml‘aiinlCod
527 3394 583 3451 l'rit.
610 3397 674 3467 18);
692 3415 701 3449 i
718 3398 749 3454 lii
762 3398 922 3458 duodecima
973 3401 1155 3467 ltal.,tom.l,
1170 3401 1237 3458 diss.
1268 3405 1456 3474 bononorum
1472 3400 1548 3458 iiilsis
1565 3401 1770 3470 abduuinopi-

127 3469 270 3597 kffldebl
290 3468 387 3526 Carolo
403 3467 459 3538 regi
485 3467 617 3523 mosivum
639 3482 671 3523 ac
697 3484 816 3525 marmor
830 3473 923 3541 palatii
972 3475 1100 3531 niouibus
1114 3488 1130 3527 a
1144 3473 1257 3527 veritate
1269 3473 1391 3535 aberret,
1417 3471 1496 3542 plura
1517 3471 1671 3541 suppeditat
1698 3470 1770 3527 liaue

153 3540 344 3597 avennatensis
355 3537 481 3612 {musiva
493 3553 526 3593 ac
541 3552 677 3594 marmora
689 3539 766 3595 urbis
777 3538 923 3617 Raveiinie]
974 3543 1096 3599 historiae
1110 3542 1254 3613 pontitciae
1266 3553 1371 3612 partem
1383 3542 1557 3598 illustrantia.
1571 3541 1608 3597 At
1622 3540 1656 3597 de
1667 3540 1711 3596 liis
1720 3556 1769 3613 op-

129 3621 184 3668 tam
196 3612 224 3666 lii
233 3610 341 3679 templis
352 3624 433 3679 quam
446 3607 472 3661 iii
484 3607 641 3678 parietibus,
650 3618 677 3664 et
690 3611 785 3665 stratis
795 3612 857 3677 sita,
868 3615 922 3671 sic·
974 3615 1116 3688 portunius
1125 3627 1202 3683 agani
1218 3612 1299 3667 inira.
1319 3613 1403 3669 Ceus.

129 3691 159 3739 ut
181 3681 311 3754 petierat,
329 3680 421 3735 donat.
443 3679 496 3734 Pro
518 3693 588 3749 equo
612 3680 695 3735 misso
721 3681 822 3751 gratias
847 3685 922 3755 agit3
1012 3683 1195 3756 ⁶'Egiiibart.,
1207 3699 1267 3765 cap.
1275 3681 1320 3750 26,
1334 3681 1414 3738 tradit
1425 3698 1457 3739 ca
1467 3696 1604 3739 marmora
1613 3679 1770 3752 petitaesso

128 3762 189 3810 orat
202 3752 254 3808 sibi
267 3751 337 3807 iuitti
349 3764 432 3820 equos
446 3749 492 3820 qui
508 3751 542 3806 ad
561 3765 636 3805 suam
653 3749 754 3807 lariant
776 3752 925 3811 sessionem
975 3770 1025 3826 pro
1037 3754 1158 3810 ornanda
1170 3753 1283 3809 basilica
1308 3753 1383 3809 mirae
1400 3751 1611 3824 putetirbudtnis
1632 3766 1648 3805 a
1672 3748 1771 3807 Catulo

129 3823 236 3884 ossibus
248 3832 330 3892 atque
343 3820 510 3892 plenitudine
529 3819 620 3876 carnis
642 3820 793 3878 decoratos.
807 3842 817 3875 i
839 3822 877 3878 ln.
976 3824 1138 3897 Aquisgrani
1147 3832 1296 3889 exstructa
1308 3829 1633 3894 caeterum-argumentum
1645 3830 1703 3875 tam
1714 3819 1772 3875 eri·

166 3905 178 3936 ⁶
200 3893 276 3949 Sum.
291 3892 336 3958 ll,
351 3893 414 3947 liar.
430 3899 458 3948 et
470 3888 548 3946 Ceut.
569 3889 670 3946 Cnnrs.
977 3896 1044 3953 dens
1054 3893 1199 3965 pontilicis.
1215 3893 1406 3951 dominationis
1431 3893 1459 3948 iii
1477 3893 1625 3948 exarebatu
1648 3889 1772 3946 librato-

164 3963 179 4007 tl
197 3963 328 4019 Eumdem
342 3963 437 4018 ducem
456 3960 522 4016 alibi
536 3960 591 4033 (ep.
609 3960 654 4025 be,
668 3961 704 4016 al.
721 3958 870 4032 oblimare
885 3971 927 4020 est
977 3968 1035 4022 rins
1047 3966 1104 4035 ipsc
1118 3963 1176 4037 (aii.
1188 3962 1252 4035 ist)
1263 3964 1290 4019 iu
1304 3963 1415 4020 dubium
1429 3977 1528 4019 vocare
1537 3977 1590 4018 nou
1608 3960 1701 4016 audet.
1716 3957 1773 4016 Ne·

131 4035 211 4093 niodo
222 4035 329 4099 ducem,
344 4032 561 4088 modocomltom
578 4047 593 4085 a
613 4031 722 4100 pellari;
739 4031 857 4102 itemque
871 4033 925 4105 (ep.
978 4052 1032 4106 que
1053 4036 1126 4091 euini
1139 4033 1253 4090 Carolus
1271 4033 1353 4089 istaa
1377 4032 1504 4104 pontillce
1518 4030 1630 4088 concedi
1652 4029 1706 4085 sibi
1723 4042 1772 4100 pe-

130 4107 175 4171 89,
189 4105 224 4160 al.
239 4104 284 4175 ab)
297 4103 404 4161 miultis
419 4111 524 4157 tantum
544 4046 621 4155 titulo
641 4101 784 4171 insignem.
804 4104 842 4157 lta
865 4119 929 4173 pro-
978 4114 1057 4169 teret,
1073 4104 1125 4160 nisi
1140 4120 1267 4175 supremo
1281 4102 1379 4159 ibidem
1391 4103 1453 4172 jure
1469 4103 1672 4175 gavisusesset,
1683 4112 1774 4168 nequo

132 4178 234 4234 niisciie
248 4183 416 4243 nuncupatos
436 4171 584 4226 Armoricae
596 4170 748 4242 principes,
767 4174 929 4242 quandoque
978 4174 1099 4249 pontifex
1113 4175 1183 4233 ultro
1198 4176 1311 4243 largitus
1334 4171 1428 4228 eadem
1442 4181 1523 4238 essct,
1539 4187 1590 4244 pio
1611 4168 1776 4227 totbeiiela·

131 4248 214 4305 etiam
233 4244 406 4303 Normauuiae
430 4242 560 4312 dynastas
574 4241 692 4296 ostendit
717 4240 870 4313 Dueaiigius
883 4246 927 4313 (V.
980 4248 1032 4305 ctis
1049 4245 1249 4316 quodammodo
1259 4244 1395 4300 relaturus
1412 4244 1548 4313 gratiam,
1570 4249 1601 4297 ut
1622 4238 1777 4297 luculenter

131 4318 257 4389 Comiter)
270 4315 403 4387 plurimos
423 4311 493 4381 apud
517 4310 671 4374 historicos,
687 4311 799 4368 birniart
821 4329 930 4384 quoque
981 4318 1114 4381 declarat;
1128 4316 1176 4372 sed
1187 4330 1234 4371 rex
1244 4314 1395 4369 auttcicitiis
1404 4314 1587 4378 aulerret,uut
1597 4311 1632 4367 ad
1645 4317 1776 4366 setraus·
1874 4328 1880 4337 ·

132 4387 294 4445 auctoritate
306 4383 377 4452 apud
384 4382 542 4451 burgundos
553 4397 605 4436 non
618 4381 789 4438 consuevisse
803 4384 928 4441 comitem
945 4389 1052 4480 „mitti
1064 4386 1224 4457 preciperet
1251 4394 1279 4440 et
1299 4383 1419 4453 pontileii
1433 4384 1503 4441 baud
1514 4383 1629 4454 gratiam
1639 4386 1778 4460 uinceret

133 4457 237 4522 vocari,
247 4455 299 4511 nisi
316 4453 363 4524 qui
382 4452 458 4507 ducis
477 4451 607 4507 bonorem
627 4451 792 4521 possidebat,
808 4455 928 4511 aiiiiiiad-
981 4475 1014 4515 ex
1027 4456 1222 4527 munerequod
1233 4453 1303 4524 luris
1321 4455 1387 4525 rogii
1413 4469 1473 4510 esse
1495 4461 1681 4525 cognosceret.
1705 4446 1778 4517 Quid

134 4528 225 4585 rectit.
253 4523 399 4594 Cuiusnam
428 4521 518 4594 gentis
539 4531 612 4578 esset
634 4520 752 4579 Arvinus
776 4525 930 4594 promiscue
980 4529 1061 4585 vero?
1080 4527 1118 4581 Ne
1139 4525 1348 4584 dominationem
1361 4525 1496 4594 pontilicis
1508 4522 1585 4579 lateri
1607 4537 1668 4578 eom
1718 4534 1778 4602 sus,

134 4613 226 4655 comes
240 4594 332 4652 etdux
345 4599 529 4662 nuncupatus,
551 4608 605 4647 noii
620 4593 717 4648 attinet
731 4609 862 4664 quarere.
878 4595 931 4652 No-
980 4600 1104 4655 videatur
1115 4612 1249 4655 asserere.
1267 4595 1396 4650 contiuuo
1413 4595 1495 4650 aliani
1513 4592 1656 4663 epistolam
1687 4590 1778 4645 driam

134 4668 188 4725 tari
198 4668 225 4723 id
244 4675 333 4722 tamen
348 4664 476 4747 oportuit,
492 4671 549 4719 tiim
564 4678 598 4718 ne
619 4663 672 4718 diio
683 4665 860 4720 crederentur
881 4668 932 4721 Ar·
981 4668 1091 4736 subjicit
1104 4666 1159 4737 (ep.
1170 4668 1214 4730 83,
1229 4665 1265 4720 al.
1283 4664 1329 4732 stt
1343 4680 1395 4733 qua
1409 4664 1528 4735 pontilex
1548 4669 1717 4718 mercatores
1726 4660 1779 4715 Ve-

135 4738 190 4795 vini
200 4738 276 4794 bisce
287 4736 314 4791 in
329 4733 449 4804 epistolis
464 4734 537 4806 regia
551 4732 774 4805 legationciuucti
789 4751 858 4800 esse,
875 4745 930 4791 tuiii
981 4739 1109 4794 ueticosc
1126 4753 1176 4793 siia
1187 4736 1289 4791 ditione
1298 4734 1496 4805 ejecissejuxta
1508 4733 1598 4791 Caroli
1609 4729 1781 4787 voluntatem

136 4818 166 4865 iit
188 4808 334 4866 discrimen
357 4813 481 4860 tencatur
509 4806 579 4860 inter
601 4806 684 4860 duces
715 4806 812 4888 primm
837 4808 931 4877 stirpis
982 4807 1127 4880 siguificat.
1142 4807 1311 4863 lndeautem
1328 4805 1431 4876 colligit
1441 4803 1568 4861 Carolum
1594 4800 1631 4858 ibi
1653 4799 1782 4861 domina·

136 4881 303 4936 Francorum
316 4890 426 4949 regum,
454 4891 515 4931 eum
536 4875 588 4946 ipsi
607 4874 741 4942 Caroiiiii,
771 4875 817 4948 qui
839 4887 932 4946 postca
983 4889 1040 4935 tuni
1051 4893 1122 4942 esse,
1138 4878 1288 4959 quasivero
1298 4891 1346 4931 rex
1358 4893 1427 4946 priec
1470 4878 1556 4929 ionem
1571 4869 1784 4941 miseritpouti·

138 4966 216 5025 reges
228 4949 293 5006 iacti
304 4955 376 5012 suut,
398 4947 481 5003 duocs
498 4955 603 5002 tantum
622 4955 729 5012 essent,
753 4957 781 5002 et
794 4949 877 5003 duces
891 4963 933 5004 se-
982 4951 1044 5017 liei;
1064 4965 1117 5005 non
1133 4949 1177 5003 bic
1188 4946 1272 5004 oilleii
1283 4961 1423 5027 ergoiisus
1445 4945 1514 5000 uerit
1529 4944 1610 5015 (quod
1621 4939 1782 5023 frequenter

137 5021 233 5080 caudae
246 5019 349 5090 stirpis,
362 5033 410 5074 seii
423 5018 581 5074 eorumdem
601 5016 799 5073 Caroliuorum.
814 5017 847 5073 lli
860 5019 933 5074 enim
983 5021 1085 5077 lactum
1100 5017 1233 5088 ridemus)
1249 5017 1417 5088 praespieudi
1439 5016 1537 5080 verbo,
1552 5022 1583 5068 ut
1592 5011 1705 5077 debuit,
1726 5024 1780 5075 ue,

138 5094 184 5149 uni
198 5091 357 5177 plerumque
380 5096 515 5160 preerant
539 5087 653 5154 civitati,
675 5096 704 5143 iit
718 5104 803 5158 nuper
817 5089 933 5145 vidiniiis
984 5108 1038 5148 non
1055 5091 1143 5146 dicam
1155 5088 1182 5143 in
1192 5088 1341 5159 principem
1355 5094 1410 5141 taiu
1432 5086 1501 5143 bene
1515 5084 1550 5140 de
1562 5080 1783 5164 Ecclesiameri·

138 5165 278 5221 Clusinum
290 5177 323 5219 ac
332 5161 518 5217 Florentinum
529 5159 635 5216 iecisse.
652 5160 689 5214 llli
704 5168 794 5214 antem
806 5160 854 5214 toti
865 5176 934 5230 prae·
984 5172 1042 5218 tum
1058 5161 1199 5229 obsequio,
1213 5158 1260 5214 sed
1273 5155 1362 5213 olllcio
1384 5157 1508 5211 nuntium
1521 5153 1660 5211 remisisse
1671 5151 1784 5206 rucio·

139 5244 217 5291 erant
239 5231 395 5305 provincie,
411 5232 588 5302 subditosque
602 5230 738 5287 lrabebuiit
751 5230 875 5297 comites,
887 5230 934 5299 ipii
985 5231 1146 5290 trellanus
1162 5238 1190 5286 et
1204 5231 1274 5284 inter
1289 5226 1415 5350 Krivatos
1437 5226 1465 5285 id
1485 5225 1587 5283 laetum
1598 5237 1729 5308 semper.
1753 5230 1787 5276 et

139 5305 259 5376 singulas
286 5304 410 5360 civitates
431 5300 667 5357 administrabant.
680 5300 713 5354 Et
735 5300 781 5370 qni
805 5301 869 5355 olim
886 5316 935 5371 per
985 5302 1066 5360 bodie
1077 5301 1108 5357 dt
1121 5301 1148 5358 in
1160 5299 1278 5358 litterisl
1315 5295 1499 5368 tpauloinlra
1508 5296 1604 5352 eudem
1624 5292 1785 5363 tnepistola

140 5374 273 5431 comitiva
283 5375 397 5446 gradum
406 5374 440 5429 ad
457 5373 584 5428 ducatum
596 5371 787 5437 ascendebant,
801 5387 873 5427 nunc
885 5371 936 5425 du-
985 5375 1075 5445 legere
1086 5381 1129 5429 est
1140 5386 1148 5426 t
1159 5388 1205 5443 per
1216 5380 1327 5425 oestrum
1340 5362 1698 5450 clementissimumuregoloiu
1712 5378 1786 5487 Kra-

141 5453 231 5498 catum
249 5446 368 5511 nomine,
385 5460 414 5501 re
424 5443 581 5500 comitivam
606 5443 829 5511 assequebantur.
845 5441 935 5508 Quare
986 5433 1711 5516 ceptionemeumosindcexpeilereouimriodigrreiruiri.
1737 5446 1786 5515 am

142 5519 170 5569 et
181 5513 264 5569 duces
274 5524 301 5570 et
312 5517 426 5572 comites
444 5513 592 5588 generatim
615 5529 710 5570 omnes
725 5513 777 5568 dici
800 5521 933 5584 poterant.
985 5514 1121 5570 Adrianus
1130 5513 1331 5569 Caramaiinuni
1345 5524 1427 5566 unum
1438 5523 1470 5563 ex
1494 5506 1608 5563 ducibus
1620 5502 1712 5588 Carolr
1733 5502 1787 5585 ali-

142 5580 257 5641 Perinde
269 5601 329 5641 esse
342 5587 369 5641 in
382 5584 486 5643 ditione
501 5583 639 5657 poiitillcia
661 5583 795 5640 altlrmare
808 5599 862 5639 iion
885 5599 934 5638 au·
987 5600 1040 5655 qua
1053 5584 1080 5639 iii
1097 5584 1206 5640 civitate
1221 5580 1297 5651 regni
1307 5578 1391 5635 italiae
1407 5579 1566 5640 constituto,
1581 5591 1628 5646 qui
1652 5574 1787 5657 ecclesia-

142 5653 358 5717 sim,uamvideo
366 5653 515 5713 Adrianum
529 5656 582 5727 (eii.
596 5654 640 5723 et,
655 5654 690 5710 al.
705 5653 750 5727 st)
763 5654 936 5710 constituisse
987 5654 1063 5711 stiae
1088 5653 1183 5710 ditioni
1201 5652 1332 5705 molestus
1354 5656 1435 5715 erat,
1463 5648 1526 5732 iude
1538 5645 1659 5704 numiui
1681 5652 1752 5718 petit
1768 5658 1787 5703 a

143 5725 270 5785 comiteur
281 5723 400 5782 civitatis
409 5724 597 5796 Gabeliicusis,
608 5742 690 5800 quam
700 5724 876 5794 bretiniacum
890 5740 932 5782 vo
989 5741 1062 5792 rigo,
1076 5723 1223 5803 utplauius
1236 5721 1325 5779 dicaiu
1341 5721 1375 5779 ad
1384 5736 1445 5779 caru
1456 5728 1538 5791 epist.
1555 5718 1595 5777 ls.
