3780 6120
120 197 176 256 tto
568 198 597 249 ll.
617 195 742 253 cancii
763 192 871 250 titoni
889 191 964 249 orb.
985 187 1077 245 PARS
1093 189 1114 245 ζ.
1137 189 1258 247 sectio
1276 190 1319 247 tlt.
1595 208 1603 217 ·
1709 182 1765 247 560

120 319 223 370 tionem
233 308 370 374 Panlnsl,
385 308 538 379 Stephanus
549 306 582 362 lli
594 316 621 362 et
633 307 777 363 Adrianus.
795 304 917 375 Namque
930 307 955 366 Α
968 304 1080 360 redditas
1101 305 1283 358 irivoninntur.
1311 303 1347 357 dt
1365 304 1495 368 Garmus,
1522 302 1580 360 Lan
1598 301 1764 359 chordorum

120 385 217 442 iisdem
231 381 391 446 latentibus,
429 380 481 434 uod
497 392 594 448 negare
608 392 661 433 non
677 384 804 448 possunt,
826 376 917 446 Pippi-
968 390 1032 447 rege
1044 375 1183 430 Desiderio
1193 385 1283 442 capto,
1296 388 1444 445 eortnnque
1454 389 1539 457 regno
1553 389 1585 430 au
1669 371 1765 438 ,inte-

120 459 201 513 triana
216 451 327 508 donatio
340 466 422 507 exarc
443 457 502 502 atus
520 458 548 502 ct
567 447 721 517 Pentapolis
735 446 833 501 lirribns
852 461 917 501 con·
968 461 1045 516 grant
1060 453 1160 500 sanctu
1173 445 1231 500 sedi
1245 445 1417 500 donationem
1429 444 1585 500 vindicavit.
1609 442 1658 499 tici
1681 450 1767 503 testu

120 524 290 588 eludebatur,
301 522 333 576 de
344 520 462 576 Adriano
472 519 565 573 colem
577 525 604 574 et
614 531 770 577 successore
782 514 917 571 Leonelll
968 524 1031 572 sunt
1054 515 1120 570 Cod.
1139 513 1202 570 Car.
1216 513 1336 583 epistolae
1362 515 1422 571 duae
1446 515 1502 585 (tl,
1526 514 1571 582 53,
1586 513 1622 569 al.
1641 511 1688 577 tt,
1705 512 1766 597 δί),

121 612 156 654 rie
167 595 272 652 hiscere
286 590 393 663 quidem
407 590 527 646 audent:
544 589 651 643 tametsi
663 589 714 643 alia
727 587 769 641 vis
784 586 918 656 principa·
967 600 1068 656 isaucos
1080 595 1140 656 post
1165 598 1271 639 menses
1291 600 1307 638 a
1328 584 1419 641 Caroli
1441 600 1550 642 recessu
1573 584 1660 650 data,
1686 598 1767 654 quere

122 677 179 723 tum
197 664 305 720 cudere
322 660 421 732 aliquis
436 674 530 716 corum
550 657 726 729 periclitetur,
764 656 817 711 nod
838 657 918 712 nber·
968 656 1103 712 Adrianus
1124 655 1180 725 regi
1200 654 1307 709 nuntiat
1327 654 1425 712 Leonis
1449 655 1569 725 archiep.
1596 652 1767 736 Rareamatis

122 739 190 793 rime
208 731 392 791 demonstravi
412 731 440 786 in
460 729 531 785 notis
550 729 583 784 ad
602 727 730 784 Codicum
788 726 916 782 rolinum.
969 727 1135 782 iuvasionem
1161 724 1310 789 Ferentio,
1335 723 1439 788 Imole,
1460 724 1604 788 Ferraria,
1624 724 1765 789 Benene,

121 807 211 874 Quare
227 804 310 876 igitur
323 801 451 858 Gratiano
468 799 606 855 adhaerere
623 798 731 864 malint,
750 798 795 868 qui
812 798 918 880 primus
968 812 1073 853 necnon
1095 795 1195 860 addc,
1213 808 1261 849 seu
1275 793 1387 859 (intelli,
1405 796 1433 850 in
1452 810 1505 865 qua
1523 794 1651 851 comitem
1664 791 1767 848 ιοιιιιι-

120 877 211 949 imsuit
229 874 340 939 nonna,
357 885 437 944 quam
463 869 598 926 constanti
620 869 743 925 codicum
763 866 918 922 testimonio
969 876 1058 923 tuerat
1079 865 1244 922 dominicum
1266 863 1317 919 sibi
1337 879 1353 918 a
1372 865 1470 922 Garolo
1494 864 1715 921 commendatam
1737 862 1768 918 in

121 961 230 1030 suasque
245 946 364 1016 ipsorum
376 939 554 1006 conlcssioni,
570 955 622 995 nou
636 937 743 994 difficile
758 944 837 1007 captu
851 945 915 992 cst:
968 938 1081 993 ecclesia
1095 936 1181 991 sancti
1193 933 1265 989 Petri
1274 936 1418 1016 qadeoque
1429 950 1524 991 omnes
1533 934 1661 990 civitates
1676 929 1768 989 AEani-

121 1025 247 1074 nesciunt
280 1012 326 1070 uid
339 1014 442 1069 dicunt.
970 1009 1037 1063 liaca
1051 1007 1171 1061 Romana
1190 1005 1312 1060 Ecclesia
1326 1019 1466 1073 possessas
1481 1019 1542 1061 esse
1553 1013 1630 1059 certo
1644 1011 1768 1058 eonem.

156 1087 211 1170 95
233 1085 269 1141 xl
294 1080 498 1140 ‚bedonniam
522 1078 677 1150 diplomatis
697 1086 779 1148 capnt
802 1077 918 1131 alterurn
969 1079 1007 1133 be
1032 1086 1149 1146 quatuor
1174 1076 1265 1130 arimin
1291 1075 1533 1145 Pentapolensilbis
1558 1075 1625 1145 quin
1651 1072 1768 1143 perinde

122 1157 228 1228 Pippmi
247 1154 418 1211 donationem
433 1153 518 1223 ipsam
536 1150 655 1214 exbibet,
671 1165 725 1204 non
740 1148 847 1218 qualem
867 1147 919 1202 Ca·
970 1158 1051 1211 esset,
1065 1162 1145 1202 enine
1158 1151 1285 1200 amovent
1298 1145 1408 1200 dulium
1425 1146 1527 1201 eaedem
1544 1144 1652 1208 littera,
1665 1144 1713 1213 qui

122 1227 211 1284 risiaci
227 1225 326 1281 laetam
340 1237 401 1280 esse
415 1223 533 1278 diximus
554 1235 626 1276 anno
639 1219 701 1285 itt,
724 1227 751 1273 et
772 1233 788 1272 a
811 1217 918 1287 Pippini
969 1219 1067 1287 quibus
1080 1225 1222 1286 utramque
1240 1214 1408 1282 Pentapolim
1426 1215 1458 1270 ab
1472 1215 1592 1269 Arimino
1610 1229 1693 1296 atquc
1728 1213 1770 1267 ἰι-

121 1298 227 1353 duobus
251 1295 313 1350 dliis
335 1291 432 1349 Carolo
447 1299 476 1346 et
491 1290 690 1346 carolomanno
713 1287 916 1349 confirmatam,
968 1287 1113 1358 pribirmin
1129 1287 1183 1339 llde
1196 1284 1349 1354 apostolicae
1369 1286 1441 1340 sedis
1459 1285 1607 1354 persistere
1627 1281 1769 1360 significa-

122 1367 169 1423 sed
183 1366 290 1437 qualem
301 1363 415 1420 Carolus
431 1362 542 1430 llagnm
560 1361 653 1414 Roma
664 1357 919 1413 conhrmaritanno
971 1369 1024 1410 mr.
1047 1356 1185 1411 Praeterea
1209 1353 1377 1409 territorium
1402 1370 1451 1410 seu
1474 1368 1509 1422 op
1528 1355 1601 1410 idum
1631 1353 1769 1410 balnense

122 1436 184 1490 tit.
200 1435 280 1490 Prior
291 1433 396 1487 scilieet
407 1433 434 1486 in
448 1430 559 1485 archivo
579 1427 708 1483 Ecclesiae
727 1426 919 1480 Lateranensis
970 1425 1124 1494 coniugium
1147 1423 1230 1479 luisse
1255 1423 1375 1492 quinque
1396 1424 1486 1479 Caroli
1568 1424 1605 1479 tis
1629 1423 1658 1478 in
1679 1423 1769 1478 Bene·

123 1503 169 1560 ‹hii
204 1500 328 1555 ntissime
344 1499 556 1562 custodiebatur,
578 1513 640 1552 cnm
654 1497 748 1566 viginti
760 1503 821 1577 post
833 1508 919 1549 arinca
969 1503 1084 1549 vonum
1104 1493 1295 1557 commotione,
1317 1507 1351 1547 ex
1369 1494 1432 1549 aliis
1453 1493 1555 1551 litteris
1578 1493 1635 1564 (ab,
1657 1493 1695 1550 al.
1718 1492 1767 1565 st)

122 1587 170 1625 sen
200 1569 234 1623 tt
245 1567 358 1623 Carolus
369 1567 479 1621 veniens
492 1566 606 1620 Romam
623 1566 919 1634 «promissionemque
971 1565 1065 1634 liquet.

122 1640 150 1694 in
168 1637 283 1693 Francia
298 1634 325 1688 in
338 1634 396 1690 loco
410 1634 458 1704 qui
471 1641 583 1690 coeatur
596 1633 750 1690 carisiacus
773 1634 843 1687 lacta
863 1641 916 1699 est,
1005 1633 1075 1688 xh'l.
1098 1631 1246 1697 dimiliam,
1261 1633 1377 1704 inquies,
1401 1634 1473 1690 inter
1493 1634 1618 1689 ditent
1644 1632 1767 1717 reliquas

123 1706 174 1763 sibi
184 1705 266 1787 relegi
279 1702 396 1764 lecisset,
411 1702 631 1772 complacncnmt
641 1702 691 1770 illi,
708 1701 808 1771 eteius
820 1701 919 1770 judiei-
932 1672 957 1735 Β
970 1702 1103 1757 nominari
1117 1717 1170 1756 non
1187 1703 1263 1760 video
1277 1705 1304 1759 iu
1320 1703 1387 1760 eod.
1400 1703 1537 1771 Caroliuo,
1573 1720 1614 1760 uae
1634 1716 1768 1761 ωιιιιιιιιο

124 1778 275 1831 husomma
324 1770 671 1836 aeibidemerantadnexa,
686 1791 696 1826 s
714 1770 918 1827 utestinlibro
969 1784 1030 1841 post
1044 1771 1199 1825 Ravennam
1212 1774 1331 1828 occurrit
1346 1777 1373 1829 in
1388 1774 1544 1856 diplomate.
1581 1774 1769 1846 insdemsere

125 1788 373 1915 Pontidcaliiimt.
396 1841 470 1911 stit),
493 1857 575 1912 qnam
596 1841 691 1910 ntique
720 1841 851 1910 «propria
869 1855 919 1895 sua
968 1850 996 1896 et
1009 1844 1036 1896 in
1052 1842 1168 1896 irruentis
1190 1843 1429 1911 epistolisetalibt
1442 1846 1580 1915 comperio
1597 1844 1766 1901 meatiottem

126 1930 205 1970 manu
233 1913 291 1983 ipse
313 1911 563 1967 christianissimus
591 1909 757 1966 Francorum
784 1926 830 1965 rex
855 1925 915 1965 eam
968 1911 1039 1977 lieri,
1064 1912 1103 1966 uti
1125 1913 1281 1982 provinciae.
1298 1912 1388 1981 Quare
1405 1915 1525 1970 arbitror
1545 1916 1769 1986 cbumenpbnn

120 1984 320 2057 corroborans,
349 1982 491 2037 nntrcrsos
520 1981 670 2050 episcopos,
692 1980 916 2045 abbatesberc
968 1982 1052 2037 italice
1066 1982 1149 2037 medii
1166 1981 1217 2038 cvi
1240 1984 1415 2040 uehementer
1433 1984 1609 2042 abuentibus
1626 1999 1700 2050 este,
1718 1982 1767 2042 nbi

121 2056 205 2113 edam
216 2053 406 2124 etpraphones
422 2052 449 2105 in
463 2066 494 2107 ca
515 2052 613 2107 ascribi
638 2049 712 2106 lecit.
734 2049 821 2117 Quam
842 2050 918 2119 prius
969 2052 1136 2121 provinciam
1148 2051 1176 2106 in
1195 2053 1333 2110 civitatem
1347 2063 1506 2112 convertere
1519 2055 1625 2126 primus
1641 2055 1766 2111 omniunt

120 2141 203 2197 snper
226 2124 312 2179 altare
332 2123 406 2178 beati
430 2120 522 2185 Petri,
547 2129 575 2176 et
601 2121 771 2191 postmodum
792 2121 867 2175 intus
889 2119 916 2174 in
968 2131 1010 2176 cst
1029 2136 1122 2178 ausus.
1146 2121 1202 2178 Nec
1221 2121 1591 2197 lallerisadeceptusetego
1610 2125 1677 2181 oliau
1701 2140 1767 2183 cuna

122 2204 218 2251 sancta
238 2192 297 2264 eius
317 2190 486 2249 confessione
501 2200 640 2262 ponentes,
654 2200 710 2246 ιιιιι
729 2191 786 2261 ipse
800 2189 919 2245 Franco·
969 2192 1029 2247 aliis
1041 2193 1196 2317 oeiuionem
1207 2193 1288 2249 istam
1303 2210 1363 2250 sum
1377 2195 1526 2264 amplexus.
1541 2194 1640 2263 Quidni
1654 2192 1767 2253 autenti

120 2276 182 2322 rum
196 2279 245 2321 rex
259 2278 340 2334 quam
356 2262 415 2331 eius
427 2260 546 2330 iudices,
568 2263 647 2317 beato
666 2260 747 2316 Petro
762 2260 862 2329 eteius
876 2259 921 2314 vi·
968 2262 1056 2318 Erarc
1076 2268 1151 2317 attint
1173 2264 1375 2334 angustioribus
1389 2266 1531 2321 terminari
1544 2265 1678 2321 limitibus
1690 2264 1768 2322 vide-

121 2336 196 2394 cario
216 2335 389 2390 sanctissimo
412 2330 532 2386 Adriano
549 2346 639 2403 papae,
663 2339 834 2387 sacramento
857 2344 918 2385 sese
968 2334 1029 2387 bam
1057 2340 1179 2403 tempore
1202 2333 1441 2406 Langobardorum
1470 2351 1553 2406 quam
1577 2335 1767 2392 Rornanorum

122 2407 214 2462 omnia
236 2411 444 2460 conservaturos
459 2416 519 2471 qne
534 2401 668 2457 incudem
688 2401 832 2456 corrutione
853 2415 918 2456 cou-
968 2402 1132 2472 reipublicae,
1156 2402 1347 2473 AEmiliamqne
1361 2407 1527 2473 pmrincian
1549 2406 1679 2476 bipertito
1697 2405 1769 2462 diri·

121 2473 253 2539 tineutur,
269 2472 468 2543 promittentes,
485 2471 663 2536 tradiderunt,
679 2490 689 2523 r
706 2479 736 2525 nt
750 2471 857 2542 legebat
867 2484 918 2525 suo
968 2488 1026 2527 earu
1040 2476 1172 2544 usquead
1187 2474 1315 2530 Bonomoe
1329 2475 1496 2532 territorium
1511 2475 1596 2532 italici
1611 2475 1689 2547 regni
1752 2505 1768 2519 -

121 2563 179 2603 seso
189 2544 312 2607 Albinus,
325 2556 461 2613 partoque
472 2556 533 2597 eum
545 2540 702 2597 discrimine
713 2541 812 2595 habent
821 2555 919 2622 omues
968 2551 1022 2598 tem
1031 2529 1136 2609 iacere,
1156 2544 1219 2600 inde
1235 2559 1301 2601 reru
1318 2546 1495 2602 exarchatum
1517 2546 1570 2603 inci
1606 2560 1646 2601 re.
1672 2491 1768 2603 hibin

121 2616 200 2673 codd.
221 2623 278 2669 tum
295 2614 369 2675 editi,
388 2621 444 2667 tum
464 2626 529 2667 mss.
549 2611 664 2667 bonatio
679 2621 733 2667 tam
748 2611 915 2676 solemniter,
969 2621 1059 2667 tamen
1080 2613 1171 2669 minus
1193 2613 1333 2670 AEmiliam
1348 2615 1471 2672 absolute
1482 2631 1565 2672 conce
1586 2615 1769 2685 inpostolicoe

124 2696 178 2742 tana
192 2693 286 2742 sancte
301 2685 458 2740 conlirmata
472 2682 598 2737 adarolo
616 2696 696 2752 qnam
711 2680 848 2736 Adrianus
862 2695 916 2736 non
968 2682 1024 2738 sedi
1035 2685 1235 2754 comperiebam
1251 2685 1276 2739 in
1292 2685 1344 2741 boc
1353 2684 1510 2754 diplomate,
1527 2688 1599 2757 quod
1613 2686 1767 2754 legitimum

121 2757 214 2822 semel,
230 2771 280 2811 nec
300 2754 401 2824 iniuria
423 2753 579 2807 oblationem
594 2759 621 2807 et
633 2751 814 2806 laoloccmtam
826 2751 920 2820 appel·
968 2768 1028 2808 esse
1043 2762 1083 2808 tot
1097 2755 1163 2809 uiris
1179 2755 1344 2811 doctissimis
1362 2756 1451 2810 risum
1472 2766 1532 2812 erat
1544 2771 1553 2811 a
1566 2756 1641 2811 bisce
1664 2757 1694 2811 in
1715 2772 1767 2812 an-

121 2828 159 2882 lat
179 2825 334 2889 inlinens,
359 2824 541 2894 nequidquam
565 2822 629 2877 alibi
649 2823 794 2892 quaeritur,
815 2837 870 2876 nno
888 2821 916 2876 in
985 2821 1064 2880 ustiis
1078 2825 1143 2892 quid
1160 2824 1300 2881 lacerem?
1319 2825 1471 2896 Singularis
1491 2835 1573 2897 atque
1593 2834 1675 2882 ιιιιιιι
1688 2827 1768 2883 imn-

120 2897 304 2954 Ludoriciano
318 2894 464 2964 diplomate
485 2899 573 2946 exstat
595 2892 710 2963 integra.
737 2890 917 2973 Diligentissl-
968 2841 1023 2948 iita
1038 2894 1161 2950 doctrina
1175 2897 1289 2967 emergit
1300 2896 1487 2967 chorograpbi,
1500 2896 1620 2967 optimis,
1631 2905 1663 2952 ut
1675 2897 1767 2966 prinae

122 2983 184 3022 inus
198 2975 320 3021 veterum
341 2971 577 3018 monumentorum
601 2962 730 3018 collector
755 2962 917 3018 Frauctscus
968 2973 1079 3033 aspectu
1102 2966 1237 3028 ridentur,
1263 2967 1413 3022 rationibus
1431 2967 1577 3036 provinciae
1601 2982 1703 3023 nomen
1718 2982 1768 3022 aa·

121 3032 284 3092 blanchinus
302 3050 335 3089 ex
353 3033 419 3089 Cod.
437 3031 603 3087 Farncsiano
620 3032 797 3088 celeberrimo
811 3047 872 3087 cam
886 3047 917 3088 se
930 3016 955 3080 (ἶ
969 3033 1080 3090 lerentis
1102 3034 1220 3090 AEniliae
1235 3036 1262 3090 in
1274 3036 1329 3108 97
1343 3037 1501 3100 exarchatu,
1526 3037 1553 3091 in
1576 3035 1637 3106 ejus
1656 3044 1767 3093 sentes-

121 3107 225 3177 optimo
253 3103 361 3175 publico
386 3103 502 3159 edidisse
526 3110 604 3184 putat
632 3103 659 3156 in
689 3101 776 3157 lucent
803 3102 915 3174 (anast.
969 3104 1215 3178 tiamivipcdibus.
1239 3105 1336 3162 Postea
1348 3121 1412 3162 vero
1433 3108 1467 3163 ad
1482 3107 1543 3176 iura
1563 3116 1667 3163 sancte
1690 3105 1767 3163 sedit

122 3186 187 3233 tona.
200 3176 232 3241 ll,
251 3189 278 3244 p.
298 3174 354 3245 bil.
378 3173 446 3228 Naar
468 3173 578 3242 pretiosi
606 3172 677 3227 illins
705 3171 805 3229 codicis
823 3187 918 3242 :equus
967 3175 1127 3231 vindicanda
1146 3191 1190 3232 mc
1210 3177 1282 3233 serio
1302 3186 1420 3240 vertens,
1438 3192 1527 3248 neque
1538 3178 1608 3234 ullas
1619 3177 1766 3248 opiniones

120 3248 287 3314 testinantes,
310 3261 372 3300 eum
395 3258 444 3299 suo
467 3251 588 3312 tempore
613 3242 740 3297 Parmam
762 3242 917 3298 ‘translatus
968 3245 1107 3300 hominum
1129 3246 1274 3303 admittens
1291 3263 1351 3318 qnae
1367 3262 1428 3303 cum
1442 3249 1526 3303 certis
1543 3247 1684 3303 annalium
1703 3261 1765 3302 tuo·

121 3327 196 3374 esset
209 3331 264 3371 una
277 3330 340 3371 curu
360 3313 525 3371 Farnesiana
541 3312 713 3376 bibliotheca,
732 3326 766 3367 eo
780 3321 918 3369 secontu·
968 3316 1106 3371 numeratis
1133 3326 1302 3386 pugnarent,
1334 3318 1408 3373 naui
1435 3316 1654 3399 chorographiam
1681 3317 1765 3373 ἰειιιιιι

121 3387 429 3448 liteemcletiterum,s
464 3381 916 3452 cimenquecharacterisuncialis,
968 3386 1109 3441 annalista
1120 3386 1187 3441 ltalo
1200 3387 1430 3457 acceptissimum,
1448 3397 1480 3443 ιιι
1491 3389 1518 3443 in
1531 3388 1593 3443 alias
1607 3386 1713 3454 multis,
1727 3388 1766 3444 ita

120 3467 227 3517 annm
244 3454 345 3512 codicis
356 3454 453 3511 Caroo
470 3452 566 3525 Magno
584 3467 737 3579 supparem·
751 3452 918 3523 designantis
969 3457 995 3510 in
1006 3455 1172 3513 detrahendo
1185 3458 1331 3527 provincie
1344 3459 1474 3512 bonorem
1488 3457 1607 3514 AEmiliae
1618 3457 1766 3513 rebem·

120 3528 268 3599 excipiens,
281 3527 352 3596 quod
367 3523 525 3580 llolstcnius
537 3532 565 3578 et
578 3522 614 3579 Sc
635 3523 774 3578 elstrntms
792 3523 918 3593 neglexe-
968 3534 1010 3581 tcr
1030 3526 1205 3582 allucinatum
1226 3542 1296 3583 esse.
1318 3527 1377 3583 Non
1399 3529 1472 3584 enim
1490 3529 1524 3585 de
1540 3543 1589 3585 sata
1607 3527 1767 3584 conditione

120 3598 279 3663 ranetam
298 3596 383 3652 codex
406 3601 466 3650 erat
489 3593 592 3661 Romae,
618 3593 707 3648 locum
732 3593 807 3647 illum
831 3603 917 3650 totum
967 3597 1105 3667 provincia
1129 3597 1179 3652 ista
1193 3597 1303 3663 excidit,
1328 3597 1400 3667 quod
1414 3606 1489 3668 patet
1507 3615 1539 3654 ea
1559 3598 1765 3667 prouinciarum

121 3668 266 3740 descripsit
276 3682 355 3738 quent
371 3664 460 3730 attuli,
478 3664 524 3720 nbi
545 3664 579 3720 de
602 3663 732 3734 Stephani
755 3663 777 3718 ll
795 3663 917 3734 epistolis
968 3666 1213 3722 ecclesiastieamm
1236 3668 1377 3732 diuisione,
1393 3669 1440 3723 sed
1457 3669 1529 3725 civili
1542 3670 1568 3725 in
1586 3669 1765 3725 administra·

121 3738 247 3810 agebam,
267 3746 395 3807 tanlquam
413 3734 579 3807 Pippiniantc
594 3733 747 3790 donationis
763 3736 917 3791 monimen-
968 3738 1042 3792 tione
1059 3737 1201 3808 cogentior
1214 3751 1275 3794 esse
1295 3739 1386 3821 cepit.
1402 3737 1626 3809 Quandoquidem
1639 3737 1668 3793 in
1683 3754 1765 3795 exar-

121 3819 192 3865 tum.
967 3809 1046 3862 chatu
1059 3807 1178 3863 AEnrilim
1190 3823 1288 3864 nomen
1301 3807 1423 3871 retrimit,
1439 3809 1467 3863 ln
1482 3824 1566 3880 regno
1576 3816 1667 3863 tutan
1681 3807 1765 3865 ltaliae

159 3879 218 3934 XV.
232 3876 369 3932 Atrinum
390 3875 577 3931 doctissimum
597 3875 702 3945 decepit
719 3875 779 3930 libri
804 3874 917 3930 Pontiir·
967 3877 1128 3946 praeclarum
1146 3880 1219 3933 istud
1240 3878 1316 3962 repul
1336 3893 1434 3936 tromea
1454 3878 1621 3948 provinciale
1635 3878 1702 3934 illud
1716 3879 1765 3934 ab·

122 3950 191 4006 calis
217 3947 364 4003 enarratio.
394 3944 524 4012 Quamvis
550 3945 622 4001 eninr
654 3947 754 4001 ibidem
783 3945 918 4000 reiciatur
967 3949 1081 4003 sorbuit.
1095 3948 1165 4015 Quin
1179 3949 1263 4003 otiam
1277 3965 1336 4020 ipso
1350 3954 1376 4003 in
1395 3950 1543 4005 exarchatu
1556 3956 1653 4004 exorta
1664 3948 1765 4004 Penta·

123 4018 350 4091 quemadmodum
379 4016 518 4086 Pippinus,
535 4025 624 4071 ratum
656 4017 759 4071 habens
805 4015 916 4088 uidquid
967 4017 1035 4087 polis
1050 4020 1158 4088 tlarplex,
1175 4017 1312 4074 AEmiliam
1331 4020 1499 4075 coaretavit:
1514 4019 1637 4088 adeoque
1657 4028 1716 4075 tres
1736 4018 1764 4075 in

123 4088 253 4146 carisiaci
278 4104 328 4145 suo
349 4086 496 4157 diplomate
519 4095 691 4141 concesserat
715 4086 776 4140 diro
817 4095 876 4140 etro
889 4094 918 4142 ct
966 4089 1113 4143 exarchatu
1137 4089 1356 4157 punirinciatesse
1374 4100 1524 4159 coeperrmt,
1548 4087 1661 4145 AEmilia
1686 4090 1762 4147 ride·

123 4160 182 4231 cius
205 4156 418 4221 successoribus,
445 4171 516 4212 noro
541 4156 686 4226 diplomate
709 4157 830 4211 anterius
852 4156 917 4211 illud
968 4159 1039 4223 lieet,
1063 4159 1217 4230 Pentapolis
1240 4160 1388 4226 maritima,
1400 4168 1429 4214 et
1454 4158 1609 4230 Pentapolis
1632 4160 1766 4218 mediter·

123 4228 270 4293 roboravit,
299 4226 390 4282 addito
412 4228 493 4281 etiarn
516 4225 663 4280 Cornaclo:
680 4234 769 4279 mitten
792 4226 917 4281 civitates
968 4244 1059 4284 rauca.

122 4301 159 4357 ibi
176 4307 281 4353 tanturm
296 4305 471 4351 recensentur
482 4310 597 4366 quarum
609 4295 806 4364 possessionem
823 4295 917 4349 Fulra·
1003 4299 1083 4355 lli'll.
1104 4300 1169 4367 Quae
1187 4308 1218 4354 ut
1239 4314 1302 4354 sera
1328 4302 1392 4365 sint,
1419 4300 1550 4358 Fulradns
1599 4300 1765 4359 ssesaioraeaa

122 4371 173 4425 dns
194 4366 301 4438 Pippini
322 4365 420 4421 missus
439 4367 497 4420 iniit
520 4365 664 4436 clavesque
682 4365 794 4419 Romam
809 4365 914 4420 detulit.
929 4381 954 4443 ῃ
968 4370 1084 4425 initurus
1105 4372 1244 4426 civitatum
1269 4369 1441 4442 Pentapoleos
1459 4383 1484 4425 et
1498 4371 1558 4425 Enii
1568 4371 1604 4434 ie,
1630 4381 1662 4426 ιιι
1675 4381 1719 4428 ena
1735 4372 1765 4428 la

124 4443 292 4519 Quapropter
307 4436 401 4490 decem
413 4436 536 4491 civitates
554 4435 649 4491 deesse
673 4450 732 4491 com
769 4443 840 4490 rtunt
862 4435 915 4490 crit
966 4441 1027 4496 cod.
1043 4440 1218 4503 i'arnesiano,
1232 4440 1259 4494 in
1276 4442 1452 4496 exarchatum
1464 4449 1690 4524 estpropressas,
1712 4452 1766 4501 act

124 4510 151 4565 in
178 4507 248 4563 ltbr⁰
268 4504 438 4572 ''Onlfficalis
466 4522 526 4576 quae
552 4521 648 4562 omnes
677 4506 704 4560 in
755 4507 915 4561 udoviciann
966 4513 1039 4580 ipsas
1054 4512 1209 4565 claltestam
1223 4510 1440 4566 llabennantinm
1464 4512 1766 4582 urbisquaquediser·

124 4578 270 4658 diplomate
283 4577 466 4645 reperiuntur,
482 4586 579 4646 practer
593 4575 721 4630 Narniam
735 4577 847 4632 ducttns
862 4574 914 4631 llo·
966 4597 1057 4636 sarum
1071 4582 1212 4636 cibitatum
1235 4580 1319 4651 ipsius
1337 4581 1553 4638 llabcnnantiun
1571 4582 1740 4639 exarchatus
1753 4603 1764 4639 ι

125 4649 198 4704 mani
217 4646 364 4712 civitatem,
387 4646 585 4718 cujuscunque
602 4646 801 4718 possessionem
817 4646 915 4701 inierat
967 4653 1079 4707 ltouram
1092 4651 1197 4705 detulit.
1240 4651 1369 4708 divitates
1380 4652 1445 4723 ipsc
1466 4661 1663 4709 enumerantur
1675 4653 1703 4709 in
1720 4668 1767 4709 cn·

124 4718 272 4782 Fulradus,
299 4716 406 4772 tametsi
430 4716 594 4787 postlinrhtic
617 4717 673 4789 96
702 4717 856 4771 reileuntenr
881 4717 914 4772 ad
966 4721 1392 4786 dice,nidlobabitodiscrimine
1408 4723 1609 4793 provinciarum
1625 4725 1767 4793 exareba-

125 4797 227 4845 tidnciae
239 4786 311 4844 sedis
327 4787 456 4843 ditionem
470 4798 588 4843 ueterem
602 4802 617 4841 a
631 4787 776 4842 certatione
789 4802 914 4842 secreve-
967 4803 1020 4847 lits.
1047 4792 1180 4847 Adrianus
1194 4800 1283 4847 autem
1308 4793 1542 4849 nuntiansssnroio
1564 4792 1767 4864 archimimi

124 4867 167 4915 rat
190 4873 197 4913 :
212 4873 296 4929 quare
308 4857 460 4914 ludovicus
481 4866 554 4913 recte
573 4859 643 4913 inter
663 4857 786 4912 civitates
801 4856 914 4911 Reirnani
966 4862 1064 4918 leontis
1076 4862 1243 4917 imasionem
1256 4861 1332 4934 (dod.
1344 4862 1407 4917 Cor.
1419 4878 1463 4933 ep.
1473 4864 1518 4929 st,
1529 4863 1563 4917 al.
1573 4863 1620 4931 bl)
1633 4863 1713 4919 illum
1724 4864 1767 4920 ia·

124 4931 238 4986 ‹lucatns
253 4943 313 4984 cam
326 4938 457 4984 recenset.
472 4929 572 4984 Eadem
584 4944 648 4983 sero
659 4928 688 4983 Pi
709 4927 786 4997 pinna
806 4929 915 4982 ‹bnatio
965 4935 1067 4988 vasisse
1082 4933 1141 4986 ait«
1158 4931 1403 4988 cistransalnitiae
1413 4954 1436 4999 a,
1446 4934 1542 4989 deinde
1552 4933 1767 5004 Pentapoleneet

125 5001 229 5072 iringus
252 5008 306 5054 tam
330 5007 434 5064 exacte,
459 5008 586 5069 mritoque
604 5014 664 5054 curn
684 4944 857 5053 ‹itsrtnnnnc
872 5013 915 5051 rc-
967 5004 1000 5057 ad
1018 5001 1195 5059 delectionem
1216 5003 1391 5066 sollicitasse;
1421 5006 1470 5060 hos
1489 5012 1580 5059 autem
1603 5014 1767 5062 constantes

125 5078 252 5129 censetur
264 5070 292 5124 in
301 5069 455 5139 diplomate,
470 5077 499 5124 ut
512 5072 609 5125 mirum
629 5070 664 5123 sit
679 5085 728 5123 cnr
744 5069 842 5123 erodii
863 5070 915 5123 ihm
966 5074 1147 5144 periuransisse
1161 5074 1187 5126 in
1200 5081 1301 5128 sanctu
1312 5075 1383 5129 sedis
1395 5075 1541 5145 obsequio,
1559 5093 1570 5126 ι
1585 5077 1768 5145 quemadmo-

127 5140 292 5198 recentiores
305 5140 348 5195 vel
366 5140 430 5195 binc
443 5156 458 5194 a
473 5140 634 5211 suspicando
648 5139 681 5194 dc
692 5140 848 5194 sinceritate
858 5137 916 5208 ciris
966 5147 1030 5198 iliam
1045 5145 1207 5198 exstiterunt
1217 5145 1267 5198 sub
1280 5152 1374 5200 nostro
1386 5145 1585 5214 predecessore
1594 5145 1769 5203 domnoSte-

127 5227 180 5267 nun
194 5211 249 5267 sint
265 5210 412 5266 absterriti.
426 5210 505 5265 Enim
516 5226 579 5266 roro
590 5225 742 5280 quanquam
754 5211 839 5264 solam
855 5210 917 5279 Pip-
967 5216 1055 5283 phano
1078 5229 1156 5283 papa,
1180 5215 1223 5269 cni
1238 5228 1277 5267 sa.
1294 5229 1350 5270 rec.
1366 5216 1472 5285 portitor
1498 5223 1561 5271 tuns
1582 5216 1667 5271 simul
1738 5224 1768 5275 el

126 5282 182 5406 pilai
205 5281 377 5337 donationem
398 5279 508 5346 reserat,
533 5290 623 5336 marren
645 5282 766 5337 eamdem
789 5296 842 5334 rron
864 5281 915 5336 soli
966 5284 1095 5353 preclara
1112 5283 1269 5339 excellentia
1288 5291 1333 5339 tna
1347 5285 1434 5354 ipsum
1445 5287 1622 5342 exarchatum
1639 5302 1674 5344 su
1704 5286 1768 5357 iura

148 5351 239 5434 'ppino
262 5351 383 5418 ascribit,
402 5351 450 5406 scd
468 5350 596 5408 Carnium
615 5350 735 5420 eiusdem
757 5351 851 5420 pattici
872 5366 915 5406 em
967 5355 1039 5409 beati
1053 5352 1126 5410 Petri
1139 5354 1350 5424 permanendum
1366 5355 1511 5411 tradidit.»
1543 5355 1607 5413 Pari
1631 5358 1767 5425 naodoia

127 5421 201 5477 laren⁸
214 5421 320 5477 Etenim
331 5421 426 5491 viginti
436 5421 490 5477 illis
501 5421 589 5489 annis,
607 5423 653 5492 qui
668 5421 839 5478 limationem
854 5366 916 5493 inp
966 5425 1018 5480 alia
1031 5426 1143 5495 epistola
1156 5426 1209 5497 (ep.
1224 5425 1269 5490 53,
1287 5425 1323 5479 al.
1335 5424 1381 5491 sb
1392 5426 1545 5495 provinciae
1559 5429 1712 5499 separatim
1722 5444 1768 5485 rev

127 5492 263 5559 pinianum
274 5493 369 5557 secuti,
382 5492 499 5562 primum
512 5491 602 5549 Caroli
615 5494 758 5549 adrentum
775 5493 802 5547 iu
820 5493 915 5550 urbem
967 5506 1068 5562 censet,
1080 5496 1222 5583 perspicue
1247 5497 1346 5551 docens
1365 5496 1535 5554 llarennatcs
1551 5499 1723 5570 populosque
1739 5497 1768 5555 in

147 5575 299 5627 recessere,
313 5560 406 5617 decem
419 5563 602 5629 eaecivitatcs,
615 5580 729 5635 quarum
748 5566 914 5633 posscssica
965 5568 1103 5636 provincia
1115 5566 1225 5621 darnulio
1234 5565 1659 5638 existentesaPentapolensibus
1670 5570 1767 5627 ‹tiatira-

167 5631 309 5698 naubardis
323 5633 392 5688 tradi
407 5634 504 5705 uoluit,
523 5649 593 5704 sepe
609 5636 758 5707 promissae.
777 5653 914 5707 relinquam
966 5648 1024 5695 ctos
1036 5654 1112 5695 csse:
1130 5636 1307 5700 cliulluntex
1319 5636 1475 5696 liavinianis
1485 5641 1527 5699 rel
1538 5638 1670 5710 AEmilia3
1681 5661 1691 5695 ι
1704 5642 1767 5697 init
