3780 6120
148 256 201 313 958
584 255 615 310 Β.
634 253 759 312 cauom
776 252 884 310 asem
900 253 977 310 OPP.
997 251 1086 309 PARS
1102 253 1134 309 tl.
1155 249 1275 311 sacrm
1292 255 1324 310 11.
1721 252 1775 312 dib

186 367 280 424 xxia.
299 366 363 423 Fuit
375 383 407 423 ex
421 368 461 424 eis
474 383 543 424 unus
554 376 581 422 et
595 384 658 437 pars
669 361 765 438 magna
781 365 863 422 lonas
880 365 934 422 Au·
948 372 972 431 Α
986 375 1079 433 ιιιιιι,
1091 369 1168 437 quasi
1181 384 1236 423 non
1248 364 1408 423 necessarias
1422 366 1465 422 ιιι
1477 366 1589 432 norica,
1601 378 1675 437 ergo,
1688 384 1697 420 r
1709 380 1772 437 etc:

149 438 310 495 relianensis
326 437 477 506 episcopus,
495 438 540 505 oui
559 450 591 490 ea
609 440 641 492 de
654 445 811 492 causatum
828 437 934 492 iunctus
986 439 1083 491 docens
1098 452 1144 492 eas
1160 438 1356 493 conservandas
1371 445 1479 490 tantrrm·
1493 432 1665 491 adornatum
1687 448 1715 493 et
1740 440 1775 496 ad

149 516 193 564 est
214 506 358 577 legatione,
382 506 416 563 ad
440 507 587 577 Eugenium
610 507 760 560 Romanurn
781 507 934 574 pontillcem
985 506 1188 561 instructionem
1202 507 1292 577 populi
1308 507 1443 560 historicae
1456 506 1587 560 tenutis.

151 578 252 632 missus
263 591 278 629 a
291 575 378 630 Caroli
390 574 478 644 ilagni
498 576 560 630 liliis
578 576 782 643 imperatoribus
800 575 936 630 Ludotico
1020 574 1146 641 Ejusdem
1168 575 1218 629 init
1241 577 1335 630 classis
1359 573 1530 636 Amalarius‚
1546 573 1694 645 attiguum
1718 578 1776 632 sive

150 653 234 713 atoue
244 643 397 707 clothario,
411 652 441 698 ιιι
453 644 574 712 eusdem
586 644 744 698 Parisicnsis
757 646 935 699 conventiculi
985 644 1154 711 Elisagarus,
1175 640 1375 713 Threuolpbus,
1387 652 1414 698 et
1429 644 1591 713 ildegarius,
1606 651 1636 697 ut
1653 654 1686 698 et
1703 645 1775 702 dicto

149 721 212 768 acta
234 713 393 782 signillmnt.
407 713 456 768 llic
478 714 548 767 enim
571 714 633 767 dum
651 714 781 768 adversus
796 713 936 767 Claudium
986 712 1129 767 barisiensi
1151 714 1267 768 coneilio
1286 714 1335 768 sub
1359 712 1495 767 Ludorico
1520 713 1558 766 im
1577 729 1616 767 er.
1644 724 1772 783 apparet,
1823 747 1827 756 ·

151 781 346 836 Taurinensem
358 783 512 850 episcopum
527 782 658 849 perlldum
677 782 867 837 iconoclastam
880 791 936 851 ιιι·
986 796 1038 836 ntra
1057 796 1117 837 cum
1136 784 1196 836 aliis
1211 785 1255 851 otri
1272 784 1359 837 eidem
1375 783 1476 852 synodo
1491 782 1560 835 inter
1573 791 1680 835 uerunt.
1704 782 1776 838 luter

151 851 207 906 lum
223 851 343 914 exacuit,
357 851 462 906 baecde
478 851 725 933 imaginumcultu‚
739 866 799 920 oute
820 852 853 905 ad
875 867 937 921 pro·
986 852 1036 904 bos
1060 861 1101 906 est
1123 853 1341 905 annumerandus
1355 851 1514 905 llincmarus
1536 849 1699 906 anomaeus
1720 854 1775 923 cpi⁴

150 920 268 990 positum
281 929 467 988 argumentum
478 927 628 988 pertinent,
646 921 672 973 in
687 922 803 975 nretlium
814 921 935 988 profert:
987 935 1093 988 scopus,
1106 922 1167 975 dum
1183 921 1239 974 bac
1254 922 1309 974 ait:
1325 940 1334 969 r
1350 919 1468 987 Septima
1480 928 1569 973 autem
1583 921 1655 988 apud
1665 920 1776 979 Grecos

154 988 247 1042 «illud
259 989 329 1056 quod
341 989 485 1058 imaginum
503 989 659 1042 adoratores
676 990 785 1054 tibi,ad
804 1004 882 1044 suum
895 1005 938 1043 er·
987 998 1081 1043 tocata
1111 989 1271 1044 universalis
1296 990 1515 1058 pseudosynodus
1536 988 1569 1047 de
1591 990 1645 1042 ima
1665 989 1775 1055 inihus,

152 1072 241 1112 rorem
265 1058 456 1121 muniendum,
481 1060 650 1126 respondisse
671 1059 820 1126 scripsisti,
835 1059 873 1110 ita
897 1060 938 1111 in·
987 1074 1054 1128 otras
1065 1005 1776 1139 tpridamcomringerr‘las,tpridamautemaeiorandas

150 1125 329 1195 quiens:Non
342 1135 467 1194 paternus
477 1128 587 1197 imagini
596 1143 676 1195 quam
686 1129 829 1181 adoramus
839 1127 938 1195 aliquid
988 1129 1113 1182 dicebam
1127 1143 1134 1180 :
1147 1137 1241 1180 neutra
1253 1143 1316 1179 vero
1328 1142 1390 1194 pars
1410 1127 1545 1181 intellectu
1560 1141 1626 1180 sano
1645 1126 1777 1183 deliniens

151 1195 240 1252 inesse
256 1196 392 1259 ditinum,
412 1199 457 1251 sel
475 1198 658 1250 tantummodo
676 1213 726 1265 pro
745 1198 847 1251 bonore
863 1195 939 1264 eujus
989 1197 1047 1249 siue
1069 1197 1227 1250 auctoritate
1251 1197 1403 1265 apostoliam
1426 1198 1513 1260 seclis,
1535 1210 1587 1248 non
1613 1197 1693 1267 longe
1715 1206 1777 1252 ante

150 1263 253 1334 effigies
267 1264 337 1328 talis,
352 1279 411 1320 eam
427 1266 767 1330 venerationeadoramus;
781 1282 834 1320 ntra
849 1274 939 1319 autem
990 1274 1079 1319 nostra
1098 1274 1215 1334 tenrpora
1231 1264 1325 1319 liranum
1340 1274 1381 1318 cst
1400 1281 1414 1317 a
1435 1265 1640 1333 qrtamplurimis
1673 1268 1777 1337 episto

152 1333 373 1402 reprehendimus
402 1349 433 1388 ac
464 1335 645 1398 detestaumr;
672 1336 734 1403 qnia
761 1350 824 1388 cum
846 1348 939 1389 comm
989 1336 1031 1403 pis
1046 1335 1136 1387 babitu
1152 1343 1178 1388 et
1196 1335 1307 1388 Romam
1323 1335 1418 1397 missa,
1436 1343 1516 1400 qnam
1533 1333 1613 1388 etiarn
1636 1350 1705 1405 papa
1726 1337 1779 1389 llo·

153 1403 296 1458 scientiam
315 1418 369 1455 non
392 1404 599 1472 subterlrrgerit,
615 1404 778 1471 imaginibus
796 1404 864 1457 nibil
882 1417 941 1457 esse
990 1418 1086 1457 manns
1110 1404 1136 1456 in
1159 1404 1299 1474 Franciam
1322 1404 1427 1457 eliserit.
1448 1403 1524 1457 Unde
1546 1412 1667 1472 tempore
1689 1404 1778 1460 Caroli

154 1471 250 1534 divini,
260 1471 353 1539 majori
366 1471 438 1539 digni
450 1482 513 1525 sunt
524 1472 685 1533 invectione,
696 1487 729 1526 eo
739 1472 811 1541 quod
821 1473 940 1526 debitum
992 1470 1079 1541 llagui
1096 1473 1281 1540 imperatoris,
1295 1472 1418 1540 jussione
1432 1472 1585 1538 apostolicae
1596 1472 1683 1532 sedis.
1700 1490 1780 1544 genc-

152 1539 284 1594 bonorem
309 1538 442 1592 divinitati
467 1540 645 1608 impenderint
675 1540 781 1595 intirmo
807 1547 835 1593 et
857 1555 941 1610 egeno
992 1542 1055 1594 ralis
1068 1544 1187 1610 synotbrs
1203 1543 1230 1594 ia
1244 1541 1367 1603 Francia,
1381 1540 1578 1595 Franroiordiae
1589 1541 1704 1608 seilicet,
1719 1554 1779 1598 con·

152 1607 308 1662 siumiacro.
323 1607 511 1676 Qanturnque
529 1609 608 1677 hujus
629 1611 729 1664 erroris
746 1618 892 1664 sectatores
910 1624 941 1663 ac
992 1619 1106 1664 vocante
1118 1611 1230 1678 praelato
1246 1611 1414 1691 imperatore,
1433 1611 1574 1669 celeusma,
1589 1620 1617 1664 et
1631 1610 1778 1666 secundum

154 1675 308 1730 defensores
321 1693 336 1729 a
350 1693 413 1730 vera
425 1680 576 1733 exorbitent
595 1680 737 1746 religione,
752 1695 804 1732 non
817 1694 884 1747 opus
902 1686 943 1732 est
960 1693 979 1750 g
994 1680 1187 1748 scripturarum
1210 1686 1364 1743 trarmtem,
1383 1679 1606 1746 traditionemque
1628 1679 1777 1749 malorum.

153 1757 202 1814 per
214 1746 319 1866 stapulo
330 1761 389 1800 urea
401 1747 538 1803 declarare
549 1749 710 1802 narratione.
721 1749 749 1802 ld
762 1750 850 1816 ipsum
861 1748 942 1802 etiam
995 1749 1051 1817 ipsa
1066 1746 1220 1802 Grmcoram
1239 1748 1458 1827 pseudosynodus
1475 1749 1608 1801 destructa
1628 1755 1655 1803 et
1672 1750 1779 1819 penitam

155 1814 473 1880 nonnuliOrientalium,
484 1818 530 1884 uui
543 1818 637 1872 codem
650 1818 857 1872 sceleratissimo
868 1832 944 1870 nran·
993 1818 1124 1871 abdicata.
1148 1818 1185 1870 lle
1205 1832 1282 1885 cupas
1302 1817 1483 1871 destructione
1503 1831 1556 1869 noer
1579 1819 1714 1873 modicum
1734 1834 1780 1874 ro-

154 1883 280 1951 cipautur
291 1885 395 1947 errori,
410 1901 440 1939 se
451 1885 655 1956 objurgantibus
670 1888 830 1954 respondere
844 1887 941 1941 solent.
993 1887 1093 1950 innuen,
1106 1887 1177 1953 quod
1189 1887 1216 1939 in
1226 1886 1324 1954 palatio
1337 1886 1550 1940 adolescentulus
1563 1886 1625 1957 legi,
1638 1888 1779 1943 abeodem

156 1951 268 2007 'l'ribtut
294 1952 424 2008 ὓοιιιίιιι
449 1968 498 2009 sua
516 1957 632 2024 gratuita
657 1957 772 2024 pietate,
788 1963 818 2009 ut
838 1957 943 2009 tandem
994 1957 1155 2023 imperatore
1182 1952 1294 2009 Romam
1320 1964 1361 2009 est
1385 1969 1433 2023 per
1474 1956 1599 2008 uemdam
1623 1957 1780 2026 episcopum

155 2020 302 2089 aliquando
313 2031 340 2076 et
360 2023 404 2076 isti
419 2031 447 2077 et
461 2025 499 2079 illi
516 2026 551 2077 ab
567 2025 660 2079 eadem
674 2033 803 2079 eruantur
815 2025 944 2093 sopersti-
994 2027 1115 2078 missum.
1132 2044 1142 2075 r
1158 2025 1191 2077 Et
1203 2024 1282 2093 paulo
1294 2033 1354 2092 post
1366 2025 1399 2078 de
1413 1969 1490 2077 titan
1506 2024 1667 2078 universalis
1682 2027 1777 2096 synodi

156 2091 243 2149 done.
266 2100 293 2145 et
311 2093 465 2159 apostolicis
484 2093 632 2161 disciplinis
652 2094 796 2148 salubriter
819 2093 944 2148 instructi
994 2094 1044 2147 ista
1072 2095 1206 2147 subnectit
1223 2108 1250 2146 :r
1267 2093 1433 2147 Arrctoritate
1455 2092 1545 2160 itaque
1568 2092 1648 2161 bajus
1673 2095 1778 2164 synotb,

156 2160 293 2214 traditioni
316 2171 475 2216 revocentur
489 2164 707 2218 ecclesiastice.»
723 2163 807 2225 idom,
821 2163 853 2215 de
867 2161 944 2214 Culte
994 2160 1241 2216 l'rancoiortliensis
1270 2163 1411 2224 videlicet,
1441 2162 1562 2215 nonnihil
1588 2177 1711 2230 repressa
1740 2172 1781 2218 est

155 2228 247 2306 inrue,
269 2229 316 2283 lib.
341 2231 420 2300 1.)Et
439 2232 520 2300 praelo
542 2233 652 2287 inlerius
669 2232 703 2285 ad
717 2230 873 2294 Claudiana,
898 2231 944 2298 qui
994 2231 1141 2300 itnaginum
1163 2231 1325 2286 veneratio:
1350 2232 1397 2285 sed
1411 2237 1503 2284 tamen
1526 2230 1659 2286 Adrianus
1684 2240 1712 2287 et
1735 2233 1781 2287 alii

156 2298 287 2363 erasarum
297 2299 440 2368 imaginum
454 2303 610 2355 adoratores
621 2301 774 2356 idololatras
784 2301 942 2369 appellabat,
991 2301 1134 2368 pontillces
1151 2301 1177 2353 in
1194 2314 1241 2354 sua
1256 2300 1381 2369 opinione
1398 2308 1617 2367 perseverarunt,
1634 2310 1661 2354 ct
1673 2309 1781 2356 mortuo

157 2365 377 2434 irresolutum«
395 2369 628 2437 illiouinimioct
645 2370 944 2426 iuliscretoamureolr
993 2369 1099 2432 tlarolo,
1115 2381 1387 2438 suammpuppamm
1401 2368 1502 2422 cultum
1517 2369 1703 2424 vehementius
1735 2387 1779 2424 ro·

157 2433 287 2489 bonorem
308 2445 463 2493 sanctorum
484 2439 644 2508 imaginibus
662 2440 833 2508 supplicant,
853 2439 945 2492 neseio
994 2447 1154 2502 munerum,
1182 2439 1249 2492 adeo
1273 2446 1302 2491 ut
1326 2437 1477 2492 Ludovicus
1501 2437 1588 2490 Caroli
1615 2438 1687 2493 dlius
1712 2386 1782 2493 Kirra

157 2517 193 2557 an
208 2511 308 2559 temere
321 2505 467 2562 idololatrae
482 2509 666 2563 sintrocandi.
679 2510 808 2562 Videntur
822 2523 887 2563 sane
899 2522 946 2575 po-
994 2508 1072 2576 longe
1089 2508 1185 2561 acriori
1199 2508 1346 2562 insectatus
1365 2509 1401 2561 sit
1419 2507 1563 2576 imaginum
1576 2507 1678 2561 cultum
1700 2520 1781 2576 quam

158 2573 212 2626 tius
224 2573 259 2626 ab
273 2574 323 2629 bac
341 2577 541 2656 strperstitionc,
559 2578 678 2633 adhibito
695 2579 806 2632 rationis
824 2578 945 2631 modern·
993 2576 1144 2630 Carolus.»
1175 2575 1300 2646 (ilicem.
1325 2586 1448 2629 contra...
1465 2578 1555 2645 episc,
1572 2576 1698 2699 awti.)
1720 2578 1782 2632 llaec

158 2642 730 2715 minerevocantis,qrramidololatrae,cum
741 2647 945 2714 miquesancta
994 2645 1108 2726 ipse,et
1120 2653 1193 2700 certe
1207 2646 1288 2698 nimis
1302 2644 1465 2709 inconsulte,
1481 2653 1562 2712 atoue
1575 2660 1598 2696 a·
1659 2653 1779 2710 temere;

159 2710 300 2767 Trinitatis
325 2713 404 2768 ladem
432 2717 563 2770 verenter
588 2719 699 2772 credant
725 2725 751 2770 ct
779 2717 942 2783 praedicent,
993 2729 1017 2767 ιι
1035 2716 1105 2768 enim
1126 2716 1183 2782 ipsa
1206 2714 1324 2783 legitima
1351 2720 1410 2768 acta
1435 2713 1548 2767 Nicanore
1565 2713 1683 2782 synodi,
1702 2729 1781 2783 quam

158 2783 339 2849 rrrrrrcupanli.
356 2783 459 2839 Cretera
479 2801 542 2839 tero
568 2785 595 2838 in
617 2787 709 2841 eadem
734 2785 881 2840 assertione
900 2792 944 2838 tua
993 2786 1061 2838 adeo
1078 2787 1225 2853 irrepugnat,
1246 2784 1413 2851 inspexisset,
1434 2782 1562 2852 styluma
1584 2790 1656 2837 unta
1670 2784 1781 2838 insulta·

159 2848 261 2904 iaciunt
286 2853 424 2906 utibiscum
438 2893 446 2918 ,
462 2862 513 2908 etc.
530 2875 539 2906 s
560 2854 624 2916 lieu
665 2855 753 2908 nidero
778 2852 880 2917 Jonas,
897 2854 944 2921 qtri
994 2853 1067 2906 tione
1080 2853 1265 2915 continuisset,
1280 2861 1306 2904 et
1320 2852 1408 2920 tnagis
1417 2851 1507 2906 sobrie
1519 2866 1576 2904 rem
1592 2853 1704 2922 egisset.

158 2933 220 2971 ctrrn
232 2919 394 2973 validissime
404 2932 504 2992 pugnet
514 2872 788 2978 amersnsilandtum
799 2923 944 2991 imaginum
1029 2922 1123 2975 xxxi.
1144 2922 1297 2974 Anastasius
1308 2919 1430 2990 srrpgillot
1440 2918 1556 2974 Francos
1569 2922 1706 2989 septirrrmrr
1720 2938 1782 2991 rgu-

159 2985 338 3050 effractorem,
354 3006 429 3057 aeque
444 2993 561 3060 exagitat
576 2999 604 3046 ιι
622 2993 777 3062 perstringit
791 2992 943 3045 earumdem
958 3023 980 3083 c
996 2992 1074 3044 ιιιιιιι
1106 3006 1158 3043 acra
1177 2990 1334 3057 recipientes.
1346 3016 1381 3028 -
1391 2989 1429 3043 lle
1452 2989 1495 3042 bis
1513 2989 1623 3058 mrrtlem
1637 2990 1780 3060 inteiligit,

159 3055 291 3120 cultores,
307 3057 372 3110 illul
393 3075 529 3123 asserens,
544 3062 674 3129 imagines
695 3062 722 3113 in
742 3061 864 3114 ecclesiis
881 3075 946 3114 con·
998 3060 1047 3114 bos
1067 3076 1100 3113 ue
1112 3072 1206 3112 ornnes
1220 3059 1343 3125 suggillat
1355 3058 1511 3112 Anastasius
1518 3057 1742 3114 bibliothecarius
1755 3062 1781 3113 ia

159 3125 324 3187 serrandus,
343 3134 398 3180 turn
419 3129 451 3181 ad
470 3138 595 3183 ornatum
618 3131 734 3199 ipsarum
752 3128 945 3191 ccclesiarum,
1016 3145 1052 3182 rae
1065 3148 1069 3160 ·
1080 3129 1155 3183 tione
1180 3141 1260 3195 quam
1274 3127 1404 3195 promousit
1420 3129 1538 3196 septiens
1557 3129 1694 3196 syrtodoa
1710 3143 1740 3183 se
1755 3130 1781 3182 iu

161 3200 218 3245 tunt
230 3200 257 3246 ct
271 3196 304 3248 ad
325 3197 415 3262 populi
438 3197 591 3251 instoricam
611 3199 813 3251 instructionem
826 3212 835 3250 t
847 3199 945 3265 idone,
1034 3199 1122 3251 tinum
1137 3196 1290 3261 translata,
1310 3197 1441 3259 domuit,
1455 3196 1576 3251 scribens
1596 3197 1635 3250 ad'
1652 3196 1783 3251 loannem

161 3268 191 3314 ut
203 3262 303 3325 ait,ex
317 3267 448 3318 setrtcntia
462 3268 548 3320 sancti
560 3266 680 3336 Gregorii
699 3282 788 3335 papae,
805 3267 947 3321 scribentis
996 3277 1121 3321 ocmrum
1141 3266 1291 3319 llonraeum
1311 3264 1587 3332 pontificemrroure
1608 3267 1681 3321 enim
1705 3280 1783 3336 super

162 3330 196 3409 nd
223 3330 353 3386 Serenam
380 3334 570 3390 Massiliensem
602 3337 765 3404 episcopum.
808 3335 860 3390 Sed
885 3350 946 3389 cum
997 3335 1188 3390 uenerabilium
1201 3334 1347 3402 imaginum
1362 3335 1517 3388 adoradonc
1530 3348 1650 3402 praesens
1666 3352 1679 3390 s
1698 3339 1783 3390 nodus

162 3398 232 3454 tdcm
248 3401 446 3468 ipseadversus
462 3407 584 3459 eumdem
600 3406 740 3460 Claudiurn
758 3405 873 3459 disserat
890 3412 948 3458 teto
998 3406 1083 3462 docet.
1103 3403 1211 3457 bienna
1228 3403 1417 3467 scilicct‚l1aec
1434 3412 1461 3458 et
1479 3403 1625 3471 apostoliea
1690 3420 1724 3460 es
1740 3420 1783 3459 re·

161 3467 207 3522 illo
226 3472 296 3538 quod
320 3472 452 3541 reliquum
478 3482 520 3528 est
538 3473 595 3542 ejus
619 3475 731 3543 operis,
753 3481 780 3526 et
804 3475 948 3544 indaginem
998 3484 1068 3536 aua,
1084 3473 1153 3526 sicut
1170 3471 1296 3524 nonnulla
1318 3473 1470 3541 conscripta
1482 3473 1612 3535 innuunt,
1636 3474 1784 3543 antiquitus

161 3546 261 3593 sarrctu
280 3540 368 3594 crucis
387 3543 549 3597 adorandam
566 3561 626 3599 esse
644 3544 798 3607 consternet,
814 3545 901 3599 nitens
920 3543 947 3596 ia
999 3543 1104 3606 tenuit,
1119 3549 1147 3595 et
1157 3540 1317 3595 universalis
1327 3538 1447 3596 Ecclesia
1467 3551 1572 3610 seraper
1585 3550 1713 3597 venerata
1728 3551 1782 3607 ιιι,

160 3606 256 3674 primis
273 3611 432 3666 auctoritate
449 3612 569 3680 e=jrrsdcrn
584 3614 669 3668 sancti
690 3612 809 3682 Gregorii
829 3629 906 3681 pupae
921 3620 949 3666 et
998 3621 1025 3667 et
1036 3612 1163 3665 hactenus
1175 3617 1326 3674 veneratur,
1338 3611 1495 3678 quibusdam
1506 3612 1636 3665 uurrtarar
1648 3612 1783 3666 Gallorum

114 3744 116 3748 Ι
160 3676 301 3732 catlarlicae
320 3679 446 3736 Ecclesiae
466 3683 608 3738 traditione.
635 3699 642 3736 ε
671 3690 754 3736 totum
777 3685 847 3750 orsod
866 3680 949 3736 aedlli·
997 3681 1133 3748 exceptis,
1149 3680 1259 3748 quibus,
1273 3680 1366 3747 utique
1384 3681 1502 3734 uondtrm
1515 3687 1556 3733 est
1574 3680 1670 3734 barrrm
1684 3682 1784 3736 tttilitet

162 3754 256 3811 cerat,
280 3748 410 3810 destruit,
435 3752 475 3803 ιιι
497 3754 585 3819 potios
610 3753 689 3821 erigit
709 3753 779 3819 qood
806 3750 876 3805 maie
904 3751 949 3804 da·-
999 3749 1220 3804 roselatataiunt
1236 3749 1434 3816 namquequod
1451 3750 1552 3802 nonsit
1565 3750 1704 3817 quodlibet
1719 3764 1784 3820 opus

161 3821 298 3869 struxerat
313 3834 319 3869 .·
334 3833 395 3873 nam
414 3821 436 3874 si
455 3822 543 3875 crtrcis
563 3823 651 3891 imago
671 3823 873 3885 coadoranda,
900 3835 949 3873 cur
998 3833 1124 3873 manuum
1139 3817 1277 3872 bominum
1296 3819 1460 3872 adorandum
1473 3835 1481 3880 ;
1494 3819 1569 3885 quasi
1582 3820 1685 3873 transit
1701 3821 1784 3875 codex

162 3898 215 3937 nun
228 3884 326 3940 Christi
341 3888 429 3953 iomgo
440 3890 540 3957 pariter
552 3899 593 3944 est
603 3891 679 3944 colcu
690 3891 730 3943 'al
998 3887 1202 3955 euangeliorum
1215 3902 1282 3954 opus
1295 3902 1422 3940 manuum
1435 3888 1587 3948 mumurati,
1603 3902 1686 3955 quem
1698 3889 1784 3959 quob·

197 3953 281 4007 xxti.
309 3955 455 4025 scarp-mm
475 3970 500 4011 et
521 3959 568 4012 clii
592 3961 648 4028 ejus
670 3959 781 4029 ceruales
807 3958 949 4011 aduersarii
999 3959 1041 4010 cie
1054 3957 1205 4010 osculantes
1216 3957 1336 4020 adorant,
1348 3957 1525 4010 venerabilior
1539 3957 1624 4018 cauis.
1638 3972 1784 4026 utremuort

161 4023 277 4090 reptare
306 4027 414 4093 synodo.
451 4027 610 4082 Hincmorns
640 4029 803 4081 eritrerscrirts
835 4027 949 4096 septimae
999 4042 1059 4080 esse
1074 4041 1142 4093 opus
1159 4039 1284 4079 manuum
1300 4024 1547 4094 heminamprocui
1566 4027 1647 4081 dubio
1668 4042 1722 4081 non
1741 4041 1786 4082 tte

163 4091 273 4158 spaodo.
286 4094 453 4164 -Ejusdem
472 4098 551 4165 plane
569 4098 707 4152 sententiae
722 4096 805 4151 luisse
818 4096 950 4163 reperitur
999 4098 1110 4163 gabant.
1128 4094 1256 4148 Similiter
1273 4103 1300 4148 et
1321 4095 1406 4149 [orma
1422 4105 1521 4149 sancta
1533 4095 1636 4160 crucis,
1656 4111 1739 4164 quun
1757 4109 1785 4150 se

164 4159 310 4217 Wallridus
332 4162 569 4233 Str·abo‚ejusdern
588 4167 678 4221 sarculi
701 4174 804 4229 artetur,
820 4166 865 4232 uui
883 4165 949 4217 duas
998 4167 1110 4219 adorare
1133 4179 1227 4218 omnes
1247 4165 1345 4232 ubique
1366 4163 1513 4218 Cbristiani
1535 4163 1663 4229 latentur,
1685 4165 1712 4219 in
1733 4176 1786 4233 qua

163 4229 265 4298 pariter
289 4232 389 4289 classes
412 4238 437 4289 in
462 4237 503 4290 bis
520 4237 666 4289 errantium
689 4237 868 4297 constituens,
891 4234 947 4288 ait:
999 4235 1123 4288 ridelluet
1143 4233 1313 4288 considerare
1335 4234 1417 4296 libet,
1434 4234 1495 4302 quia
1515 4234 1537 4286 si
1559 4234 1710 4301 quamlibet
1725 4248 1786 4288 crta·

166 4317 175 4348 t
192 4297 267 4354 Nunc
277 4299 333 4368 jam
347 4304 379 4357 dc
392 4305 552 4374 imaginibus
566 4314 592 4360 ct
607 4305 737 4372 picturis,
758 4305 855 4371 quibus
868 4303 948 4356 alecus
998 4319 1058 4358 cern
1075 4318 1185 4357 auream
1202 4310 1249 4355 aut
1261 4312 1414 4372 argenteam
1431 4312 1478 4356 aut
1490 4303 1605 4371 ligneam
1618 4303 1783 4365 ammanus,

162 4369 337 4424 ecclesiarum
362 4383 483 4443 augetur,
504 4373 616 4429 dicenda
639 4382 701 4427 sunt
720 4373 823 4441 aliquam
838 4372 900 4440 quia
922 4380 949 4426 et
963 4348 986 4408 ⁰
998 4388 1060 4441 quaa
1072 4374 1164 4440 utique
1182 4387 1235 4425 non
1253 4374 1345 4426 eadem
1366 4380 1409 4425 est
1430 4372 1487 4441 ipsa
1502 4388 1567 4425 crux
1590 4371 1618 4424 iu
1638 4387 1693 4441 qua
1714 4372 1787 4427 saltn

163 4451 256 4492 aarum
278 4441 395 4495 varietas
418 4458 467 4496 nec
482 4445 596 4511 atrociam
621 4444 693 4498 cultu
709 4443 884 4496 immoderato
902 4458 949 4497 co-
999 4449 1090 4496 uostra
1104 4450 1196 4510 parata
1220 4449 1279 4504 est,
1293 4443 1339 4496 sed
1355 4442 1439 4522 ligura
1459 4450 1486 4496 et
1504 4441 1592 4510 imago
1608 4441 1668 4509 ejus
1681 4455 1689 4495 :
1703 4456 1787 4510 quare

162 4501 240 4562 lenda
255 4517 306 4572 cst,
324 4517 353 4563 ut
366 4513 524 4578 quibusdam
544 4513 634 4568 stultis
652 4513 772 4577 videtum
790 4527 839 4565 nec
851 4512 947 4566 itemm
998 4528 1052 4566 non
1064 4513 1209 4565 adoremus
1219 4511 1330 4580 figuram
1342 4520 1369 4564 ct
1380 4526 1431 4564 rma
1451 4513 1521 4565 'nem
1534 4509 1592 4578 ejus
1641 4510 1787 4566 ieamdent

162 4577 321 4644 speciositas
342 4581 392 4633 ista
417 4590 458 4635 cst
477 4583 594 4650 ‹puodarn
613 4582 739 4650 despectu
757 4581 904 4646 calcanda,
920 4589 950 4636 ut
999 4582 1112 4637 salutem
1131 4589 1256 4648 operatus
1278 4588 1319 4634 est
1342 4581 1371 4634 in
1388 4526 1476 4635 medio
1493 4581 1586 4634 terrac?
1624 4580 1787 4635 enerabilior

162 4646 271 4726 quidam
296 4650 423 4704 vanimtis
444 4660 591 4706 assertores
612 4652 801 4707 existimant.»
828 4650 861 4704 Et
883 4649 950 4705 inie-
999 4665 1115 4718 namque
1128 4658 1170 4704 cst
1188 4650 1357 4716 quisalutern
1370 4658 1512 4717 operatus;
1529 4664 1621 4719 acper
1634 4649 1687 4704 boc
1701 4649 1788 4732 magis

163 4730 239 4769 nus:
255 4734 264 4765 r
279 4715 430 4773 Notandum
445 4737 508 4776 reru
528 4722 599 4789 quod
620 4722 688 4777 sicut
713 4721 821 4789 quidam
842 4722 949 4775 casdem
1000 4730 1041 4776 est
1051 4720 1206 4774 adoratione
1216 4720 1294 4788 digna
1306 4721 1394 4789 imago
1404 4718 1503 4773 Christi
1515 4719 1628 4774 salutem
1639 4727 1784 4787 opcmnms,

163 4783 294 4855 imagines
317 4788 387 4842 ultra
409 4805 489 4858 ettam
513 4792 580 4848 satis
604 4800 645 4847 est
660 4798 836 4854 venerantur,¹
848 4790 884 4843 ita
904 4790 950 4843 alii
999 4805 1080 4858 quam
1092 4789 1275 4858 imrgocrucis
1288 4788 1400 4843 salutem
1413 4789 1595 4843 tantummodo
1607 4788 1785 4856 adommin·

165 4853 228 4907 durn
252 4856 343 4911 rolant
361 4861 495 4916 cautiores
516 4863 543 4915 in
566 4862 694 4932 religione
720 4860 824 4922 videri,
849 4859 908 4914 illas
921 4866 950 4912 ut
1000 4860 1064 4916 llaec
1085 4857 1244 4912 Anastasius
1267 4859 1395 4913 curemus
1415 4856 1530 4912 Nitaente
1549 4858 1643 4928 synodi
1661 4859 1789 4913 adversa·

163 4926 293 5048 agam
307 4929 463 4985 idololatria
480 4931 584 5000 specics
595 4939 747 5000 respuant·
761 4939 813 4984 etc.
827 4928 948 4999 (wolin,
1000 4931 1065 4984 rios.
1080 4928 1119 4981 Ex
1138 4943 1192 4996 quo
1214 4928 1279 4982 illud
1296 4928 1397 4996 pariter
1414 4927 1540 4996 accepisti
1559 4928 1631 4995 quod
1643 4928 1789 4983 observare

213 4993 276 5051 liele.
300 4999 401 5064 eccles„
422 5017 482 5069 cap.
505 5001 542 5070 8).
567 5002 658 5056 Citans
672 5009 761 5055 antem
777 4999 889 5054 concilia
904 4999 952 5052 ad·
1000 5000 1098 5061 debes,
1122 5013 1160 5051 ne·
1178 4998 1330 5067 decipiaris)
1353 5012 1405 5050 non
1427 4997 1549 5050 universa
1560 5011 1603 5051 eru
1619 4995 1787 5051 Gallicanam

164 5079 258 5119 vcrsrts
274 5067 454 5125 destructores
473 5071 620 5141 imaginum
634 5071 740 5132 balrim,
760 5070 874 5125 reticens
888 5083 951 5122 rere
1000 5068 1147 5123 Ecclesiam
1166 5082 1199 5120 eo
1222 5068 1304 5119 irrisae
1327 5081 1418 5119 crrorr.
1438 5065 1613 5134 inrplicitam,
1633 5065 1681 5119 sed
1695 5064 1789 5188 wlnod

165 5133 209 5186 illa
227 5149 287 5203 quat
306 5152 355 5206 pro
378 5141 522 5210 imaginum
544 5142 616 5196 cerritu
640 5141 748 5195 bierunt
777 5149 855 5194 anun
882 5138 951 5192 cele·
1001 5139 1070 5194 idem
1092 5138 1132 5190 ait
1151 5136 1325 5206 annastasius)
1348 5138 1482 5204 quosdam
1500 5137 1630 5188 dttntartat
1648 5133 1697 5188 Gal
1727 5148 1788 5188 ram

165 5202 250 5263 irrata.
272 5205 328 5275 jam
350 5209 429 5277 plane
449 5210 526 5278 cujtrs
546 5213 603 5281 ipsc
626 5211 718 5265 larium
738 5209 835 5272 luerit,
851 5208 951 5276 Equitio
1002 5206 1084 5262 luisse
1097 5205 1155 5275 eins
1166 5222 1297 5275 perversae
1310 5206 1448 5259 serrtcntim
1462 5212 1608 5259 sectatores
1620 5244 1627 5270 ‚
1639 5203 1788 5274 suggillans

165 5281 206 5326 est
220 5276 359 5344 aspicere,
376 5281 438 5334 dum
451 5289 478 5334 et
502 5281 576 5335 illum
602 5290 705 5335 tanturn
727 5279 855 5334 bonorem
875 5279 952 5332 docet
1001 5293 1047 5332 ιιι
1061 5294 1129 5342 crutis
1143 5277 1267 5345 superius
1283 5275 1488 5328 nourinarimus.

166 5343 251 5398 sacris
270 5346 432 5417 imaginibus
448 5350 627 5413 tribuendum,
644 5351 735 5404 sinon
750 5348 910 5417 dejiciantur
925 5355 952 5401 ιι
1036 5346 1142 5401 lllllill.
1164 5346 1201 5400 lle
1213 5346 1321 5399 Adrimd
1343 5346 1469 5399 metentis
1492 5343 1559 5414 qaid
1571 5342 1712 5413 garrierirrt
1736 5341 1789 5395 od·

166 5414 372 5481 tarrrculccntur·;
396 5436 458 5473 nant
481 5421 571 5474 strlrtlit
585 5434 591 5472 :
607 5438 616 5470 r
632 5419 690 5475 Non
709 5427 772 5473 sutrt
791 5415 952 5473 cornimodis
1002 5418 1118 5470 camarii.
1146 5415 1283 5469 Cairtmaic
1308 5423 1398 5483 puteas
1425 5413 1453 5466 ia
1485 5412 1688 5466 Adriorrarrt.-
1715 5411 1788 5478 Quo-

167 5478 271 5536 bonesti
296 5494 323 5539 ct
345 5490 475 5543 moderati
496 5490 641 5557 inraginum
661 5490 776 5544 bonores
789 5485 951 5558 alrjicicndir
1002 5486 1073 5540 nimn
1095 5501 1157 5540 sero
1178 5486 1258 5539 iidem
1272 5484 1321 5553 ipsi
1345 5484 1389 5553 qtri
1407 5482 1521 5537 Nicaeum
1543 5482 1645 5552 synodo
1662 5481 1789 5536 aduersa¹

167 5550 189 5602 ιι
210 5553 280 5607 enim
303 5555 362 5610 idco
382 5558 443 5626 quia
465 5559 587 5614 novinrus
605 5574 658 5620 non
677 5560 827 5614 aderarnias
839 5574 889 5613 ιιι
907 5572 952 5611 co·
1002 5553 1117 5615 bantur,
1140 5554 1286 5608 Adrianunr
1314 5567 1420 5623 (tuoque
1448 5552 1596 5606 lloumnom
1633 5552 1788 5621 paunteau

168 5614 260 5676 luridas
283 5623 394 5690 iconas,
420 5629 608 5685 conculcanda
628 5636 690 5683 suin
719 5638 745 5685 ct
768 5628 886 5686 edenda
912 5625 953 5696 pi-
1003 5624 1234 5694 prmstriugcbant,
1248 5624 1460 5692 quemamodum
1470 5623 1659 5689 munemne
1668 5621 1789 5677 sarens,
