3780 6120
121 329 188 384 tel-t
523 327 614 383 Lllllll
632 321 805 383 enituerat.
826 351 862 364 ·-
880 317 992 376 caeti.
1013 317 1058 374 ite
1076 318 1172 376 idid.
1193 349 1228 360 —
1248 319 1313 376 Llll.
1332 321 1354 376 Ι.
1690 323 1761 380 {0²22

119 440 261 507 nronstris,
279 448 307 494 et
318 438 446 496 mellidoa
456 441 657 510 predicationis
669 439 764 510 poeula
775 436 916 493 catholicis
929 437 953 496 Α
968 434 1045 504 sequi
1059 441 1165 499 corant,
1187 434 1257 490 sicot
1277 433 1324 488 illo
1339 435 1481 504 pervenire
1496 451 1551 506 tpro
1564 435 1608 495 ille
1617 435 1764 493 clavicula-

118 554 169 611 per
179 538 274 592 orbem
288 534 423 589 ministrat
435 533 573 590 Ecclesiis.
590 533 658 589 b'am
671 533 843 589 beatissimus
858 529 919 585 iiie
968 524 1026 580 rius
1038 531 1137 590 exstat,
1158 525 1321 580 desiderant.
1340 523 1381 578 hd
1397 541 1480 594 uuam
1497 507 1696 582 beatitudinem¹
1716 544 1764 583 uos

119 641 261 699 roupmus,
275 625 317 679 vir
330 624 429 679 divinis
442 624 548 694 legibus
565 631 593 679 et
604 623 749 678 multatum
765 622 917 691 linguarum
968 616 1119 684 pervenire,
1131 623 1158 670 et
1171 616 1198 670 iu
1210 625 1310 670 saneim
1326 615 1453 671 Ecclesia
1468 618 1605 671 consortio
1622 625 1650 671 ct
1666 617 1765 672 unione

119 718 219 787 peritia
235 716 368 781 eruditus,
392 716 456 771 dum
471 715 701 770 lietblebenritsscis
719 722 872 769 moraretur
890 712 918 766 iu
970 704 1014 759 lile
1037 721 1085 760 ties
1107 705 1189 761 leclel
1206 720 1392 776 perseverare,
1410 706 1456 774 uiti
1478 706 1626 761 Ecclesiam
1642 722 1719 762 suam
1738 707 1765 761 in

138 806 202 867 eris,
221 815 247 861 ιι
262 820 277 859 a
296 806 377 861 beato
393 819 460 875 papa
478 806 593 861 Damaso
609 805 702 860 llornae
714 804 802 874 posito
821 805 854 859 dc
868 799 919 858 dil·
970 795 1051 852 Petro
1076 797 1202 868 diguatus
1223 805 1265 852 est
1282 796 1415 852 lucidare:
1436 805 1464 851 et
1489 797 1548 867 ipso
1571 799 1766 854 interveniente

158 899 238 954 'libus
252 897 439 954 consuleretur
458 897 662 966 qtraustionibus,
681 912 743 952 eum
763 912 812 967 pro
830 895 920 951 causis
970 889 1047 951 titus
1070 887 1207 943 cathedre&
1230 902 1323 942 sumus
1347 902 1493 956 seditem,
1519 888 1595 958 ιιιιιί
1616 889 1764 955 walorum.

129 992 184 1046 atei
197 1006 275 1046 versa
288 991 346 1046 vice
360 988 527 1046 consuluisse
537 990 714 1060 dignoscitur,
725 998 753 1044 οι
764 990 820 1044 sii-e
831 996 921 1044 moen.
970 977 1047 1047 cujus
1061 978 1106 1033 ille
1120 978 1238 1048 claviger
1252 976 1339 1033 lactus
1356 987 1413 1043 est,
1433 994 1587 1034 mereantur
1601 979 1670 1035 edici
1692 995 1766 1036 cour·

121 1083 218 1137 larum
235 1083 292 1137 sire
305 1080 481 1136 dicendarum
501 1080 694 1151 hypostaseon,
714 1080 757 1136 vel
771 1080 869 1149 quibus
891 1079 918 1134 in
970 1080 1058 1140 boles-

119 1169 306 1227 Orientalibus
325 1171 448 1242 partibus
469 1171 670 1226 cominouicare
691 1171 788 1226 debeat
803 1169 919 1225 humilli-
1268 1160 1385 1217 CAPUT
1407 1160 1458 1215 i'll.

120 1263 175 1318 ¹⁰¹⁸
187 1263 309 1334 ¹¹1>icillus
326 1270 357 1316 ¹¹1
369 1262 460 1332 apices
471 1261 587 1333 milli-¹¹
598 1263 768 1332 depfflffllul·
795 1260 920 1315 ffifflfflss
972 1272 1049 1340 Quod
1076 1289 1128 1327 nott
1155 1273 1190 1326 od
1217 1272 1368 1326 adorandae
1393 1271 1519 1340 imagines
1545 1270 1674 1340 pertineat
1696 1271 1766 1340 qtrod

120 1363 150 1411 et
169 1355 275 1426 magnis
291 1353 461 1425 predicanda
481 1355 634 1423 preconiis.
660 1353 812 1424 littei-mgni
830 1369 846 1408 a
865 1368 920 1423 qt..)
1006 1345 1191 1425 scriptumest,
1205 1342 1313 1398 Crearit
1328 1342 1399 1423 Deus
1416 1343 1552 1395 lrouriuenr
1571 1341 1605 1395 ad
1622 1342 1766 1412 imaginem

121 1449 316 1518 interrogatur,
338 1447 454 1502 consulit
474 1462 489 1502 a
508 1461 563 1514 quo
584 1446 743 1510 consulitur,
768 1447 814 1517 qui
831 1446 918 1515 magi-
1007 1421 1034 1467 ⁰²
1049 1415 1253 1468 ⁵¹¹⁰¹¹¹¹¹¹d¹¹¹⁰¹¹¹
1267 1427 1342 1467 Μ
1362 1414 1439 1482 lm·
1458 1412 1490 1480 ¹)-

121 1550 211 1599 strum
224 1556 253 1597 ae
272 1541 298 1595 in
314 1537 522 1610 interpretandis
539 1536 638 1593 divinis
659 1535 807 1605 Scripturis
825 1535 919 1602 sentit,
1006 1524 1034 1579 lu
1050 1525 1102 1580 hoc
1115 1522 1271 1577 testimonio
1292 1521 1528 1591 inconsequenter,
1552 1528 1580 1576 et
1601 1521 1671 1575 ultre
1686 1534 1767 1589 quarn

121 1631 151 1689 io
167 1631 255 1689 causis
268 1630 329 1685 lidei
344 1629 490 1684 venerandi
503 1627 638 1698 pontilicis
651 1642 681 1682 sc
691 1626 854 1697 discipulum
866 1626 919 1680 mi·
972 1617 1208 1684 inconsequenter,
1233 1614 1267 1668 ab
1280 1612 1333 1668 illis
1347 1613 1374 1666 in
1389 1627 1436 1667 sua
1450 1612 1554 1683 synodo
1567 1613 1602 1666 ob
1623 1610 1768 1666 adoranda·

122 1723 197 1780 ninte
210 1722 362 1778 erubescit:
374 1728 402 1776 et
415 1719 458 1775 coi
470 1734 555 1775 sacrm
566 1718 631 1788 legis
642 1718 821 1789 questionum
833 1733 919 1772 nexus
973 1728 1033 1766 rum
1046 1712 1192 1782 imaginum
1207 1710 1382 1784 astruentium
1399 1723 1520 1764 errorem
1538 1708 1636 1777 posito,
1653 1722 1706 1762 non
1720 1722 1769 1762 no·

122 1810 231 1875 etrodat,
247 1819 338 1865 utrum
355 1809 509 1880 hypostasis
523 1808 613 1863 dicere
626 1808 732 1872 debeat,
749 1807 881 1876 qttibusve
892 1807 918 1861 in
933 1783 1029 1858 Bstro
1042 1802 1150 1872 ingenio
1158 1801 1305 1871 plurimum
1317 1808 1359 1855 est
1368 1800 1529 1865 sudandum,
1539 1815 1599 1854 cunr
1612 1808 1651 1853 tot
1662 1792 1769 1853 indiciis

122 1899 236 1959 Oriente
252 1900 463 1965 communicare,
482 1897 621 1970 efflagitat.
649 1899 725 1956 Unde
747 1899 828 1955 datur
842 1898 920 1955 intel-
971 1897 1005 1950 ab
1020 1909 1113 1950 eorum
1134 1894 1168 1948 sit
1180 1891 1329 1947 assertione
1343 1891 1477 1956 alienum;
1489 1891 1618 1959 quoniam
1636 1889 1682 1943 ubi
1697 1887 1769 1942 nulla

123 1993 171 2064 ligi
184 2001 329 2049 sanetoset
341 1990 462 2047 eruditos
475 1991 546 2046 uiros
558 2004 606 2060 pcr
618 1991 739 2046 diversas
755 1991 848 2046 urtrndi
862 2007 922 2061 pae
971 1993 1013 2040 cst
1027 1982 1243 2048 verisimilitudo,
1261 1999 1314 2038 non
1337 1998 1433 2052 magua
1448 1983 1474 2036 in
1491 1983 1669 2039 discernendo
1683 1982 1770 2036 oritur

123 2094 167 2140 tes
178 2083 378 2156 predicationis
399 2089 427 2137 et
450 2081 570 2137 scientiae
589 2079 711 2151 lampade
734 2090 920 2144 coruscantes,
971 2073 1129 2145 disputatio.
1145 2072 1213 2140 Quia
1227 2088 1293 2144 ergo
1308 2073 1410 2128 anullo
1422 2074 1448 2127 in
1462 2088 1517 2143 quo
1533 2088 1605 2128 sante
1620 2072 1719 2127 mentis
1730 2073 1770 2126 vi-

123 2190 179 2231 norr
193 2174 279 2230 solnm
290 2191 305 2229 a
318 2183 410 2230 sancta
427 2174 548 2229 Romana
563 2173 682 2229 Ecclesia
699 2190 752 2229 nnn
765 2173 920 2238 recessisse,
971 2176 1017 2239 get
1028 2181 1152 2231 acumen,
1165 2165 1203 2220 illi
1221 2166 1260 2221 rei
1274 2166 1395 2221 ereditur
1404 2167 1540 2237 pertinere
1554 2166 1596 2220 cui
1610 2165 1647 2220 illi
1662 2168 1714 2220 boc
1728 2164 1769 2218 ni-

122 2265 268 2327 sedetiam
285 2272 404 2335 tempore
417 2265 587 2320 necessitatis
599 2265 634 2320 ob
647 2265 708 2320 ddei
722 2264 922 2320 corroboratio·
971 2267 1067 2314 tantur
1080 2257 1296 2322 accommodare,
1316 2257 1363 2313 sed
1388 2256 1510 2328 spiritale
1532 2256 1633 2311 tiletum
1655 2254 1768 2326 spiritaii

123 2369 187 2411 nem
207 2355 241 2410 ab
257 2370 289 2410 ea
307 2354 472 2424 adiutorium
482 2355 651 2426 implorasse.
664 2354 741 2422 Quod
750 2355 920 2427 regulariter,
971 2351 1160 2407 disserentium
1179 2358 1222 2405 cst
1234 2348 1415 2421 indagatione,
1441 2355 1526 2403 restat
1547 2354 1576 2401 ut
1599 2345 1715 2415 quidde
1737 2360 1770 2400 eo

122 2454 156 2500 ut
168 2443 273 2515 prefati
288 2459 382 2501 somus
395 2453 422 2500 et
438 2446 570 2516 exemplis
583 2447 735 2510 docuimus,
757 2462 852 2502 ornnes
874 2462 921 2502 ca·
971 2454 1128 2502 sanctornm
1141 2445 1251 2499 l‘atrutn
1265 2442 1409 2513 protulerit
1425 2441 1522 2513 stylus,
1543 2439 1697 2496 sententiali
1709 2440 1771 2494 bre·

123 2536 234 2593 ditabere
258 2536 358 2593 debent
377 2539 523 2593 observare
547 2537 684 2601 Ecclesiae,
704 2545 733 2592 ut
755 2538 789 2593 ab
812 2552 844 2593 ea
862 2546 922 2608 post
972 2541 1056 2595 vitate
1069 2548 1212 2594 notenuts:
1233 2545 1366 2607 qrratrutrs
1378 2536 1449 2607 quod
1464 2537 1498 2591 ab
1516 2535 1571 2590 illis
1584 2543 1626 2590 est
1638 2533 1771 2606 negligen-

122 2628 266 2687 christum
284 2627 318 2681 ad
337 2627 510 2683 muniendam
531 2626 612 2682 bdeur
632 2626 796 2697 adiutorium
809 2637 921 2697 petant:
973 2639 1015 2688 ter
1035 2639 1210 2702 usurpatum,
1232 2638 1260 2685 et
1279 2630 1375 2685 aviris
1397 2628 1598 2684 venerabilibus
1617 2636 1645 2683 et
1669 2626 1772 2698 Spiritu

122 2734 187 2791 ιιι
199 2734 253 2775 non
264 2719 367 2774 babens
378 2717 520 2782 maculam,
534 2733 583 2774 mc
596 2727 735 2790 atgama
748 2726 922 2790 porentuosa
972 2731 1067 2781 sanem
1085 2723 1196 2794 repletis
1214 2721 1392 2792 spiritualiter
1404 2720 1553 2792 prolatum,
1569 2719 1680 2776 lectoris
1694 2718 1772 2773 incu-

122 2808 261 2865 haeresnm
281 2809 370 2878 capita
389 2809 486 2871 calcat,
511 2817 539 2864 et
559 2808 679 2865 bdelium
693 2817 799 2866 mentes
822 2811 849 2864 in
869 2809 923 2866 tide
972 2813 1040 2870 stria
1054 2813 1090 2869 sit
1103 2812 1246 2883 diligenter
1264 2818 1413 2880 acceptum.
1437 2808 1483 2864 llit
1495 2810 1568 2864 enim
1590 2809 1685 2864 beatus
1706 2806 1772 2862 dm-

123 2898 297 2956 eorroborat.
312 2897 422 2967 deuius
432 2908 524 2954 saneta
535 2901 723 2957 ctveneranda
733 2902 923 2958 communione
972 2905 1096 2962 brosius:
1114 2904 1158 2959 tln
1168 2902 1302 2975 principio
1314 2901 1399 2972 ipsius
1411 2901 1504 2955 mundi
1515 2898 1622 2954 Patrem
1633 2907 1660 2953 et
1673 2896 1771 2954 Filium

122 2990 220 3048 moltis
238 2991 426 3047 recedentibus
445 2999 545 3047 nostrae
564 2999 656 3048 tamen
676 2992 763 3064 partis
784 3007 922 3064 nunquam
973 3009 1034 3052 esso
1045 2994 1136 3060 audio,
1148 3002 1175 3049 et
1188 3008 1271 3048 ttnurn
1290 3007 1358 3064 opus
1372 3007 1475 3048 cerno:
1497 2992 1578 3046 audio
1596 2989 1770 3060 lnqtrentem,

124 3082 243 3139 recessit
259 3082 390 3146 Ecclesia,
410 3084 457 3139 sed
477 3099 509 3139 ea
532 3083 680 3153 apostolica
706 3085 859 3141 eruditione
881 3086 923 3141 in·
973 3102 1091 3158 agnosco
1104 3084 1258 3150 facientem,
1274 3083 1321 3140 sed
1336 3091 1364 3138 ιι
1376 3081 1465 3137 Patris
1486 3090 1513 3137 et
1528 3080 1590 3136 iiiii
1610 3097 1689 3135 unam
1704 3081 1774 3135 ima-

123 3179 348 3238 ssmesslbelffl
364 3190 381 3227 ιι
400 3188 451 3243 ιιι
473 3180 511 3227 etl
530 3189 606 3229 emur
627 3173 726 3228 donent
746 3175 873 3246 optimum
897 3184 921 3230 el
975 3183 1077 3254 giuenr,
1104 3193 1185 3234 unam
1214 3176 1419 3234 similitudinem
1444 3174 1523 3246 lego:
1549 3170 1698 3229 similitudo
1716 3173 1773 3229 baec

124 3280 204 3321 ornae
221 3263 313 3318 dotum
329 3263 472 3335 perfectum
492 3264 596 3337 (Jacob.
611 3265 633 3332 ι)
651 3267 797 3331 tribuente.
817 3282 926 3339 semper
976 3289 1030 3329 non
1047 3269 1222 3334 tlirersitatis,
1238 3266 1287 3324 sed
1300 3267 1411 3323 unitatis
1423 3273 1475 3322 cst.
1488 3265 1547 3320 b'nn
1562 3264 1634 3320 euim
1646 3264 1728 3319 bomo
1739 3264 1774 3319 ad

125 3353 248 3424 suscepit
264 3353 412 3409 reverenda
429 3355 603 3410 charismata.
626 3356 692 3424 Quae
714 3359 777 3414 dum
796 3374 811 3414 a
830 3360 925 3430 primis
975 3363 1120 3435 imaginem
1146 3361 1194 3416 Dei
1216 3359 1268 3415 nisi
1293 3374 1343 3429 pcr
1360 3359 1503 3430 iruaginem
1528 3356 1576 3412 Dei
1594 3371 1655 3413 esse
1673 3363 1772 3428 potest.

124 3443 192 3500 bdei
207 3445 374 3515 teurporibos
384 3461 445 3501 cunr
458 3460 489 3501 ea
504 3457 638 3517 perstaret
650 3451 678 3505 in
688 3465 773 3506 sacre
786 3450 925 3522 religionis
974 3455 1066 3524 imago
1078 3467 1144 3524 ergo
1162 3451 1210 3507 Dci
1222 3466 1257 3506 cx
1274 3448 1412 3504 interioris
1433 3447 1551 3504 lronriuis
1571 3447 1712 3502 nobilitate
1730 3455 1772 3504 cst

126 3536 238 3602 unione,
249 3545 277 3591 et
289 3537 324 3592 ab
336 3553 367 3593 ea
386 3539 466 3609 paulo
479 3540 601 3605 distaret,
624 3541 697 3611 qnod
718 3550 807 3599 tamen
829 3552 924 3601 contra
975 3545 1191 3602 consideranda:
1208 3541 1297 3614 primo
1313 3539 1436 3610 quidem,
1452 3546 1483 3593 ιιι
1501 3537 1581 3594 sicuti
1596 3537 1668 3593 licus
1683 3553 1772 3603 ortus,

126 3625 208 3682 iidem
224 3643 279 3682 non
290 3635 341 3693 est,
355 3629 382 3682 in
395 3628 543 3685 officiorum
558 3632 752 3699 celebratione,
765 3637 925 3691 venerantiae
976 3650 1092 3706 semper,
1104 3633 1204 3702 ubique
1218 3637 1292 3686 totos
1310 3637 1362 3693 est,
1385 3628 1477 3683 omnia
1490 3627 1640 3693 viviticans,
1662 3643 1774 3684 ruovens

127 3717 267 3772 memoriae
279 3718 410 3788 genitoris
432 3720 517 3773 nostri
541 3718 716 3776 illustrissimi
734 3730 816 3792 atque
834 3723 924 3778 excel·
975 3735 1003 3780 ct
1013 3726 1177 3797 gubertinus,
1190 3722 1261 3777 sicut
1278 3719 1424 3792 Apostolus
1440 3717 1593 3782 confirmat,
1609 3719 1680 3789 qnod
1699 3721 1726 3773 in
1743 3734 1774 3773 eo

127 3804 273 3863 lentissirni
286 3808 336 3862 viri
347 3807 436 3879 l‘ipini
448 3811 520 3881 regis
535 3827 611 3875 cura,
624 3822 652 3868 et
662 3813 795 3868 industria
809 3815 865 3871 sire
878 3816 926 3870 ad·
975 3819 1094 3881 ricimer,
1108 3831 1241 3870 proruitur
1252 3824 1275 3868 ct
1289 3827 1401 3868 stratur:
1421 3810 1461 3865 sic
1482 3810 1572 3865 anima
1594 3811 1619 3865 in
1641 3827 1692 3867 suo
1713 3824 1775 3866 ccr-

127 3905 242 3953 ventam
256 3897 283 3951 in
297 3897 398 3953 Gallias
418 3901 631 3957 reverentissimi
646 3911 673 3958 ct
687 3905 851 3960 sanctissimi
872 3905 925 3961 riri
975 3925 1042 3982 parc
1054 3911 1154 3977 nitique
1170 3914 1226 3961 tota
1237 3904 1309 3975 viget
1321 3902 1460 3957 viribcans
1472 3900 1548 3966 illud,
1562 3917 1674 3956 merens
1684 3908 1712 3955 ct
1726 3916 1775 3974 gu·

129 3987 261 4060 Stephani
280 3989 409 4046 Romane
426 3993 502 4074 urbis
524 3995 662 4059 attuleritis,
687 4005 730 4052 cst
748 3998 773 4052 ci
790 3999 874 4054 etiam
898 4000 925 4055 iu
976 4001 1104 4056 bernaus.
1124 3998 1179 4054 Nee
1199 3996 1271 4052 enim
1287 3996 1313 4050 in
1326 3991 1475 4062 iunioribus
1487 3991 1612 4061 corporis
1628 3991 1670 4046 sui
1686 4005 1774 4046 mern·

128 4079 260 4150 psallendi
272 4082 368 4137 ordine
388 4085 523 4154 copulata,
543 4096 573 4140 ut
587 4103 641 4143 nou
662 4098 734 4145 esset
754 4090 847 4162 dispar
859 4093 926 4149 ordo
976 4093 1034 4150 bris
1051 4090 1147 4160 major,
1167 4099 1194 4147 et
1210 4091 1237 4145 in
1260 4088 1410 4144 minoribus
1431 4085 1530 4151 minor,
1544 4086 1591 4142 setl
1606 4086 1633 4140 in
1654 4083 1775 4140 minimis

128 4171 262 4244 psallendi
274 4174 373 4243 quibus
384 4185 443 4230 erat
456 4191 567 4248 compar
577 4179 659 4235 ardor
672 4182 815 4250 credendi,
829 4193 856 4240 et
866 4199 927 4255 qum
976 4195 1043 4250 tota,
1059 4194 1086 4242 ct
1098 4185 1125 4240 iu
1142 4182 1269 4240 maximis
1282 4189 1358 4237 tota:
1378 4189 1406 4235 ct
1421 4180 1479 4235 baec
1494 4187 1536 4233 cst
1551 4179 1642 4251 imago
1663 4176 1776 4233 urritatis

129 4264 213 4321 unita
229 4273 308 4320 eraut
321 4265 401 4321 utrius
414 4276 515 4322 sanctur
528 4268 596 4339 legis
606 4285 683 4325 sacra
696 4271 822 4338 lectione,
836 4283 927 4330 essent
977 4277 1170 4350 omnipotentis
1187 4275 1246 4340 bei,
1268 4290 1350 4346 qttanr
1373 4273 1463 4328 anima
1489 4271 1571 4327 habet
1595 4271 1621 4325 in
1644 4285 1693 4326 se:
1713 4285 1778 4341 qum

128 4357 211 4412 eiiam
234 4358 318 4414 unita
332 4360 412 4418 unios
434 4365 627 4421 modulationis
648 4364 703 4439 [al.
726 4368 926 4442 modolaminis]
977 4368 1121 4440 ‹puatndam
1135 4373 1235 4421 sancte
1248 4363 1390 4420 Trinitatis
1407 4363 1487 4418 babet
1503 4360 1665 4433 imaginem:
1685 4359 1776 4432 primo

128 4451 282 4506 reuerentia
296 4453 450 4521 traditione,
462 4470 512 4511 uec
525 4456 679 4528 sejungeret
688 4459 839 4516 ciliciorum
851 4463 924 4518 varia
941 4465 1005 4548 „in
1020 4478 1064 4528 co,
1075 4460 1138 4531 utria
1153 4460 1224 4515 sicut
1238 4459 1307 4514 bins
1321 4464 1372 4519 cst,
1384 4457 1451 4512 vivit
1461 4465 1488 4511 ιι
1499 4458 1580 4528 sapit,
1592 4457 1628 4511 ita
1641 4465 1668 4512 et
1682 4455 1772 4511 anima

129 4542 277 4599 celebratio
291 4560 359 4615 quas
377 4547 554 4618 conjunxerat
567 4551 653 4608 unicae
670 4552 732 4609 lldei
747 4555 790 4626 pia
806 4556 924 4611 devotio·
975 4556 1122 4618 secuudum
1137 4568 1215 4608 sttruu
1230 4552 1338 4608 modum
1349 4557 1407 4618 cst,
1421 4551 1487 4606 vivit
1504 4560 1532 4607 et
1544 4552 1625 4621 sapit.
1645 4550 1694 4606 Est
1707 4566 1774 4622 qaro-

129 4630 206 4700 Qtrcd
218 4634 328 4706 quidem
338 4644 366 4692 ιι
385 4653 445 4704 nos,
458 4639 557 4696 collato
568 4642 646 4698 nobis
658 4659 674 4697 a
685 4644 740 4701 lieo
750 4644 832 4702 ltaliae
843 4661 927 4719 regno
975 4665 1028 4723 que
1040 4656 1068 4704 et
1080 4647 1131 4701 alia
1146 4643 1266 4700 Triuiers
1284 4644 1310 4698 irr
1325 4658 1367 4707 ea,
1380 4657 1432 4713 qna
1444 4643 1478 4698 ad
1489 4643 1633 4713 imaginent
1648 4642 1690 4697 sui
1704 4641 1774 4698 Con·

129 4724 252 4788 lecimus.
270 4739 371 4830 cilicie
384 4729 512 4786 Romanae
535 4732 663 4789 Ecclesiae
683 4735 821 4806 fastigium
843 4738 927 4792 subli—
975 4741 1072 4799 ditoris
1083 4738 1211 4813 perlecta·
1223 4737 1332 4808 quidem
1343 4749 1371 4793 ιι
1384 4753 1497 4794 summae
1510 4736 1653 4792 Trinitatis
1663 4743 1775 4807 quaeest

128 4831 207 4918 ’ΒΨ
220 4824 716 4896 culllelllebelreieienllsslssiltiitiiae
730 4825 841 4883 Adriani
854 4827 927 4884 salu·
976 4834 1004 4890 iu
1017 4833 1109 4896 Patre,
1130 4830 1199 4885 Filio
1221 4838 1248 4885 et
1271 4828 1372 4898 Spiritu
1396 4837 1492 4884 sancto
1514 4828 1640 4885 condita:
1661 4837 1689 4883 ct
1711 4829 1774 4883 licet

130 4907 238 4962 taribus
252 4907 487 4968 exlrcrtationibus
505 4929 602 4984 parere
622 4918 740 4973 nitentes
752 4936 759 4972 ι
780 4919 884 4976 scilicet
897 4930 927 4975 ut
975 4924 1056 4978 unius
1071 4923 1107 4978 sit
1119 4921 1164 4976 illa
1180 4928 1293 4983 nature,
1311 4927 1366 4974 tres
1380 4927 1470 4973 tamen
1484 4918 1554 4974 inse
1572 4919 1716 4989 dignitates
1728 4919 1774 4975 ba·

127 4997 927 5080 ploresillinspartisEcclesie,quteqtrnntlamapostolice
976 5014 1037 5076 bet,
1059 5013 1085 5069 id
1107 5019 1148 5068 est
1171 5011 1351 5074 intellectum,
1372 5008 1537 5062 voluntatem
1555 5017 1582 5063 ct
1602 5008 1771 5072 memoriam,

127 5092 201 5148 sedis
216 5093 388 5150 traditionem
403 5096 430 5150 in
441 5099 580 5167 psallendo
596 5102 733 5172 suscipere
754 5105 926 5171 recusabant,
976 5106 1048 5175 quod
1065 5105 1136 5160 idern
1149 5103 1211 5158 licet
1228 5101 1289 5156 aliis
1301 5099 1391 5155 uerbis
1414 5100 1440 5154 in
1456 5099 1602 5169 Evangelio
1617 5099 1775 5168 designatur

127 5200 202 5241 nanc
216 5198 278 5241 eam
295 5203 357 5243 cum
371 5191 444 5245 omni
457 5191 595 5262 diligentia
611 5195 817 5266 amplectantur,
841 5205 868 5252 et
883 5199 927 5253 cui
976 5194 1040 5249 tlotn
1056 5190 1288 5263 dieiturtlliliges
1307 5190 1448 5245 Dorrriuum
1468 5189 1553 5243 bertin
1571 5200 1645 5243 tuum
1666 5204 1699 5243 ea
1718 5197 1772 5242 toto

127 5277 302 5333 adhaeserant
318 5279 380 5336 edei
404 5297 525 5345 mettere,
550 5287 706 5342 adhaereant
729 5301 836 5358 qnouue
857 5288 929 5359 psal·
976 5285 1125 5350 cordetuo,
1140 5282 1380 5337 etestotooninro
1396 5291 1451 5344 tuo,
1472 5289 1496 5334 et
1511 5296 1544 5333 ee
1557 5288 1612 5334 tota
1630 5287 1773 5332 metuetur

127 5367 201 5423 endi
226 5369 340 5426 ordinet
360 5373 433 5442 qnod
451 5390 504 5429 non
522 5376 609 5431 solum
636 5379 756 5434 onmium
779 5378 927 5435 Galliarum
977 5375 1066 5447 (lieet.
1079 5376 1129 5448 vr),
1141 5375 1167 5431 id
1178 5384 1273 5441 est‚cx
1286 5382 1343 5429 toto
1355 5372 1503 5437 intellectu,
1523 5379 1593 5427 etex
1611 5379 1667 5426 tcta
1679 5368 1773 5426 volun·

128 5460 287 5531 provinciae,
302 5471 330 5519 et
342 5464 499 5533 Germania,
513 5469 570 5524 sire
585 5468 670 5535 ltalia,
686 5471 826 5526 sedetiam
843 5469 928 5526 Saso-
979 5477 1042 5533 tate,
1058 5480 1129 5525 etex
1147 5477 1203 5525 tota
1219 5468 1358 5523 memoria.
1372 5463 1432 5521 laur
1455 5464 1526 5519 sient
1538 5479 1572 5519 er
1589 5462 1670 5518 l’atre
1688 5476 1771 5534 gene·

129 5567 180 5606 nes
200 5562 225 5608 et
245 5554 369 5623 quaedam
388 5555 559 5627 dqrrilonatis
576 5559 661 5631 plagae
675 5569 768 5631 gentes
786 5575 834 5630 per·
858 5576 926 5624 uns,
978 5568 1054 5615 ratur
1066 5558 1158 5623 Filius,
1173 5575 1206 5615 er
1223 5558 1303 5614 Patre
1318 5557 1438 5627 Filioque
1450 5556 1572 5627 procedit
1583 5555 1772 5628 Spiritussan·

132 5642 187 5696 um
203 5653 353 5709 annuente,
375 5648 408 5702 ad
424 5662 495 5704 reue
518 5649 578 5704 lulei
600 5650 749 5707 rudimenta
771 5668 925 5716 conversae,
978 5660 1048 5717 etus,
1063 5651 1100 5707 ita
1114 5667 1147 5707 ex
1161 5650 1297 5707 intellectu
1314 5655 1459 5721 generatur
1479 5647 1614 5713 voluntas,
1633 5656 1661 5703 et
1676 5664 1709 5704 cx
1729 5648 1773 5704 hia

130 5732 222 5790 lacere
235 5747 392 5804 noscuntur,
406 5749 432 5794 et
446 5741 481 5795 ita
496 5741 567 5796 beati
581 5740 651 5798 Petri
665 5742 755 5798 sedern
766 5742 793 5798 iu
804 5743 928 5799 otuuibus
979 5741 1044 5799 item
1056 5741 1186 5800 ambobus
1200 5740 1322 5814 procedit
1338 5739 1478 5808 ructuoria,
1502 5740 1572 5798 sicut
1595 5739 1673 5797 lacile
1690 5756 1706 5794 a
1728 5755 1772 5794 se-
