3780 6120
185 259 249 313 root
622 257 652 311 n.
672 246 800 314 cauom
817 251 925 310 utum
943 249 1019 310 err.
1039 250 1129 310 enus
1148 256 1180 313 rr.
1201 257 1323 317 enemo
1341 257 1372 315 ιι.
1405 252 1408 257 ’
1752 260 1820 317 tun

184 368 363 440 queritando
380 375 575 439 essentquaere
594 356 881 438 sequenm‘sstatoeeus,
906 366 976 420 bane
990 370 1014 427 Α
1028 365 1067 419 rei
1086 381 1148 435 aare
1168 370 1277 425 condita
1300 379 1342 426 est
1367 368 1513 426 boruluiem
1532 371 1607 428 rucis
1634 371 1753 444 imperio
1779 391 1822 430 res

183 460 291 532 penitus
305 476 361 515 reru
376 460 555 530 parvipendit,
573 474 655 528 quam
672 473 722 512 uec
745 459 865 512 abnuere
882 470 977 525 auem-
1007 464 1010 469 ’
1027 455 1179 514 assimilare
1197 475 1257 536 quse
1272 459 1416 529 cujuslibet
1437 460 1550 518 artiileis
1570 462 1726 519 mudantur
1748 462 1821 519 arbi·

184 554 247 607 daur
261 567 391 615 errorem,
416 566 466 605 nea
478 559 598 605 statuere
621 552 765 620 qrramdaru
780 549 893 604 credidit
917 562 977 602 esse
1028 547 1092 601 trio.
1112 546 1251 617 Siquidem
1274 549 1319 605 illa
1341 551 1450 606 condita
1465 559 1509 607 est
1528 552 1644 608 Domino
1656 553 1821 622 imperante,

183 644 323 697 uirtutem.
347 642 397 708 Qui
409 658 473 711 ergo
486 643 535 696 bas
546 658 600 696 nanu
614 642 729 696 adorare
743 640 844 705 scelus,
868 640 917 695 bas
930 654 978 693 nu·
1027 635 1087 690 istae
1097 639 1250 694 conduntur
1260 641 1327 695 artis
1343 640 1476 696 industria
1486 641 1617 709 iurante,
1642 641 1688 696 llla
1699 657 1715 696 a
1727 650 1823 697 nnete

184 741 238 787 tarn
254 733 366 789 adiurare
379 734 448 786 inter
465 733 551 801 prima
566 732 625 786 iudei
647 739 816 786 sacramenta
827 732 860 785 ab
870 739 977 802 aposto-
1026 729 1086 784 rino
1102 730 1202 802 Mopse,
1215 733 1275 787 istae
1294 733 1442 804 aqnolibet
1454 736 1567 804 opillus:
1586 735 1632 790 illa
1646 751 1662 790 a
1678 735 1820 807 legislato-

183 823 217 878 lis
228 824 381 880 institutum
390 840 449 878 esse
457 824 581 887 delirant,
593 823 760 892 perpendant
772 822 897 892 quoidam
906 823 976 876 idem
1026 833 1066 885 re,
1079 820 1275 892 menapiorum
1287 839 1294 889 ;
1309 823 1353 879 illa
1365 826 1496 880 redundet
1509 825 1657 896 mysteriis,
1679 825 1740 879 lstae
1750 825 1823 881 eolo

183 917 239 973 lias
248 917 386 972 electionis
402 931 451 971 uec
462 931 507 970 eas
523 930 649 985 spernere
668 915 739 968 inter
751 914 853 969 scelera
867 929 977 968 enume-

183 1015 308 1072 rat,eum
322 1007 403 1061 dicit:
427 1004 569 1074 Manifesta
592 1013 651 1058 suut
680 1014 766 1059 autem
788 1006 866 1074 o'pera
889 1003 977 1058 carnis

181 1115 240 1169 quie
255 1109 313 1153 sunt
325 1099 475 1168 [orruicatim
487 1097 664 1161 immunditia,
672 1097 845 1167 impudicitia,
859 1096 975 1163 irrauria,

182 1190 312 1247 iuniorum
326 1191 445 1253 seruitus,
460 1189 592 1259 curteficia,
608 1189 762 1250 inimicitior,
788 1188 974 1251 contentiones,

181 1282 370 1347 emulationes,
390 1283 447 1344 irre,
464 1282 537 1343 rixa,
554 1280 737 1341 dissensiones,
753 1287 838 1341 secte,
854 1277 975 1340 lrarcses,

180 1376 291 1440 inuidia,
315 1374 467 1436 botuicidia,
491 1373 638 1436 ebrietates,
661 1371 871 1433 comessationes,
895 1379 918 1422 et
934 1368 975 1421 itis

180 1467 279 1523 similia
291 1484 349 1539 aua
361 1467 475 1537 predico
489 1464 560 1519 uobis
571 1465 637 1516 sicut
658 1464 785 1533 prodici,
796 1462 919 1532 pitanciam
930 1461 976 1532 gui

1028 930 1087 968 rum
1110 905 1295 971 tantummodo
1324 917 1411 984 lueis;
1427 918 1472 973 illa
1485 928 1513 974 et
1534 920 1717 990 presentibus
1742 919 1822 978 luerit

1027 1001 1054 1055 in
1081 1004 1272 1059 ruiraeulorum
1300 1015 1456 1076 stuporem,
1480 1017 1509 1063 et
1537 1010 1571 1063 do
1585 1009 1686 1064 lutaris
1707 1012 1821 1080 mystica

1027 1097 1151 1165 qttcedam
1165 1108 1192 1152 et
1212 1115 1311 1154 arcana
1330 1103 1506 1171 sigrrllicarlt;
1533 1104 1590 1158 istu
1601 1112 1629 1158 et
1640 1105 1821 1173 presentibus

1027 1188 1174 1254 miraeulsss,
1188 1198 1216 1244 et
1242 1190 1393 1246 futurorum
1412 1193 1654 1263 signttcattonlbus
1675 1194 1760 1249 nudae
1782 1210 1820 1252 ret

1027 1275 1103 1344 urinas
1123 1289 1187 1333 sunt
1209 1289 1312 1335 mittam
1340 1285 1498 1337 memoriam
1522 1285 1718 1353 ingeminabo
1743 1284 1820 1354 coins

1028 1370 1124 1439 typicis
1133 1371 1393 1441 praedguratiouibus
1408 1376 1465 1430 sire
1477 1377 1574 1432 borum
1601 1393 1663 1447 qrrae
1675 1377 1749 1431 iutra
1758 1393 1818 1433 uam

1027 1460 1129 1514 suntin
1153 1467 1293 1530 superiore
1305 1465 1375 1519 libro
1396 1474 1573 1521 monstratum
1589 1476 1641 1531 est,
1655 1483 1732 1523 nunc
1755 1484 1819 1526 turo

1025 1556 1156 1616 qrrantum
1168 1564 1184 1603 a
1198 1565 1279 1606 manu
1290 1551 1368 1608 iactis
1378 1554 1540 1624 imaginibus
1554 1555 1671 1621 diderat,
1697 1558 1820 1613 breviter

181 1561 247 1614 talia
270 1569 351 1630 agunt
366 1573 472 1629 repuum
494 1556 543 1610 Dei
568 1572 621 1609 non
640 1564 828 1625 consequentur
847 1551 920 1624 (Gal.
935 1551 973 1624 r).

181 1649 238 1704 Nec
264 1647 435 1703 easadorare
452 1646 523 1701 luter
544 1644 681 1715 spiritales
698 1630 802 1698 fruetus
823 1648 974 1705 enumerat,
1025 1641 1225 1706 exsequendum
1245 1652 1295 1698 est.
1323 1643 1373 1711 Qut
1398 1645 1479 1717 igitur
1508 1648 1665 1703 materiales
1686 1651 1819 1721 imagines

182 1757 244 1796 eunt
259 1739 336 1803 dicit,
351 1737 467 1791 Fructus
481 1746 568 1790 autern
578 1735 686 1806 spiritus
699 1742 745 1795 est,
766 1732 892 1796 citaritas,
910 1748 975 1803 pau·
991 1729 1219 1802 Baquibuslibet
1234 1739 1376 1809 opificibus
1393 1742 1528 1807 conditas,
1559 1758 1630 1798 areae
1663 1742 1818 1797 testamenti

180 1834 264 1896 dium,
278 1848 339 1902 pac,
352 1828 494 1900 patientia,
512 1825 707 1897 longanimitas,
720 1823 832 1884 bouitas,
860 1823 976 1893 beniuui-
1025 1820 1141 1890 basuini,
1161 1841 1221 1895 quac
1235 1828 1349 1885 Domino
1360 1831 1519 1901 imperante,
1539 1832 1632 1903 Moyse
1661 1833 1815 1898 obediente,

180 1932 232 1991 tas,
243 1924 319 1993 fides,
331 1921 468 1984 modestia,
482 1918 661 1972 continentia:
687 1916 811 1970 aduersas
823 1913 975 1985 uniusmodi
1024 1913 1132 1968 condita
1148 1925 1198 1981 est,
1230 1920 1396 1990 mqrtiparare
1411 1923 1594 1987 contendunt,
1613 1923 1766 1986 inueniant,
1791 1923 1813 1977 si

180 2025 276 2071 nonest
289 2015 347 2067 ica:
363 2013 407 2084 qui
425 2020 512 2064 autern
524 2019 583 2063 sunt
594 2007 701 2072 Curiati,
715 2022 901 2061 carnemsuam
914 2022 975 2060 erra·
1024 2012 1144 2073 queunt,
1167 2005 1292 2075 opificem
1320 2011 1366 2080 qrri
1399 2012 1483 2083 blopsi
1513 2014 1616 2068 meritis
1651 2013 1814 2084 aequiparari

179 2109 317 2178 ribemunt
329 2123 386 2160 cum
399 2105 468 2159 titiis
480 2113 504 2156 et
514 2101 730 2171 concupiscentiis
744 2098 849 2171 (ibid).
865 2097 917 2152 Sed
928 2113 975 2153 ne·
1023 2104 1114 2163 queat,
1128 2098 1175 2166 qui
1196 2097 1330 2155 flumineis
1352 2103 1389 2156 sit
1410 2101 1535 2160 ductibus
1560 2105 1712 2174 expositus,
1739 2103 1815 2174 cujus

180 2215 232 2270 que
247 2199 273 2253 in
287 2199 382 2253 eadem
395 2193 555 2264 eloquentiae
573 2199 724 2255 venustate,
735 2204 788 2259 qua
802 2203 898 2244 sensus
912 2203 975 2244 suos
1024 2185 1097 2239 salus
1109 2185 1180 2243 inter
1201 2188 1378 2260 lymphaticos
1391 2208 1487 2248 cursus
1498 2194 1553 2248 lieo
1570 2195 1622 2249 soli
1635 2195 1814 2265 relinquatur,

180 2290 341 2362 quibusdam
357 2286 451 2342 ritulis
466 2299 514 2355 per
531 2284 651 2338 meurbra
669 2290 695 2336 et
717 2296 787 2335 cesa
809 2279 975 2337 etdeceutes
1023 2279 1157 2347 aquibus
1183 2291 1348 2352 exceptuset
1363 2286 1443 2339 matri
1470 2287 1639 2352 restitustur,
1665 2294 1694 2341 et
1718 2287 1754 2341 ab
1775 2286 1816 2341 lm

179 2379 310 2435 circuitus
322 2375 458 2433 rhetorico
479 2371 513 2428 de
524 2371 634 2426 [lumine
655 2370 780 2426 derivans
791 2369 825 2423 ab
838 2368 974 2437 anaphora
1024 2370 1122 2438 qulbus
1133 2373 1229 2440 perimi
1239 2372 1330 2441 jussus
1344 2374 1440 2442 luerat,
1453 2374 1660 2433 deliciosissime
1669 2378 1705 2432 ali
1720 2376 1813 2447 jubes·

181 2471 285 2542 incipit,
299 2478 327 2523 et
337 2482 385 2538 per
399 2468 506 2537 σχέσεις
518 2464 646 2534 ὀνομάτων
658 2459 787 2523 decurrit,
800 2467 828 2516 et
838 2457 974 2514 contraria
1024 2468 1087 2515 tur:
1108 2465 1153 2532 qui
1169 2465 1242 2520 omni
1268 2468 1399 2537 supientia
1413 2467 1604 2540 AEgyptiorum
1625 2469 1750 2525 eruditus
1768 2471 1813 2535 sit,

180 2561 324 2618 corrtrariis
336 2575 383 2629 per
396 2552 811 2628 topicorumargumentationem
825 2550 972 2620 quatupbi-
1023 2552 1069 2622 qui
1080 2554 1169 2609 rideat
1179 2557 1308 2613 arboreos
1326 2574 1416 2614 ramos
1429 2561 1551 2615 incendia
1564 2562 1620 2631 patl
1633 2569 1662 2616 et
1683 2577 1740 2616 non
1763 2561 1814 2626 nri,

180 2649 314 2720 losoplria
333 2648 477 2704 contrariis
488 2645 627 2701 nominant
649 2657 798 2714 opponens,
824 2641 974 2712 pululterri-
1023 2645 1069 2713 qui
1093 2648 1206 2702 m'retur
1225 2648 1349 2718 fragilem
1362 2651 1502 2706 materiam
1513 2652 1667 2706 admirabili
1678 2652 1752 2723 igne,
1767 2666 1815 2708 neo

179 2741 232 2795 mis
247 2738 559 2803 autitlrctis,orationem
577 2751 653 2791 suam
667 2736 806 2801 borrestat3
828 2732 873 2787 ubi
896 2731 973 2800 bujus
1024 2739 1161 2794 modicum
1180 2741 1252 2797 nulla
1273 2743 1298 2797 ci
1316 2741 1404 2798 dando
1417 2744 1543 2799 alimenta
1565 2745 1621 2817 pati
1635 2745 1814 2815 dispendium,

178 2832 240 2887 ritae
251 2841 357 2900 tempus
368 2827 542 2900 acceptabile,
554 2824 722 2898 poeuitentiae
733 2823 857 2879 videlieet
870 2832 972 2893 aptum,
1023 2831 1065 2884 vet
1078 2833 1167 2901 patinas
1194 2832 1257 2889 inde
1273 2849 1338 2889 voce
1359 2836 1456 2891 emissa
1474 2850 1504 2891 50
1527 2850 1562 2890 εχ
1586 2835 1698 2890 nomine
1714 2835 1815 2905 powg

178 2933 207 2979 et
216 2925 274 2979 dies
283 2923 377 2976 salutis
393 2921 418 2975 id
430 2928 472 2974 est
488 2920 601 2974 adbcuc
616 2918 749 2988 agendum
760 2925 846 2987 aptos,
870 2917 974 2971 denun-
1023 2929 1051 2974 ct
1064 2923 1176 2992 mystica
1188 2924 1239 2978 sili
1253 2941 1352 2995 praee,
1365 2934 1390 2979 ta
1402 2934 1429 2981 et
1441 2941 1472 2996 sp
1483 2943 1518 2980 uu
1531 2926 1680 2982 liberanda
1691 2903 1780 2997 gends
1789 2934 1815 2981 ct

179 3017 239 3080 ilat,
256 3017 327 3070 iuter
341 3022 454 3069 caeteras
474 3027 543 3082 quas
566 3020 707 3067 enurncrat
733 3010 847 3064 uirtutes
860 3008 973 3078 hujusce
1024 3011 1203 3080 adipiscendas
1216 3024 1335 3086 paterna
1356 3017 1544 3087 promissionis
1566 3015 1625 3071 dari
1638 3017 1703 3087 3qui
1726 3020 1815 3074 obstu-

179 3105 346 3162 adorationis
356 3104 500 3174 quaurdam
511 3103 553 3156 rel
564 3102 650 3156 ierem
659 3100 756 3157 tecum
764 3101 886 3156 noscitur
896 3077 1007 3156 mcu-c
1022 3109 1115 3171 poscat
1127 3117 1183 3158 sum
1204 3104 1287 3176 uirgae
1306 3106 1422 3176 rigorem
1453 3107 1480 3161 in
1502 3106 1642 3161 sinuosum
1657 3121 1814 3162 conversum

179 3196 291 3250 tionem.
309 3194 354 3248 nit
363 3195 450 3247 enim:
465 3191 533 3245 Ecce
544 3209 612 3247 nunc
623 3202 723 3263 ternpus
734 3191 900 3262 acceptabile,
914 3208 971 3246 ecce
1021 3208 1082 3249 esse
1091 3193 1249 3261 draconem,
1262 3213 1337 3266 cujus
1349 3198 1582 3253 administratione
1590 3196 1713 3254 Nilicolze
1724 3197 1814 3254 dcoem

180 3304 249 3343 nuru
262 3286 317 3340 dies
340 3285 448 3340 salutis:
462 3285 558 3340 nemini
578 3284 668 3339 dantes
689 3283 770 3337 uliam
791 3284 970 3352 abcissionem,
1021 3287 1182 3359 prodigiosis
1205 3286 1337 3345 leniantur
1358 3291 1458 3361 plagis,
1487 3291 1534 3361 qui
1561 3288 1698 3360 AEgyptlis
1722 3291 1813 3360 opibus

179 3388 207 3433 stt
221 3395 273 3432 uon
291 3378 450 3447 vituperetur
462 3374 634 3429 ministerium
646 3383 774 3438 nostrum,
787 3375 870 3430 sedin
889 3377 973 3430 omni·
1022 3380 1114 3436 ditatis
1132 3380 1234 3446 cuneis,
1245 3388 1273 3436 et
1287 3394 1426 3452 {equoreas
1438 3380 1533 3436 ductus
1551 3381 1620 3450 pede
1632 3380 1707 3435 sicco
1729 3389 1815 3435 tratis·

179 3469 226 3524 bus
239 3467 406 3523 exhibeamus
428 3466 598 3536 nosmetipsos
617 3468 683 3520 sicut
706 3465 755 3519 liei
773 3467 916 3531 ntiuistros,
944 3468 972 3522 iu
1022 3472 1190 3539 meantibus,
1214 3472 1269 3527 dux
1290 3472 1348 3525 ileri
1366 3472 1467 3538 valeat3
1484 3472 1530 3540 qui
1551 3485 1660 3525 amaras
1674 3482 1759 3539 aquas
1786 3465 1812 3519 in

179 3556 261 3612 multa
282 3556 419 3627 patientia,
438 3554 466 3608 in
491 3552 712 3617 tribulationibus,
731 3553 971 3621 inneeessitatibus,
1022 3563 1128 3619 duleum
1143 3573 1283 3620 convenae
1307 3581 1446 3635 saporem,
1460 3573 1488 3619 ea
1499 3563 1618 3633 jejunam
1635 3564 1740 3619 silicem
1761 3561 1812 3617 ieta

178 3652 207 3705 in
217 3651 355 3721 arsprtstiis,
368 3648 395 3703 in
404 3646 499 3719 plagis,
511 3648 539 3701 in
547 3644 704 3712 carceribus,
719 3649 931 3714 inseditionibus,
944 3650 972 3705 in
1024 3655 1105 3725 uirgae
1122 3654 1268 3709 undifluum
1282 3663 1359 3727 rogat
1381 3670 1505 3710 evomere
1531 3655 1683 3726 liquorem
1707 3651 1754 3723 qui
1766 3665 1812 3705 er-

179 3740 322 3804 laboribus,
334 3740 361 3794 in
373 3738 477 3810 tipiiiis,
491 3739 520 3792 iu
527 3738 650 3809 jejrtniis,
666 3740 694 3791 in
703 3740 834 3804 castitate,
848 3741 876 3792 iu
888 3742 973 3794 scieu-
1022 3744 1145 3799 tensione
1157 3761 1284 3800 nranuum
1308 3747 1417 3801 hostiles
1429 3746 1560 3800 tumultus
1573 3746 1644 3801 vinci
1656 3743 1810 3813 compellat,

178 3837 225 3900 tia,
240 3835 485 3906 inionpauimitate,
511 3834 537 3887 iu
551 3834 689 3898 suauitate,
708 3834 734 3886 in
747 3833 848 3904 Spiritu
870 3843 972 3900 saucio,
1022 3836 1246 3890 eisuosrietoria
1267 3836 1348 3907 potiri
1367 3837 1517 3903 concedat,
1535 3836 1580 3906 qui
1598 3834 1811 3891 interlerriiiout

179 3932 401 3987 incbaritatcnon
414 3932 487 4004 ficta,
503 3933 531 3985 in
546 3931 620 3985 uerbo
632 3931 758 3997 urritruis,
769 3930 797 3983 in
808 3930 900 3984 uirtute
912 3929 972 3995 Dei,
1024 3925 1149 3979 iubatum
1170 3925 1307 3994 strepitus,
1333 3934 1360 3980 et
1383 3925 1526 3980 fulminum
1545 3926 1764 3990 coruscationes,
1786 3929 1811 3976 ei

178 4038 224 4092 per
236 4040 310 4078 arma
319 4023 432 4092 iustitie
448 4023 572 4077 adeatris
589 4031 612 4087 et
624 4039 640 4077 a
651 4022 774 4083 sinistris,
799 4038 845 4092 per
860 4020 972 4093 gloriam
1022 4017 1102 4072 uubis
1126 4019 1292 4073 densissimae
1307 4019 1554 4083 obumbrationem,
1573 4025 1599 4073 ct
1624 4017 1811 4088 crepitantium

179 4121 202 4165 et
213 4111 411 4182 ignobilitatem,
422 4128 469 4182 per
479 4111 616 4181 infamiam
626 4119 649 4163 et
661 4111 755 4164 bonam
766 4111 875 4180 santam,
890 4119 917 4164 ut
930 4127 972 4165 se·
1022 4107 1125 4178 ignium
1147 4123 1227 4178 rogos
1250 4109 1394 4163 exterritus
1419 4117 1446 4162 ct
1472 4107 1667 4162 tremebundus
1697 4113 1810 4162 monum

179 4200 309 4264 densiores,
334 4211 358 4255 ct
385 4218 487 4256 veraces
506 4217 515 4255 :
536 4202 602 4255 sicut
615 4202 706 4272 ipnoti,
722 4211 745 4255 et
761 4201 873 4272 cogniti:
896 4203 973 4273 quasi
1002 4269 1007 4280 1
1023 4199 1195 4263 conscendat,
1208 4197 1294 4269 legem
1315 4199 1442 4267 accipiat,
1456 4206 1482 4252 ct
1497 4198 1568 4254 inter
1588 4199 1675 4254 Deum
1690 4208 1719 4255 et
1730 4196 1811 4253 bomi-

180 4293 327 4357 mouientcs,
339 4301 427 4346 etecce
444 4293 552 4346 uiuimus
565 4309 574 4346 :
587 4301 616 4345 ut
633 4291 762 4362 custipati,
782 4300 806 4345 ct
820 4309 872 4345 nou
882 4282 973 4347 mortiss
1023 4304 1071 4344 nes
1083 4304 1164 4344 verus
1184 4289 1340 4359 interpresa
1354 4289 1466 4344 Domino
1488 4288 1658 4361 promulgata
1680 4295 1809 4360 precepti

179 4384 269 4453 picati:
285 4385 361 4455 quasi
382 4385 478 4448 tristes,
498 4401 597 4454 sernper
621 4396 707 4443 autent
724 4383 881 4454 pandentes:
903 4387 971 4439 sicut
1024 4381 1129 4452 pupulis
1140 4382 1305 4437 observanda
1318 4382 1483 4436 demonstret
1494 4383 1555 4450 ;qui
1568 4381 1810 4437 secundumexrm-

180 4486 291 4546 rpentes,
307 4474 403 4528 mrtltos
430 4485 517 4529 autern
532 4475 736 4547 locupietanics:
761 4486 886 4546 tunquam
909 4475 974 4530 nilrii
1026 4473 1167 4543 plarquod
1187 4473 1213 4528 ci
1228 4474 1548 4528 inmonoe-tuoustratum
1577 4472 1672 4537 luerit,
1689 4473 1809 4528 taberna·

180 4565 802 4639 babentes,etomitiapossidentesilliior.rr).
818 4567 976 4638 lnqrrouir-
1024 4564 1115 4619 culum
1148 4563 1237 4628 iaciat,
1268 4564 1339 4633 quod
1363 4578 1424 4618 cum
1447 4562 1585 4634 ingressus
1614 4561 1700 4618 luerit
1731 4559 1809 4634 ςιοιίι

181 4664 270 4711 tutum
292 4658 473 4727 catalogum
500 4659 604 4730 praelati
628 4676 730 4726 sumus,
754 4661 824 4716 idem
852 4662 975 4732 egregius
1025 4656 1130 4711 Doutini
1154 4655 1278 4726 operiat;
1306 4655 1352 4724 qul
1375 4655 1410 4709 slt
1434 4654 1594 4709 mitissimus
1618 4668 1706 4724 super
1721 4665 1810 4711 unm

181 4751 496 4822 praedicatam-imaginum
510 4753 692 4807 adorationem
706 4752 846 4816 insereret,
867 4752 889 4806 si
904 4752 975 4808 itanc
1011 4747 1069 4817 ,qui
1082 4754 1221 4801 morardus
1231 4747 1257 4799 in
1268 4755 1350 4810 tortu,
1365 4746 1399 4799 ud
1408 4760 1487 4814 utrem
1499 4745 1626 4815 loquatur
1647 4745 1720 4800 Deus
1747 4742 1809 4798 isch

181 4844 277 4901 irarum
289 4844 390 4900 sociam
403 4845 582 4914 Ecclesiurpue
598 4844 746 4916 proficuam
764 4859 824 4898 esse
847 4844 975 4899 decerne-
1024 4838 1058 4894 ad
1069 4837 1176 4900 tactem,
1195 4835 1266 4892 sicul
1280 4836 1352 4906 loqui
1367 4833 1436 4891 solui
1448 4835 1706 4890 humiliantium
1718 4846 1809 4896 sw-

180 4943 232 4998 ret,
257 4949 338 5005 quam
357 4935 531 4991 dinumerare
553 4935 614 4991 ideo
638 4933 743 4992 distulit
761 4934 823 5005 qrria
838 4935 908 4990 banc
923 4935 975 4991 uti·
1023 4931 1068 5000 qui
1080 4931 1164 4985 donec
1174 4928 1214 4985 sol
1228 4936 1325 4999 quater
1346 4927 1437 4983 decies
1448 4934 1537 4984 ortttm
1551 4941 1735 4998 nemeamque
1752 4939 1811 4997 per·

181 5024 234 5081 lem
249 5026 360 5082 minimo
375 5042 436 5085 esse
446 5026 590 5098 persensit.
1023 5023 1105 5089 ilelat,
1121 5022 1194 5078 omni
1205 5011 1266 5077 cibo
1276 5019 1383 5095 penitus
1395 5025 1626 5089 potuqaeeareat,
1643 5014 1810 5086 ruminales

465 5156 580 5214 CAPUT
596 5157 679 5213 xm
1026 5116 1112 5170 uiurio
1132 5112 1274 5183 splendore
1288 5109 1332 5164 vix
1358 5109 1457 5164 intueri
1478 5116 1579 5179 quesn
1598 5107 1648 5178 qul
1665 5108 1699 5164 ds
1710 5108 1811 5164 duabu

182 5244 259 5313 Quod
279 5264 331 5302 non
341 5249 415 5319 parui
430 5248 464 5301 sit
478 5249 575 5302 erroris
586 5249 753 5319 manniacum
764 5250 890 5320 innupiner
904 5266 974 5306 arcte
1023 5206 1132 5278 regibus
1159 5202 1317 5309 mmpssmr
1341 5202 1496 5274 ‘dumphet'
1525 5201 1571 5273 qui
1588 5199 1810 5309 quanqum

214 5319 364 5373 ainamma
386 5317 492 5372 pompa
518 5334 653 5388 ,oppam
667 5321 769 5386 conari,
790 5330 817 5377 „p
831 5318 871 5379 pp·
887 5321 915 5376 5„
925 5336 974 5380 ,pa
1023 5315 1155 5356 annorum
1167 5297 1292 5353 cursibus
1303 5297 1493 5366 exemptlsnea
1504 5294 1646 5351 oculorum
1658 5295 1811 5366 caliginem,

213 5387 315 5456 spnoao
329 5387 415 5457 iacere
428 5388 515 5442 coemi
529 5397 600 5442 sunt.
1024 5408 1074 5449 nec
1086 5391 1206 5447 dentium
1230 5389 1377 5445 motionem
1392 5387 1525 5458 patiatur:
1541 5388 1588 5461 qui
1604 5382 1734 5445 iaciatex
1749 5403 1813 5460 que

215 5473 318 5546 lingna
339 5477 514 5533 absurditatis
529 5477 584 5533 imo
598 5477 758 5534 temeritatis
779 5487 820 5537 est
842 5495 912 5536 areae
935 5487 974 5535 tc-
1024 5482 1089 5538 libet
1105 5480 1220 5536 materia
1243 5478 1386 5549 imaginem
1402 5490 1462 5551 quae
1474 5483 1515 5532 tot
1530 5476 1665 5533 redundet
1678 5477 1812 5549 mysteriis

182 5569 309 5623 ttameuti
322 5569 428 5626 Domini
442 5569 575 5640 imagines
590 5585 730 5644 mequnre
746 5572 921 5637 cenericum
934 5578 974 5627 tot
1023 5579 1052 5628 et
1071 5571 1200 5626 exuberet
1215 5566 1403 5631 sacramentis,
1427 5574 1459 5621 ut
1480 5564 1509 5621 in
1521 5563 1581 5635 sius
1602 5566 1749 5637 superacta
1763 5574 1814 5622 trs·

183 5660 372 5730 mysteriorum
388 5661 495 5719 indiciis
510 5663 545 5719 ab
569 5663 614 5719 illa
632 5669 780 5721 noscantur
792 5662 922 5734 differre,
946 5673 974 5721 et
1025 5662 1122 5718 menda
1146 5659 1292 5716 audiantur
1308 5655 1438 5726 usumin
1464 5663 1528 5715 ante
1539 5655 1626 5729 miss
1640 5664 1812 5731 eorm
