3780 6120
126 276 194 334 ιιει
566 268 596 324 e.
614 267 739 326 canem
759 263 867 321 mem
885 263 963 320 ere.
984 262 1073 319 naurs
1090 263 1122 318 n.
1142 264 1264 321 securo
1281 265 1312 319 n.
1343 250 1345 255 ⁴
1693 266 1765 325 rrcr

124 386 240 458 patiere,
251 381 284 437 dc
298 382 395 453 quibus
413 396 485 436 nune
499 378 589 434 dicere
601 379 709 448 lengum
723 385 780 440 est,
796 381 913 430 usitatus
926 378 952 434 Α
964 375 1052 444 image
1064 376 1190 444 quselibet
1208 375 1305 431 mertis
1331 375 1444 444 irnperio
1473 377 1604 435 destitute
1621 380 1765 452 Erebique

103 469 105 472 ’
124 477 297 546 approbatur,
315 477 376 526 eta
398 469 496 524 divinis
513 469 684 538 litterisque
699 467 776 536 plura
795 473 912 527 saerata,
963 464 1096 531 pnrlrrnde
1114 466 1229 535 spoliate
1242 465 1411 534 desepnlcre
1437 471 1633 533 conscience
1647 470 1764 541 cujusli.

124 575 152 621 et
164 563 197 618 ad
205 563 364 634 mysterium
377 560 539 632 pertinentia
548 559 643 614 eonem
655 573 766 612 numere
776 565 914 612 coarctata
963 552 1009 607 bct
1022 553 1120 607 terreni
1133 554 1246 609 ιιιίιιείε
1262 570 1330 625 epus
1356 556 1469 624 apostoli
1484 556 1651 616 salutaribus
1670 563 1762 617 meni.

17 639 23 642 ⁷
125 649 774 717 essetestantur,sacrat3ssimusdemonstratur.
794 645 915 712 eratner
965 645 1000 700 tis
1015 646 1155 710 institutis,
1177 656 1268 716 etper
1291 647 1375 703 nitius
1399 649 1492 703 mnndi
1512 653 1762 723 compitaadprae-

125 743 225 799 etenim
239 740 348 795 demina
360 739 393 795 dc
405 755 459 794 une
480 736 597 808 paradisi
620 735 693 790 strete
708 735 871 799 emanantia,
887 741 915 788 ει
964 737 1125 792 dicationem
1136 739 1277 794 destinatis
1289 754 1350 793 com
1373 754 1488 809 corpore
1502 741 1535 795 ad
1550 742 1651 797 coelum
1664 760 1761 799 ascen-

126 841 244 901 qnatuer
256 828 393 899 evangelia
404 827 437 882 de
453 826 525 881 iente
536 825 605 881 lucis
617 833 646 878 et
659 824 764 893 origine
787 821 915 876 bonitatis
965 828 1013 894 dit,
1032 837 1060 884 et
1074 828 1106 883 ad
1123 830 1169 884 bei
1185 830 1273 887 Patris
1300 833 1494 904 enrniputentis
1507 834 1649 890 dexteram
1677 838 1758 892 sedit.

126 919 310 991 procedentia,
321 927 347 971 et
357 925 473 988 quatuor
484 917 608 976 virtutes,
622 913 766 998 prudentia
779 912 913 974 videlieet,
965 921 1027 976 Haec
1037 922 1108 976 enim
1120 923 1209 977 omnia
1228 940 1280 978 non
1292 925 1396 996 pictura
1421 927 1556 996 quelibet,
1570 929 1619 983 sed
1629 928 1760 986 Christos

127 1013 277 1078 lertitude,
304 1012 431 1082 justitia,
470 1026 518 1067 scu
541 1009 744 1080 temperantia,
770 1008 916 1062 humanam
965 1013 1232 1084 quiestenicesbei
1249 1015 1338 1072 Patris
1362 1017 1522 1074 Filiusante
1539 1019 1761 1075 seculaal‘atre

127 1104 210 1158 vitam
222 1102 420 1158 honestissimis
447 1102 546 1170 regulis
561 1099 733 1154 moderantes
745 1111 805 1152 esse
819 1095 917 1151 descri·
962 1101 1137 1157 ineliahiliter
1147 1103 1265 1173 genitus,
1280 1104 1307 1159 in
1322 1105 1374 1161 ilue
1386 1108 1546 1162 saculermn
1560 1109 1593 1163 ad
1610 1118 1699 1165 terras
1712 1112 1761 1165 bu·

127 1196 237 1252 buntur.
261 1195 404 1261 eratlrartis
425 1193 506 1248 etiam
527 1192 607 1263 lignis
631 1206 693 1246 arca
716 1190 845 1245 fabricata
863 1197 914 1252 est,
965 1207 1052 1248 manc
1064 1193 1159 1248 salutis
1182 1210 1263 1250 cansa
1275 1197 1374 1251 missus
1385 1199 1498 1269 peregit,
1514 1199 1559 1268 qui
1572 1209 1613 1255 cst
1627 1209 1758 1255 unctesa

129 1288 157 1344 in
176 1303 228 1358 qua
252 1286 362 1341 humani
389 1285 496 1354 generis
515 1284 571 1338 sive
592 1282 713 1336 eurrrium
739 1281 917 1334 animantum
966 1284 1046 1340 Patre
1061 1283 1122 1338 elce
1141 1283 1240 1339 laetitiae
1253 1301 1309 1355 pre
1324 1289 1497 1343 mamertinus
1516 1289 1583 1354 suis,
1604 1291 1650 1360 qni
1663 1307 1762 1346 secran-

128 1381 183 1434 rita
198 1379 276 1449 aquis
293 1384 391 1432 crrrrcta
414 1373 583 1428 restantibus
601 1380 736 1425 reservata
756 1378 817 1424 est:
846 1384 917 1423 nune
967 1375 1030 1429 dnm
1048 1372 1209 1442 Apostolum
1229 1375 1383 1444 pacillcavit
1404 1378 1497 1443 emnia
1525 1393 1574 1448 per
1600 1379 1761 1449 sanguinem

128 1485 236 1542 quoque
259 1484 322 1523 area
339 1473 440 1523 saincte
453 1465 588 1526 Ecclesiae,
610 1464 709 1532 quein
733 1459 812 1530 brrjvrs
827 1460 918 1515 seculi
967 1466 1057 1520 crucis
1070 1481 1135 1529 suae,
1161 1465 1218 1521 sive
1231 1482 1291 1535 quae
1304 1466 1331 1520 iu
1357 1468 1444 1531 caelis,
1469 1469 1525 1524 sive
1552 1485 1613 1539 que
1638 1470 1762 1525 interris

126 1561 287 1634 procellosis
299 1557 476 1615 terrtatienum
490 1555 594 1610 innatat
604 1553 693 1618 undis,
704 1552 918 1624 qneelecternm
967 1568 1038 1618 sunt,
1054 1557 1095 1612 cui
1108 1557 1224 1611 ilectitur
1237 1573 1317 1612 omne
1327 1572 1395 1627 genu
1409 1559 1569 1624 coelcstium,
1590 1561 1762 1616 terrestrium

122 1634 360 1723 reprebcmmque
382 1652 531 1716 caperest,
558 1643 699 1715 quadratis
711 1642 800 1712 lignis,
816 1641 919 1695 sanctis
969 1653 996 1701 et
1013 1646 1188 1701 intemetum.
1207 1646 1246 1702 hc
1263 1662 1312 1717 per
1332 1649 1385 1704 hec
1406 1649 1428 1704 si
1453 1651 1515 1720 quis
1548 1651 1696 1722 imaginem
1716 1653 1763 1705 aal-

19 1780 32 1798 .
126 1728 235 1801 'scilicet
249 1741 316 1796 airis
340 1738 477 1811 patientiae
498 1737 598 1790 virtute
623 1733 768 1796 decoratis,
787 1732 917 1787 labricata
934 1707 1051 1791 Βιιιειιε
1066 1735 1141 1799 llicit,
1157 1735 1208 1790 llic
1220 1747 1257 1791 ert
1281 1737 1401 1793 Christus
1416 1738 1502 1793 Filias
1516 1741 1575 1806 Dei,
1600 1756 1655 1796 neu
1674 1741 1763 1796 selvam

119 1836 163 1901 ,eq
182 1840 258 1889 ratur
284 1844 399 1901 querum
424 1828 479 1882 rita
497 1840 657 1897 quocunque
672 1823 789 1878 vertitur
805 1821 919 1876 firmiter
969 1834 1073 1896 peccat,
1091 1827 1137 1880 scd
1165 1826 1246 1880 etiam
1264 1826 1402 1883 insaniens
1425 1829 1541 1885 sceleste
1564 1830 1622 1901 agit
1646 1830 1695 1901 qui
1724 1832 1764 1886 rei

133 1928 201 1991 ιιιιι,
215 1923 277 1994 quia
291 1937 340 1977 nec
350 1922 375 1974 iu
393 1917 514 1974 adversis
524 1915 696 1985 dejiciuntur,
709 1929 758 1969 uec
772 1914 798 1968 iu
812 1927 920 1983 prospe·
971 1920 1024 1968 tarn
1049 1914 1172 1969 sublimis
1191 1914 1448 1982 excellentissimum
1477 1933 1574 1972 nenrcn
1594 1919 1604 1990 (
1617 1919 1641 1973 si
1673 1928 1764 1973 tamen

131 2014 170 2072 ris
195 2015 234 2070 se'
246 2013 377 2067 leraetur.
396 2009 515 2077 Quorum
540 2023 591 2063 nes
611 2007 723 2077 vestigia
757 2011 918 2075 sequentes,
970 2003 1077 2059 resdici
1090 2002 1131 2058 las
1155 2004 1200 2068 sit,
1219 2012 1247 2059 ει
1268 2020 1321 2059 nen
1334 2005 1424 2074 potius
1438 2021 1529 2060 rerum
1550 2006 1674 2061 emnium
1688 2008 1765 2076 erigo

128 2115 159 2164 et
170 2121 265 2162 vocum
276 2103 409 2159 ueritates
427 2101 554 2164 vitantes,
574 2106 602 2154 ει
619 2113 710 2153 rerum
721 2112 801 2152 sensu
826 2110 921 2150 caren-
962 2094 1012 2149 'vcl
1023 2093 1115 2166 eausa)
1129 2105 1183 2149 tarn
1199 2094 1246 2149 vili
1260 2095 1298 2148 rei
1313 2104 1420 2166 tamque
1431 2096 1553 2167 abiectae,
1568 2106 1596 2153 ει
1608 2113 1664 2153 nee
1676 2099 1764 2154 selem

131 2197 198 2252 tium
220 2193 409 2250 adorationem
432 2197 601 2260 spernentes,
618 2188 723 2258 solique
750 2187 806 2242 Dee
819 2185 920 2242 celtum
972 2185 1109 2257 mysteriis
1139 2185 1186 2240 sed
1218 2193 1246 2240 et
1274 2186 1328 2240 vita
1356 2187 1459 2242 carenti
1491 2196 1585 2258 aptare
1611 2190 1763 2245 contendit.

131 2285 271 2343 servitutis
289 2283 458 2344 exhibentes,
477 2279 588 2351 ejusque
606 2279 708 2335 sanctis
723 2284 920 2347 competentem
971 2276 1048 2332 Siout
1059 2277 1131 2333 enim
1154 2277 1242 2347 image
1256 2276 1382 2347 quelibet
1407 2276 1517 2334 Christe
1541 2281 1568 2334 in
1583 2290 1682 2335 natura
1696 2296 1766 2336 eea>-

132 2379 263 2434 bonorem
279 2371 476 2444 impendentes,
488 2369 515 2424 iu
527 2367 656 2438 patientia
675 2374 921 2436 uestrapessesso·
971 2366 1049 2436 quari
1059 2366 1163 2437 nequit,
1179 2365 1215 2420 ita
1231 2367 1313 2421 etiam
1330 2366 1358 2420 in
1377 2368 1486 2421 nemine
1500 2369 1635 2437 cerquari
1653 2369 1765 2424 minimo

132 2481 178 2523 ms
190 2480 240 2521 Μ,
250 2477 391 2532 speramus
408 2460 513 2515 animas
529 2452 648 2513 nostras.
972 2459 1080 2529 poterit.
1098 2457 1174 2524 Quod
1197 2458 1220 2513 si
1235 2459 1296 2528 quis
1309 2456 1380 2513 ierte
1395 2459 1596 2528 equivocorum
1623 2460 1764 2515 neminum

389 2570 503 2627 CAPUT
519 2569 663 2626 PRIMUM·
964 2548 999 2627 'iu
1012 2549 1083 2603 hanc
1098 2555 1205 2617 partem
1226 2547 1357 2603 rationem
1382 2547 1532 2603 arbitretur
1558 2563 1639 2618 pesse
1654 2551 1763 2613 cadere,

133 2644 347 2701 felsiuimnmet
360 2643 414 2697 rien
421 2640 529 2711 diqnnnr
539 2641 638 2694 dictant
648 2638 760 2695 dannaia
770 2638 921 2720 presbyteri,
972 2638 1041 2693 sciat
1067 2640 1137 2694 hanc
1155 2655 1246 2719 quam,
1263 2654 1336 2694 nunc
1351 2638 1513 2695 discutimus
1536 2641 1703 2696 sententiam
1729 2644 1763 2695 ab

166 2717 211 2799 qrri
239 2731 291 2768 nee
305 2713 392 2767 urinae
420 2711 520 2765 ceteris
544 2711 572 2764 in
597 2710 742 2780 imeqirmm
769 2708 923 2763 adcretione
971 2732 1171 2802 mmmmm
1187 2731 1442 2786 nominummfione
1456 2732 1534 2802 longe
1547 2732 1662 2788 disum·
1684 2732 1764 2790 Aliud

167 2786 296 2840 lucanicae
316 2782 493 2866 diffiteantur..
506 2780 650 2861 biterrim:
665 2777 716 2845 Qui
742 2778 837 2861 aderat
855 2778 923 2860 ivea·
1064 2821 1070 2834 .
1141 2821 1147 2833 .
1365 2820 1371 2833 .
1466 2841 1473 2859 Ι
1508 2837 1514 2851 ¹
1696 2824 1703 2837 ,

167 2856 267 2924 murem,
285 2861 313 2908 et
330 2855 397 2908 drert
412 2866 539 2920 quomam
557 2850 601 2904 luc
620 2856 664 2904 est
687 2848 813 2904 Christus
838 2846 924 2902 Frlrus
972 2828 1014 2877 ω
1028 2837 1100 2876 ‘'¹¹¹''
1122 2821 1221 2884 wer
1241 2821 1323 2876 ¹¹⁰¹¹¹⁰
1346 2831 1435 2892 P¹⁰²¹¹⁸
1457 2829 1589 2888 imm&
1604 2822 1648 2878 ¹0⁰
1676 2833 1764 2894 l¹¹⁰¹¹¹s

166 2926 224 2990 Dei,
241 2940 295 2981 „011
308 2930 412 2993 peecare
970 2909 1088 2970 'etverus
1108 2920 1136 2968 et
1162 2912 1290 2978 caelestis,
1309 2922 1390 2983 atque
1410 2913 1482 2969 aliud
1509 2913 1656 2986 imaginem
1686 2914 1763 2971 lateri

167 3016 289 3085 llagnam
308 3012 386 3067 nobis
401 3011 429 3065 in
439 3011 491 3065 hec
504 3024 587 3078 opere
605 3006 761 3078 disputandi
779 3007 958 3106 materiante
973 3004 1111 3062 Christum
1124 3004 1222 3059 Filium
1235 3004 1283 3059 lici
1300 3017 1370 3069 esse,
1392 3020 1454 3060 cum
1467 3005 1593 3061 videlicet
1605 3005 1662 3062 illic
1675 3007 1762 3062 uomi-

130 3104 248 3164 isannes
269 3103 410 3172 presbyter
421 3107 449 3154 et
470 3101 573 3168 legatus
585 3098 764 3155 Orientalium
779 3099 862 3165 dedit,
873 3100 920 3170 qui
972 3096 1016 3152 nis
1030 3097 1065 3152 sit
1079 3103 1182 3151 ιιιιιιιιιι
1198 3095 1384 3160 consenantia,
1399 3095 1443 3150 hic
1455 3097 1605 3167 perspicuae
1616 3096 1761 3168 professio

132 3195 203 3250 inter
220 3200 333 3248 caeteras
348 3206 404 3245 sue
419 3187 594 3258 professionis
604 3190 786 3245 absurditates
801 3205 853 3245 uec
864 3188 921 3246 salli
970 3186 1015 3242 his
1029 3187 1107 3258 plena
1122 3186 1265 3250 sententia,
1282 3186 1410 3256 queniam
1429 3187 1629 3256 equivocorum
1644 3189 1714 3244 ratio
1735 3188 1761 3244 in

131 3284 158 3341 ln
173 3281 344 3352 becneqetie
360 3281 461 3350 dequo
476 3291 565 3335 sermo
580 3279 623 3334 est
637 3277 740 3343 vitavit,
769 3277 922 3335 neeiallere
972 3278 1030 3335 sele
1058 3277 1225 3333 tantumdem
1255 3277 1363 3332 nemine
1402 3279 1619 3333 communionem
1660 3279 1760 3341 habet,

131 3375 232 3441 timuit,
245 3387 294 3429 nec
308 3372 417 3428 mentiri
431 3387 478 3427 seu
494 3371 529 3426 ad
553 3370 723 3425 mendacium
736 3370 804 3426 alies
818 3370 921 3426 bertari
972 3385 1108 3426 mersere
1119 3376 1150 3424 ιιι
1165 3369 1199 3424 ad
1210 3368 1394 3424 definitionem
1408 3370 1570 3441 pervenerit,
1587 3370 1659 3441 qued
1675 3385 1726 3425 noa
1737 3371 1759 3424 i·

130 3466 250 3523 eruhuit.
270 3463 338 3518 Falli
362 3462 461 3517 etenim
485 3476 539 3515 ueu
563 3460 666 3528 vitavit,
684 3475 746 3516 enm
765 3469 920 3516 sanctarum
972 3462 1015 3518 nis
1028 3462 1183 3518 communie
1195 3476 1262 3517 sene
1281 3461 1450 3516 selummodo
1467 3462 1543 3517 cecis
1553 3463 1671 3532 tegebat,
1696 3462 1759 3517 dell-

132 3560 336 3630 Scripturarnm
355 3555 423 3612 calle
444 3571 505 3625 quac
522 3554 639 3610 uuiuset
661 3555 744 3611 solius
760 3555 920 3611 Deiceltum
971 3553 1039 3609 nitie
1051 3553 1227 3609 solertissime
1249 3553 1352 3622 pandit.
1369 3552 1449 3607 aliud
1468 3568 1595 3623 namque,
1614 3561 1643 3608 ut
1657 3552 1759 3623 praelati

130 3661 159 3707 ct
175 3649 360 3707 adorationem
387 3655 499 3703 censent
520 3647 679 3718 postposite,
696 3663 746 3719 per
763 3649 877 3719 abrupta
892 3655 922 3703 ct
972 3660 1074 3707 sumus,
1104 3652 1132 3700 et
1155 3644 1233 3714 longe
1259 3645 1333 3700 alind
1358 3653 1420 3710 est,
1450 3644 1584 3715 picturam
1617 3645 1760 3715 quamdam

22 3723 26 3728 ⁹
130 3745 207 3802 deria
222 3758 318 3798 errans
331 3743 429 3797 mentis
445 3756 501 3796 see
517 3742 614 3812 pedem
624 3741 659 3797 ad
675 3757 718 3798 res
730 3757 812 3798 sensu
825 3758 922 3798 caren-
971 3734 1079 3789 nemine
1103 3732 1291 3789 tantummode
1317 3733 1389 3789 illius
1416 3733 1456 3788 rei
1480 3748 1656 3804 nuncupare,
1686 3731 1759 3802 eujus

130 3841 173 3890 tes
189 3833 339 3888 adorandas
352 3831 470 3887 divertit.
488 3830 594 3886 Fallere
606 3847 660 3887 nen
672 3832 776 3898 timuit,
789 3848 850 3888 cum
865 3831 922 3888 cal-
971 3824 1061 3897 imago
1075 3826 1277 3879 esttecundum
1299 3825 1499 3895 aequivocorum
1513 3825 1653 3880 neminum
1679 3826 1759 3880 ratio

129 3925 183 3982 lem
197 3924 263 3980 recti
290 3922 396 3978 itineris
408 3937 423 3976 a
436 3937 466 3977 se
488 3919 699 3992 praetermissum
726 3922 786 3977 aliis
809 3928 921 3991 prater-
970 3926 1137 3987 een1,atque
1155 3916 1228 3973 aliud
1243 3933 1301 3973 rem
1319 3918 1483 3974 insensatam
1504 3918 1627 3982 adorare,
1647 3926 1676 3973 ει
1688 3933 1758 3974 ear*

130 4015 238 4072 mittere
248 4021 276 4068 ει
292 4027 384 4068 secum
398 4010 529 4082 periuria
543 4026 636 4067 errare
649 4010 741 4066 multis
764 4011 921 4067 assertioni·
970 4008 1031 4064 dem
1043 4024 1099 4063 reru
1111 4009 1190 4080 plena
1206 4010 1339 4065 sententia
1355 4009 1493 4066 Christum
1515 4010 1562 4066 lici
1583 4010 1683 4066 Filium
1699 4026 1758 4082 pre·

110 4103 180 4160 ‘bus
193 4118 225 4157 ae
247 4101 337 4171 petius
349 4101 513 4155 vanitatibus
526 4100 670 4168 persuasit.
690 4100 797 4156 blentiri
811 4115 920 4171 queque
947 4099 950 4105 ’
970 4096 1040 4152 ssteri
1063 4107 1090 4153 ει
1107 4098 1220 4153 dicere:
1241 4096 1342 4153 Hiceta
1357 4097 1481 4153 carneas*
1502 4098 1590 4154 Filiae
1615 4099 1675 4154 Dei.
1693 4100 1758 4154 Nam

128 4198 157 4247 et
166 4192 199 4247 ad
207 4190 375 4246 mendacium
387 4188 455 4245 alies
464 4189 604 4244 exhortari
611 4205 664 4245 nen
677 4191 794 4257 erubuit,
807 4191 918 4261 quirem
969 4187 993 4243 si
1007 4186 1059 4243 nte
1072 4188 1243 4244 mendacium
1257 4188 1389 4258 preferre,
1407 4189 1489 4244 utille
1501 4187 1590 4245 lassam
1600 4198 1652 4253 est,
1664 4206 1756 4261 pecca·

129 4281 249 4337 illicitam
274 4289 430 4350 perpetrare
450 4286 478 4334 ει
499 4278 668 4335 mendacium
686 4278 809 4349 prolerre
823 4295 920 4350 peccae
970 4286 1028 4333 tum
1043 4294 1096 4332 nen
1107 4285 1157 4343 est,
1173 4278 1268 4333 illicita
1286 4294 1399 4349 quaeque
1412 4290 1573 4350 perpetrare
1583 4281 1688 4336 nullum
1700 4296 1756 4351 με·

128 4378 312 4427 ιιιιιιιιειιεεεε
322 4369 595 4425 εεεειιιίι.Αἱιειιίιιι;
608 4368 917 4442 Quinderetimrqineut,
931 4375 1059 4451 „catam
1071 4376 1128 4434 est:
1141 4378 1168 4423 et
1189 4368 1212 4423 si
1241 4368 1333 4423 illicita
1355 4385 1468 4439 quaeque
1482 4379 1643 4442 perpetrare
1657 4372 1757 4426 nullum

127 4470 152 4517 et
177 4462 240 4514 dicit
254 4461 316 4530 qaia
329 4459 371 4513 bic
383 4469 420 4513 ert
434 4457 552 4514 caretur
567 4457 591 4512 F
592 4457 654 4513 iiiuc
668 4458 728 4525 liei,
752 4475 805 4514 nen
818 4469 917 4530 peccat
969 4469 1110 4530 peecatum
1124 4469 1175 4527 est,
1203 4469 1357 4516 sanctarum
1381 4460 1585 4532 scripturaram
1600 4463 1688 4534 vigor,
1701 4477 1758 4531 qna

127 4554 177 4611 Cei
204 4553 317 4607 vanitati
342 4551 470 4607 facillima
495 4553 729 4622 argumentatione
756 4553 808 4608 hec
838 4553 918 4609 mede
968 4559 1061 4626 utique
1077 4558 1112 4610 ab
1137 4555 1237 4610 illicitis
1251 4555 1388 4611 abstinere
1407 4563 1530 4621 censent,
1546 4554 1681 4612 latescere
1694 4565 1758 4612 'cre-

127 4650 217 4714 petest
237 4641 327 4706 reniti,
352 4641 516 4711 queniamsi
535 4641 562 4698 id
578 4643 669 4697 dicere
692 4643 763 4712 qued
784 4658 839 4699 nen
864 4651 917 4711 est,
968 4647 1072 4703 dendus
1096 4654 1148 4702 est.
1174 4646 1233 4701 Non
1256 4655 1347 4702 autern
1372 4657 1527 4702 sanctarum
1556 4646 1757 4718 Scripturarum

127 4733 297 4791 mendacium
322 4748 375 4789 ¹1⁰⁰
403 4739 456 4799 0⁸¹2
484 4747 572 4803 bellue
588 4735 617 4794 ld
638 4734 729 4791 dicere
755 4737 827 4805 quod
854 4744 915 4804 est.
967 4745 1116 4816 rigorque
1140 4743 1175 4798 ab
1197 4743 1300 4798 illicitis
1317 4743 1468 4822 quibusque
1482 4742 1622 4797 abstinere
1636 4749 1756 4804 censent,

126 4838 221 4882 verum
231 4840 291 4881 esse
301 4831 410 4896 petest:
428 4840 461 4881 ac
472 4839 522 4896 per
533 4826 586 4882 hec
595 4827 619 4882 si
632 4827 741 4883 mentiri
754 4829 850 4884 vitium
862 4844 916 4884 neu
967 4833 1099 4890 ιιιεεεειε
1121 4834 1273 4889 credendus
1293 4841 1334 4888 est
1346 4850 1353 4887 :
1367 4841 1409 4887 est
1420 4832 1503 4901 igitur
1515 4832 1569 4887 tale
1586 4831 1757 4888 mendacium

124 4927 176 4983 est,
190 4933 278 4988 neque
291 4919 432 4974 veritatem
444 4918 566 4989 prolerre
576 4920 661 4976 virtus
672 4929 729 4988 εει;
744 4930 772 4976 ει
785 4922 808 4977 si
817 4923 917 4977 verita·
966 4926 1088 4997 prolerre
1101 4931 1252 4994 peccatum.
1263 4922 1330 4978 Nam
1340 4923 1404 4976 dum
1415 4936 1483 4992 pene
1493 4937 1574 4978 omne
1587 4921 1757 4978 mendae-iura

126 5018 181 5067 tem
194 5008 317 5080 prolerre
326 5025 359 5067 ac
370 5011 469 5067 sectari
482 5012 569 5068 virtus
579 5019 631 5079 est,
640 5013 734 5083 procul
749 5014 830 5070 dubio
840 5029 917 5070 meu·
966 5017 1039 5088 qued
1064 5014 1173 5070 fallendi
1188 5014 1276 5069 studio
1289 5011 1429 5083 prelertur
1443 5021 1585 5083 peecatum
1601 5013 1649 5076 sit,
1673 5011 1762 5075 multe

125 5101 170 5157 tiri
185 5101 406 5171 mendaciumque
417 5100 494 5172 sequi
505 5102 600 5178 vitium
614 5112 666 5158 est.
687 5104 763 5160 Unde
774 5120 837 5161 cem
851 5105 916 5161 dicit
966 5107 1054 5181 magis
1081 5108 1133 5162 boe
1160 5105 1212 5159 tale
1233 5089 1403 5160 mendacium
1426 5112 1567 5173 peccantur
1593 5119 1655 5162 esse
1672 5111 1761 5179 potest

124 5192 186 5262 quis
199 5193 332 5262 picturam
344 5192 483 5248 Christum
499 5207 560 5250 esse
578 5194 745 5261 betl'iliurn,
773 5198 913 5265 mentitae
965 5214 1028 5258 curn
1056 5206 1113 5252 tam
1142 5195 1222 5249 vilem
1251 5208 1308 5249 rem
1337 5194 1405 5249 tend
1432 5193 1552 5249 nominis
1587 5192 1761 5254 contessione-

125 5289 226 5338 etcum
238 5283 376 5350 mentitur,
392 5298 533 5354 perperam
549 5285 626 5356 agit,
646 5294 673 5342 et
691 5302 752 5343 cum
772 5303 914 5358 perperam
965 5301 1121 5356 nuncupare
1147 5285 1257 5349 studet,
1285 5291 1314 5339 ει
1336 5283 1535 5343 contessionem
1560 5299 1643 5359 quam
1666 5293 1759 5355 paster:

125 5373 292 5440 agibueoeat
302 5386 311 5428 ι
322 5375 473 5446 corrigitur
482 5376 618 5446 picturam
633 5376 700 5433 dicit
712 5391 773 5435 esse
779 5379 826 5435 lici
836 5379 915 5436 euri·
938 5411 940 5414 -
965 5376 1094 5434 Ecclesia
1116 5374 1204 5430 eidem
1219 5373 1382 5445 redemptori
1407 5374 1529 5444 pretulit,
1542 5390 1679 5450 quamque
1691 5389 1757 5445 que-

125 5467 196 5516 stum
208 5463 256 5519 bei
267 5463 375 5533 Filium,
385 5475 490 5537 peceat.
509 5467 569 5522 lieu
586 5466 659 5522 enirn
670 5468 776 5537 pictura
787 5469 915 5540 quelibet
964 5465 1030 5522 tidie
1041 5467 1067 5520 ei
1081 5464 1170 5520 curuis
1191 5471 1284 5519 sancta
1297 5463 1431 5523 catholiea
1443 5472 1472 5519 et
1483 5464 1646 5522 universalis
1656 5464 1758 5537 prefert

126 5559 226 5608 uestrae
245 5553 343 5613 saletis
358 5570 440 5614 causa
453 5557 591 5615 homiaem
616 5559 762 5628 assumpsit
776 5561 915 5619 eumdem-
964 5555 1095 5621 Ecclesia,
1107 5570 1154 5626 per
1166 5570 1253 5626 quare
1261 5563 1289 5611 ει
1317 5555 1545 5616 salvaeterrae
1558 5559 1656 5616 sanetis
1671 5559 1757 5630 specie

126 5657 179 5716 que
192 5644 321 5720 flagellari
338 5656 367 5704 et
377 5662 427 5719 pre
441 5650 522 5707 nobis
533 5649 607 5707 eruci
629 5647 700 5722 alilqi
715 5650 848 5721 permisit,
862 5666 913 5710 uec
966 5647 1756 5723 menadipiscitor,derebasensataquisprolemecoaetttrl
