3780 6120
124 221 191 305 ιιιιιι

553 218 581 271 B.
602 216 730 272 carnoti
750 217 856 273 lthNl
876 217 951 273 OPP.
972 219 1061 274 ritas
1079 218 1110 274 tl.
1133 219 1253 276 SECTlO
1270 221 1302 276 ll.

1680 226 1751 284 llud

155 329 210 383 nari
229 336 307 390 sant,
326 327 438 381 dicenter
458 342 466 380 :
487 326 533 379 Pia
553 325 625 379 enim
640 335 681 380 est
701 342 748 380 ars
774 326 904 394 pictoris,
921 326 1124 396 Aprolessione
1143 337 1215 384 tanta
1236 339 1277 387 est
1294 329 1553 402 nequitiajmlicnm,
1574 346 1677 406 quanta
1689 355 1750 410 per·

154 407 182 452 et
195 413 249 452 non
261 405 334 451 recte
346 411 405 450 eam
431 394 538 464 qrrilam
569 395 727 464 insipienter
745 395 904 458 detrabunt,

155 467 312 592 ἰὲιζοηάὲἷιίιιι
342 466 422 520 Pater
450 465 578 533 pictorem
606 465 648 533 pie
678 473 802 534 agentem
831 481 908 518 eoni-

156 694 184 746 Si
202 691 329 761 pestilens
340 690 436 744 humor
454 703 544 743 arcem
559 687 691 757 eorporis,
715 686 741 740 id
757 691 808 750 est,
826 695 909 756 capnt

132 781 266 845 auderit,
294 779 371 835 facile
385 779 419 833 ad
435 787 532 832 caetera
561 777 680 830 nlenrbra
700 773 907 841 transfunditur,

133 890 171 927 tec
185 871 337 925 mirandum
354 875 396 923 est
412 869 433 923 si
446 868 479 922 ad
492 868 589 936 pedum
619 867 671 920 ima
698 866 848 921 transfusus
862 881 909 921 eos

138 964 295 1021 stramenta·
306 958 393 1022 laedat,
415 958 437 1012 si
452 973 514 1012 enm
528 956 583 1026 jam
598 965 688 1027 capnt,
702 958 773 1027 qrroal
784 957 909 1013 ‹rrrrnibus

123 1057 249 1112 trrear'nris
261 1054 427 1126 praeminet,
439 1052 541 1108 lusisse
557 1061 672 1106 constet.
696 1053 810 1107 llesania
827 1051 910 1122 igitur

121 1147 316 1203 adorandarum
334 1144 481 1214 imaginum
494 1159 553 1213 qum
564 1142 736 1198 Constantini
752 1150 780 1196 ct
795 1141 910 1198 llaelenu

121 1248 211 1290 rnam-
224 1236 293 1305 ejus,
316 1235 374 1289 sire
387 1234 469 1288 etiam
484 1233 606 1288 Tbarasii
620 1234 910 1303 Citirstantiaopolitani

120 1326 236 1396 episcopi
250 1334 463 1393 ceterorumque
479 1323 585 1378 illarum
601 1324 718 1393 partiunt
740 1324 911 1378 sacerdotum

122 1425 239 1472 trientem
256 1413 374 1483 irrepsit,
387 1427 441 1466 non
458 1421 500 1466 cst
510 1412 655 1482 plurimum
669 1411 910 1481 magnipendenda,

123 1506 146 1560 si
160 1507 193 1558 ad
203 1502 323 1571 judicum
339 1502 395 1555 sive
410 1501 529 1570 plebium
542 1516 629 1570 usqne
644 1509 747 1554 mentes
762 1500 911 1569 subripien-

123 1597 170 1648 das
184 1592 332 1656 deseendit,
351 1591 477 1661 qnoniam
500 1599 530 1644 ut
550 1590 682 1660 superiori
697 1589 820 1659 exernplo
835 1606 912 1645 naon-

958 419 1072 474 rcrsitas
1083 421 1264 484 sacerdotum,
1281 422 1327 476 scd
1343 422 1368 476 in
1380 422 1439 476 istis
1448 422 1661 492 deprehenditur
1673 429 1753 498 igna-

958 512 1010 576 ria,
1024 512 1050 566 in
1063 513 1116 567 illis
1129 514 1224 585 ingens
1237 516 1368 569 redundat
1380 515 1500 579 insania,
1514 519 1668 585 praesertim
1689 538 1752 576 cnm

960 604 996 659 illi
1009 620 1039 659 sc
1058 606 1190 676 imagines
1204 607 1374 672 adoraturos,
1401 611 1494 679 eisque
1515 611 1658 666 serritinm
1677 617 1753 683 unul

959 703 1061 750 sanctae
1074 695 1201 751 Trinitati
1216 696 1339 762 debetur,
1359 700 1528 755 exhibituros
1550 700 1752 770 proliteantur;

959 782 1004 837 isti
1015 783 1149 852 pictorum
1160 796 1246 840 artem
1258 786 1330 855 piam
1343 804 1414 853 esse,
1425 799 1452 843 et
1463 806 1516 844 non
1528 791 1627 845 deliere
1638 793 1752 848 subsan-

960 874 1037 938 nari,
1051 883 1078 928 et
1088 875 1219 944 pictorem
1239 876 1282 945 pie
1298 886 1421 948 ageritem
1437 895 1453 932 a
1471 878 1552 934 Patre
1565 883 1752 936 corrinneadari

960 964 1074 1035 professi
1100 967 1154 1020 sint
1173 967 1313 1022 dieentes:
1329 967 1380 1022 Pio
1394 969 1463 1024 euim
1481 981 1519 1024 cst
1544 989 1587 1025 arr
1600 975 1710 1042 pictoris
1728 987 1752 1029 et

961 1067 1014 1107 non
1024 1065 1091 1108 recte
1101 1072 1158 1108 eam
1168 1055 1276 1126 qnidam
1285 1057 1438 1126 insipienter
1449 1060 1600 1125 detrahunt,
1615 1063 1670 1131 ipse
1682 1066 1751 1117 euim

962 1139 1043 1195 Pater
1054 1144 1178 1215 pictorem
1200 1146 1241 1214 pie
1264 1156 1382 1216 agentern
1405 1149 1579 1203 comanendut.
1596 1151 1626 1205 lu
1654 1153 1752 1220 unibus

961 1239 1138 1300 utrorumque
1168 1232 1380 1303 professionibus
1413 1235 1553 1291 evidenter
1583 1241 1751 1303 ostenditur,

962 1329 1039 1376 tanto
1058 1326 1213 1379 sacerdotes
1231 1325 1433 1394 praeeminuisse
1446 1325 1583 1393 judicibus
1605 1330 1632 1383 in
1647 1347 1751 1396 errore,

962 1421 1063 1482 quanto
1072 1414 1198 1479 nimimm
1206 1415 1382 1484 praeminent
1393 1431 1441 1485 per
1447 1418 1546 1486 gradus
1556 1421 1753 1477 sublimitatem

963 1502 990 1557 in
1003 1504 1116 1569 bonore,
1137 1504 1464 1574 necuraequaripotuisse
1485 1506 1568 1562 laicos
1591 1510 1753 1576 praesulibus

963 1589 991 1644 lu
1001 1591 1117 1646 absurda
1128 1590 1305 1660 professione,
1317 1595 1363 1662 qni
1376 1608 1430 1647 non
1448 1596 1583 1664 coequari
1596 1607 1711 1666 possunt
1727 1599 1753 1653 iu

122 1693 236 1741 stratum
251 1693 303 1746 est,
317 1698 379 1738 enm
390 1691 470 1753 capnt
482 1682 623 1736 insolentia
638 1680 775 1750 crrjnsdam
792 1682 830 1736 rci
842 1682 915 1736 inra-
930 1676 951 1735 B
965 1682 1140 1738 sacerdotalis
1154 1684 1289 1739 cathedre
1303 1685 1438 1753 essone
1466 1688 1512 1743 sed
1529 1689 1594 1744 dnm
1610 1691 1637 1745 ia
1657 1701 1753 1748 neutra

122 1777 203 1840 ditur,
220 1775 297 1829 facile
311 1781 408 1828 eaetera
422 1773 601 1838 invadantur,
623 1789 683 1842 quae
704 1773 786 1842 capiti
800 1773 912 1827 subesse

123 1876 318 1923 rrronstrantnr.
334 1865 417 1920 Omne
435 1876 511 1936 caput
526 1865 697 1935 languidam,
711 1867 749 1920 ait
764 1864 909 1935 Propheta,

123 1971 145 2014 et
162 1976 237 2014 omne
247 1975 293 2013 eor
305 1974 425 2021 merens,
438 1955 554 2027 opturata
567 1958 639 2026 prdie
653 1975 732 2028 rrsrpue
746 1957 780 2011 ad
791 1959 910 2012 uerticem

122 2064 174 2103 non
192 2057 230 2102 ert
247 2048 274 2101 ia
290 2049 327 2101 eis
346 2048 448 2101 renitor
471 2045 539 2111 (fra.
560 2046 589 2115 r).
622 2047 684 2115 quia
700 2045 823 2100 videlicet
846 2045 910 2100 (lum

122 2154 136 2191 a
159 2137 267 2208 regibus
279 2145 332 2192 cta
347 2135 551 2198 sacerdotibus,
573 2151 618 2204 qni
634 2133 771 2205 cucrrtplar
788 2133 857 2189 bene
870 2133 912 2188 ri·

123 2229 202 2282 rendi
216 2225 345 2294 subjectis
359 2226 481 2297 plebibus
495 2240 556 2280 esse
578 2226 684 2288 debent,
707 2233 781 2280 recte
804 2224 910 2281 sinendi

125 2327 249 2387 recteque
262 2318 358 2387 agendi
372 2315 489 2371 studium
502 2315 727 2386 pretermittitur,
750 2317 783 2371 dc
800 2316 910 2369 interna

124 2418 238 2465 sanante
254 2407 436 2477 subjectarum
447 2407 564 2478 plebium
587 2407 784 2475 quodammodo
804 2406 912 2461 dubita-

124 2514 176 2555 tur.
191 2500 257 2555 b'um
269 2515 335 2570 ergo
349 2498 377 2552 in
391 2497 485 2553 eadem
501 2497 602 2568 synodo
615 2506 654 2552 tot
665 2498 833 2552 sacerdotnm
852 2496 911 2552 lue-

124 2593 282 2648 riatabsitm
293 2599 397 2647 incides
409 2592 563 2656 erroribus,
579 2591 713 2661 qrronmdo
736 2606 789 2645 non
803 2597 910 2660 poterat

124 2683 279 2752 errorjno'ii
288 2701 332 2738 um
344 2684 475 2739 inhaerere
487 2684 639 2738 literalibus?
647 2683 910 2752 tlutquisaberrore

124 2778 233 2832 reducat
246 2791 319 2839 ores,
340 2776 363 2830 si
375 2775 482 2830 errandi
502 2776 628 2830 ducatum
642 2783 750 2829 teneant
765 2774 910 2844 pastores?

122 2867 284 2924 Sacerdotes
295 2867 396 2922 etenim
418 2867 507 2937 quiin
529 2882 649 2921 errorem
669 2864 790 2920 subditas
818 2864 910 2934 plebes

123 2961 250 3014 inducere
261 2967 418 3022 noscuntur,
433 2957 531 3010 talibus
540 2955 740 3025 perlcrcmiam
753 2954 909 3025 prophetam

125 3049 352 3117 'ncrepationibus
367 3055 515 3116 arguuntur
532 3065 538 3099 ε
553 3045 694 3114 Propterea
707 3047 763 3100 lam
783 3047 844 3101 altra
857 3045 910 3101 Dn-

133 3141 209 3191 aiaus
229 3140 262 3191 ad
279 3148 397 3208 pastores
409 3138 454 3207 qui
478 3145 567 3207 repunt
584 3136 709 3206 populum
732 3153 828 3190 nterim.
860 3135 911 3191 l'or

124 3228 281 3294 manaseas
292 3242 349 3279 oues
363 3242 451 3289 mens,
473 3237 496 3279 el
512 3225 648 3296 expulistis
658 3242 712 3291 eos,
725 3236 748 3278 et
761 3243 813 3279 raon
824 3227 913 3279 cisitu-

125 3319 171 3369 stis
184 3334 227 3369 eas
238 3316 346 3386 (tarem.
364 3315 443 3384 xxnr)
458 3332 463 3378 ;
486 3316 530 3370 ubi
549 3315 673 3384 protinus
685 3323 784 3384 quanta
798 3315 833 3369 sit
847 3331 912 3370 cura

127 3410 174 3463 llei
199 3425 263 3477 erga
278 3408 417 3479 populum,
429 3408 579 3476 qtralilerre
603 3408 701 3463 arnotis
715 3408 913 3480 negligentibus

126 3499 302 3554 studiosiores
325 3499 424 3568 populo
450 3500 497 3553 Dei
517 3500 615 3554 denitur
641 3511 771 3562 rectores,
790 3501 913 3570 protinus

125 3589 291 3645 subinfertur
303 3607 311 3647 t
323 3589 391 3644 Eece
402 3605 448 3659 epo
464 3590 566 3644 uiridica
579 3592 606 3644 in
621 3607 664 3645 eor
676 3591 818 3647 secuudum
842 3593 913 3649 merlo

124 3680 212 3735 studio
225 3689 323 3746 tustra,
350 3690 373 3734 et
391 3681 521 3735 ruscitulo
543 3680 596 3735 ttta
613 3692 730 3752 pastores
745 3683 790 3753 qui
804 3694 913 3754 pascam

124 3788 183 3835 ein,
203 3779 226 3823 et
241 3768 310 3823 altra
332 3786 386 3824 noa
403 3771 528 3824 timebant
552 3788 632 3841 raeque
656 3771 830 3839 terrebantur,
849 3773 913 3827 dicit

127 3859 254 3913 llorniaar
269 3859 376 3932 (latu).
393 3857 421 3912 fn
441 3859 565 3915 Ezechiel
584 3876 690 3930 auoque
719 3862 852 3930 propheta
879 3861 913 3916 de

127 3953 234 4014 tali-tus,
252 3951 323 4020 quod
334 3949 442 4021 quidem
455 3968 507 4006 non
528 3952 587 4006 sinc
602 3953 702 4023 ingenti
712 3954 794 4007 animi
813 3968 913 4023 angore

125 4061 188 4111 pras
206 4045 321 4112 quiritur,
334 4045 380 4113 (pn
397 4043 538 4112 stipendiis
550 4044 741 4101 ecclesiasticis
751 4054 874 4110 utuntur,
886 4051 914 4099 et

125 4137 254 4203 sumplis
268 4135 389 4189 erroneis
405 4142 432 4187 ct
455 4133 569 4187 incautis
590 4135 717 4203 papulum
743 4136 771 4189 in
792 4151 913 4191 errorem

127 4228 252 4280 inuncet-e
266 4226 423 4288 creduntur,
436 4224 506 4278 sicut
517 4224 544 4277 bi
557 4222 651 4279 fecisse
668 4225 854 4296 perhibentur,
866 4226 913 4295 qui

127 4339 152 4372 ‚n
167 4335 263 4372 sairam
278 4317 424 4388 irrnrginum
437 4316 622 4370 adorationem
642 4324 810 4376 exarserunt,
822 4325 850 4371 et
862 4333 912 4386 pu·

125 4414 218 4477 pulum
246 4424 276 4461 sn
297 4407 381 4462 ditum
394 4407 497 4477 prelati
521 4406 571 4460 sibi
587 4406 719 4462 inerrare
737 4409 912 4477 professionis

126 4501 307 4563 sonnerunt,
322 4497 357 4550 ita
376 4497 504 4551 scrilitnr
521 4514 527 4549 :
543 4495 577 4549 la
595 4496 665 4561 idco,
678 4505 808 4567 pastores,
826 4499 915 4552 audite

127 4593 230 4645 turham
243 4592 348 4644 Dniaiai
360 4607 369 4644 :
382 4589 448 4645 flues
468 4607 539 4643 mear
550 4589 691 4655 decoratis,
704 4601 728 4645 et
742 4591 811 4645 laair
823 4607 915 4646 eorum

128 4701 168 4736 nos
184 4683 331 4752 cooperitis,
345 4692 368 4736 et
382 4681 451 4752 quod
470 4691 638 4736 reassumere
653 4682 794 4753 jugulatis,
818 4693 842 4737 et
856 4698 914 4737 ouer

127 4791 196 4827 merra
204 4774 378 4842 dispacraistir5
392 4772 461 4842 paud
471 4772 665 4842 infirmumerat
676 4789 728 4827 non
735 4773 912 4842 confortastis,

125 4876 149 4919 et
165 4864 235 4936 guod
249 4864 316 4918 arole
328 4864 438 4918 liaberet
459 4881 510 4918 non
530 4864 652 4925 curuatis,
664 4872 687 4916 et
701 4864 841 4917 ecrrtritum
861 4880 913 4918 riou

125 4956 263 5029 alligastis,
290 4967 313 5010 et
328 4956 397 5027 quod
411 4955 514 5009 errabat
538 4972 589 5009 noa
610 4954 788 5019 corrueru'slir,
804 4964 827 5008 et
842 4955 912 5025 puori

124 5049 238 5119 perierat
255 5064 307 5100 ιιοιι
324 5047 477 5118 requisistis,
490 5042 517 5099 'et
533 5045 626 5114 fortem
640 5045 803 5115 oppressistis
813 5044 910 5107 labore,

125 5150 149 5194 et
161 5139 285 5211 dispersa
298 5148 358 5192 ruat
370 5154 428 5192 ouer
442 5152 516 5200 arten,
530 5135 640 5206 eoquod
652 5134 766 5188 accersiat
779 5143 911 5205 portares,

126 5243 148 5284 et
162 5232 240 5301 {rectae
253 5240 313 5285 aurat
331 5230 358 5283 in
369 5228 564 5282 devorationem
578 5224 696 5279 ortrrrihus
709 5225 796 5278 hestiis
807 5226 875 5295 agri,
887 5233 912 5279 ct

126 5321 248 5390 dispersu
260 5329 320 5374 eunt
343 5334 400 5373 orrea
415 5333 479 5371 arere
502 5331 580 5385 super
597 5330 697 5367 caraem
723 5325 835 5368 irrotulent
849 5324 872 5367 et
885 5315 912 5368 in

127 5426 226 5462 ornarem
238 5409 330 5464 collem
342 5410 435 5471 ultum,
447 5416 470 5460 et
484 5421 562 5475 super
574 5404 669 5474 firciem
681 5407 759 5458 totius
770 5414 847 5457 terra»
861 5404 915 5456 dis-

126 5515 207 5568 persae
221 5510 292 5564 aaut,
304 5516 350 5553 nec
363 5508 418 5551 erat
430 5497 476 5569 qai
495 5496 615 5565 eriperet,
633 5511 715 5566 rteqrre
726 5497 771 5566 ptri
786 5504 914 5547 revocaret

128 5587 232 5656 (Erech.
249 5588 352 5660 assir).
363 5586 421 5644 Non
434 5604 499 5658 erga
517 5588 544 5642 ln
558 5587 638 5656 brrjirs
654 5588 753 5658 negotii
768 5586 912 5640 sanissima

925 3016 945 3073 b

961 1784 1038 1845 parte
1049 1776 1202 1846 reperiatur
1212 1776 1283 1844 qnod
1299 1785 1372 1831 recte
1383 1785 1464 1846 queat
1475 1778 1592 1845 laudari,
1605 1783 1632 1834 in
1640 1792 1754 1852 utraque

962 1873 1052 1921 tannen
1070 1874 1149 1935 parte
1164 1875 1292 1922 cernatur
1306 1869 1377 1937 quod
1389 1868 1486 1924 merito
1498 1872 1584 1939 possit
1597 1874 1751 1943 vituperari,

961 1963 989 2010 et
1007 1954 1153 2024 presulum
1172 1958 1312 2025 errorqui
1332 1971 1361 2011 se
1375 1957 1507 2028 imagines
1526 1961 1689 2019 adoraturos
1703 1967 1754 2018 eis·

961 2059 1014 2113 que
1029 2045 1167 2100 servitium
1194 2046 1244 2102 soli
1271 2046 1327 2100 beo
1352 2047 1472 2102 debitum
1487 2050 1663 2108 exhibitums
1688 2054 1753 2112 fassi

962 2125 1040 2199 sunt,
1054 2150 1087 2189 ex
1098 2143 1174 2204 parte
1184 2136 1323 2191 discussus
1339 2138 1390 2203 sit,
1406 2147 1491 2193 result
1501 2138 1660 2208 ntjudicum
1672 2147 1753 2200 etiarn

962 2239 1039 2279 error
1054 2240 1108 2295 quo
1119 2234 1206 2280 artem
1218 2227 1360 2294 pictoriam
1371 2227 1443 2295 piam
1455 2244 1516 2284 esse
1527 2244 1696 2298 asseret-ant,
1710 2251 1754 2289 uo·

962 2314 1012 2369 stri
1030 2315 1093 2385 styli
1108 2315 1260 2370 invectione
1274 2315 1446 2371 discutiatur.
1459 2317 1558 2372 Bicmtt
1572 2321 1646 2374 enim
1667 2333 1752 2378 artem

961 2405 1104 2475 pictoriam
1118 2406 1190 2475 piam
1204 2421 1274 2469 csse,
1288 2406 1365 2475 qnasi
1377 2422 1431 2460 nou
1445 2423 1506 2461 cnm
1521 2411 1631 2464 cacteris
1642 2412 1752 2468 alauda

961 2497 1004 2551 nis
1014 2497 1119 2551 artibus
1131 2499 1346 2553 conmmnionem
1358 2502 1466 2567 pletatis
1474 2511 1519 2555 ant
1535 2502 1619 2571 impie
1631 2505 1684 2558 atis
1693 2519 1750 2559 sor·

961 2587 1055 2642 riatur.
1068 2587 1137 2655 Quid
1148 2589 1220 2643 enim
1233 2589 1422 2658 auspiciorum
1438 2593 1555 2660 amplius
1571 2595 1654 2649 babet
1670 2596 1752 2664 pieta-

962 2682 998 2735 tis
1015 2689 1073 2734 arte
1094 2679 1249 2746 fabrorum,
1268 2682 1443 2751 sculptorum,
1463 2686 1653 2752 cnrsllatorum,
1671 2689 1749 2742 uela-

962 2780 1060 2836 torum,
1076 2770 1248 2834 latomorum,
1279 2772 1465 2841 lignariorum,
1495 2782 1575 2830 terne
1598 2779 1748 2843 cultorum,

961 2860 1003 2915 rel
1016 2870 1175 2916 caeterorum
1185 2863 1329 2932 opificum?
1345 2862 1444 2919 Omnes
1455 2867 1527 2921 enim
1539 2884 1608 2936 quas
1621 2872 1750 2938 pruritisi·

937 3014 945 3036 ἱ
962 2968 1023 3007 mus
1031 2963 1112 3018 artes,
1130 2971 1190 3024 aperte
1205 2972 1257 3010 non
1271 2957 1321 3011 nisi
1337 2957 1464 3012 discendo
1476 2969 1591 3027 possum
1603 2961 1709 3031 attingi,
1724 2971 1749 3015 ru

962 3044 1004 3114 pie
1017 3052 1045 3099 et
1063 3044 1144 3115 impie
1167 3058 1280 3116 possunt
1304 3049 1338 3101 ab
1362 3049 1403 3102 bis
1416 3049 1515 3116 quilius
1529 3062 1693 3106 exercentur
1706 3053 1750 3106 br·

962 3135 1031 3200 beri,
1049 3151 1099 3190 uec
1114 3135 1140 3188 in
1168 3151 1214 3190 eas
1240 3137 1327 3205 pictas
1349 3147 1396 3190 aut
1413 3138 1538 3207 impietas
1554 3140 1637 3203 uadit,
1655 3142 1702 3194 scd
1724 3142 1748 3193 in

963 3226 1117 3281 hominibus
1129 3227 1175 3296 qni
1192 3242 1284 3281 earum
1298 3238 1359 3281 saut
1373 3243 1513 3297 sequaces,
1535 3235 1581 3297 rpn
1594 3231 1749 3298 pler-numne

962 3317 1149 3370 nutritiorum
1168 3318 1368 3385 procaci-simis
1383 3319 1545 3373 turrrultihus
1567 3329 1747 3382 cometamur,

962 3414 1009 3460 ant
1021 3407 1150 3461 rirtntnrn
1160 3408 1306 3463 salutiferis
1319 3408 1434 3463 caetibus
1447 3422 1627 3463 exornantur.
1646 3409 1675 3464 st
1686 3425 1747 3481 ergo

963 3494 1121 3552 idcireoars
1136 3499 1269 3568 pictorum
1291 3500 1334 3567 pia
1347 3514 1409 3553 esse
1428 3502 1596 3569 perhibetur,
1620 3503 1682 3570 qnia
1704 3517 1749 3569 per

963 3602 1022 3641 cam
1037 3587 1195 3656 plerumque
1210 3589 1313 3657 piorum
1330 3590 1468 3644 leontinum
1481 3602 1558 3645 actus
1572 3600 1602 3645 et
1616 3592 1660 3662 pia
1679 3607 1748 3660 oue

962 3675 1025 3730 dam
1043 3690 1117 3748 gesta
1136 3679 1291 3748 pinguntur,
1304 3694 1368 3750 ergo
1381 3691 1409 3735 et
1421 3681 1482 3738 ideo
1498 3683 1578 3751 impia
1596 3683 1748 3752 perhibebi-

964 3773 1019 3833 tur,
1037 3768 1099 3837 quia
1118 3768 1274 3839 plerumque
1288 3786 1335 3839 pm
1354 3786 1414 3826 earu
1436 3772 1589 3841 impietates
1610 3773 1710 3835 multae,
1724 3771 1747 3827 id

963 3869 1015 3925 est,
1046 3861 1240 3916 trucidationes
1255 3863 1403 3929 hominum,
1427 3865 1585 3922 atrocitates
1611 3867 1745 3925 lullonum.

964 3949 1138 4004 crudelitates
1169 3951 1379 4014 sceleratorum,
1414 3952 1598 4009 innuanltates
1623 3954 1745 4016 ferarum,

964 4038 1080 4107 impetus
1100 4040 1248 4094 bestiarum
1260 4041 1300 4094 rel
1322 4050 1419 4095 caemra
1433 4043 1476 4098 bis
1491 4043 1590 4098 similia
1605 4046 1745 4113 depingun-
1762 4078 1766 4087 ·

965 4136 1023 4194 tnr;
1043 4138 1070 4184 et
1086 4131 1108 4185 si
1128 4131 1188 4185 idco
1204 4131 1284 4200 impia
1307 4131 1460 4187 nullatenus
1471 4148 1531 4189 esse
1545 4134 1677 4195 creditur,
1690 4138 1744 4202 aian

965 4219 1022 4274 haee
1039 4235 1100 4289 qnae
1111 4222 1232 4276 exsecuti
1246 4238 1339 4276 suerius
1350 4223 1604 4280 adnntlnationibus
1618 4229 1659 4281 rel
1672 4227 1744 4278 ctiam

965 4312 1135 4369 lineamentis
1153 4314 1304 4384 quibusque
1328 4316 1454 4371 hnntauis
1468 4317 1574 4372 risibus
1599 4295 1744 4387 impertiun-

966 4411 1020 4468 tur,
1030 4403 1145 4458 neeidco
1155 4404 1257 4473 pluerit
1266 4407 1328 4473 «prtia
1341 4420 1458 4474 peream
1471 4407 1606 4463 bannorum
1617 4409 1743 4462 burianum

966 4501 1040 4563 gesta
1051 4495 1203 4564 signamur.
1218 4497 1293 4551 licut
1303 4497 1374 4550 caim
1389 4496 1490 4551 ferrum
1505 4514 1555 4553 nec
1572 4501 1634 4554 idum
1644 4499 1743 4567 interdura

966 4584 1076 4647 dicitnr,
1091 4585 1154 4655 qtria
1166 4601 1199 4640 er
1210 4601 1243 4640 eo
1261 4587 1383 4642 homirius
1401 4587 1612 4655 interimuntur,
1633 4605 1681 4644 nee
1694 4591 1744 4644 ino

965 4676 1051 4746 pium,
1064 4677 1127 4748 qnia
1139 4693 1173 4731 er
1184 4693 1217 4732 eo
1228 4679 1350 4746 airadum
1368 4679 1549 4734 instrumenta
1576 4681 1645 4735 lium
1657 4683 1744 4749 quibu,

965 4781 992 4827 ct
1007 4774 1114 4827 cresium
1126 4773 1288 4827 vibrantium
1303 4773 1434 4827 illisiones
1447 4775 1617 4841 quatiantur,
1628 4787 1656 4830 et
1670 4775 1734 4829 honi

966 4877 1013 4914 nes
1024 4870 1160 4924 rectumne,
1173 4871 1201 4916 et
1214 4879 1229 4916 a
1242 4863 1577 4919 medicissalutibnmaum
1588 4866 1744 4924 consulitur,

966 4952 1002 5006 ia
1018 4960 1044 5004 et
1062 4967 1107 5004 ars
1124 4953 1257 5021 pictorum
1286 4967 1334 5006 nec
1348 4952 1409 5006 ileo
1436 4951 1536 5021 impia,
1554 4956 1620 5023 qnia
1635 4969 1744 5025 parcan

966 5045 1097 5108 crudelia,
1112 5062 1161 5100 iaec
1173 5045 1233 5098 ideo
1245 5043 1300 5112 piu,
1315 5044 1379 5113 qnia
1398 5043 1543 5099 clememia
1555 5049 1679 5115 quadam
1692 5047 1744 5116 pia

965 5145 1076 5205 giratur.

1001 5225 1077 5292 Quod
1091 5241 1155 5281 reru
1169 5225 1194 5280 ci
1209 5241 1262 5280 non
1279 5232 1352 5279 recta
1362 5241 1378 5280 a
1389 5224 1553 5293 quibusdam
1563 5226 1745 5296 insipientibus

965 5317 1070 5371 detrahi
1084 5318 1231 5385 suspirant,
1244 5333 1259 5369 a
1271 5317 1344 5371 nullo
1357 5316 1403 5384 qui
1417 5319 1604 5374 munerantis
1616 5330 1658 5374 cst
1672 5319 1746 5372 anili·

965 5408 1038 5476 gitur
1048 5423 1095 5461 eos
1112 5407 1138 5460 in
1150 5407 1200 5461 hac
1210 5422 1317 5476 quoque
1327 5415 1405 5476 purte
1419 5406 1491 5460 sicut
1505 5415 1535 5461 et
1549 5407 1578 5461 in
1592 5407 1745 5464 mausue-

965 5495 1093 5549 ruentiam
1107 5495 1184 5563 sceqm
1200 5513 1206 5548 :
1221 5496 1319 5565 qnippe
1336 5510 1397 5549 ιιιιιι
1413 5493 1504 5549 nullus
1515 5497 1577 5551 sani
1591 5499 1688 5566 capitis
1704 5512 1745 5550 uc·

965 5600 1017 5654 qne
1033 5584 1195 5654 illlatgitlilttts
1215 5584 1358 5649 detrahat,
1379 5598 1468 5652 ereptae
1481 5584 1535 5638 arti
1551 5584 1685 5654 pictoria,
1707 5579 1746 5639 sei
