3780 6120
120 312 171 374 tm
204 313 283 374 COD.
297 313 384 373 utri.
397 348 433 358 -—
450 316 597 385 thNUbl.,
610 316 696 384 ETC,
712 316 777 376 SEU
797 311 1124 377 cobcanohtbbb-
1137 318 1214 375 APP.
1228 351 1264 361 -
1284 322 1369 378 otss.
1384 322 1431 378 nt:
1442 321 1527 378 btPL.
1543 324 1621 381 ott.
1637 326 1655 381 Ι.
1693 328 1746 385 ddi

122 426 190 484 minc
205 434 319 484 cuncus
330 425 483 496 prouincias
499 443 514 481 a
528 427 692 484 badieolano
711 430 795 498 usque
816 429 908 500 Cepe
922 437 945 494 b
960 439 1059 496 tamer,
1082 440 1112 486 ut
1133 433 1274 502 perspicue
1295 443 1440 500 monstret,
1465 450 1518 490 una
1535 453 1597 492 cum
1618 436 1746 497 ludovici

122 512 214 553 raunm
227 496 316 552 dictas
326 510 386 551 esse
396 507 488 550 cetera
498 505 669 552 monumenta
683 506 825 554 testantur.
838 498 908 566 Quin
959 501 1112 569 diplomate,
1127 513 1300 557 monumenta
1314 504 1417 559 archivi
1426 519 1486 560 esse
1500 506 1628 562 adhibiti.
1647 508 1676 562 Si
1686 525 1746 564 eas·

120 564 199 623 ιιιιιιι
212 561 277 620 bito
298 563 325 620 in
340 580 389 620 suc
403 561 559 646 iuramento
575 566 651 634 (diss.
666 568 696 631 l,
717 585 744 623 u.
756 568 800 633 ld,
815 584 842 638 p.
863 570 908 639 dd)
959 569 1020 624 dein
1036 571 1192 626 recensendi
1203 573 1324 627 ordinem
1340 581 1455 641 spectes,
1467 576 1619 645 exemplum
1633 577 1748 634 hudori·

120 632 214 692 loanni
233 630 280 690 xli
294 650 342 705 per
363 641 472 689 nuntios
489 634 620 704 prestito,
637 647 713 692 terras
734 639 817 692 sancti
837 638 909 693 Petri
959 639 1175 721 cianiagncscis;
1195 640 1218 695 si
1232 641 1374 696 nonnullas
1384 642 1564 700 detractiones
1576 652 1657 714 atque
1670 647 1747 701 addi·

80 754 83 758 Α
120 704 228 760 nomine
238 703 448 760 ecclesiasticam
461 719 567 759 omnem
584 705 712 761 ditionem
727 708 907 777 amplectitur.
960 708 1047 765 tiones
1058 713 1091 764 iis
1105 710 1271 766 intermistae
1283 711 1445 773 consideres.
1459 729 1512 768 non
1533 714 1640 770 aliunde
1658 716 1748 785 prole·

121 774 173 831 Sed
190 775 243 830 hoe
259 773 288 828 in
305 773 424 842 ejusdem
437 773 581 844 diplomate
598 790 648 829 nec
666 784 754 838 terrae,
769 779 910 833 necterri-
959 787 1018 833 otas
1032 793 1092 834 esse
1105 793 1186 848 quam
1204 795 1236 834 er
1248 780 1358 835 archivo
1379 781 1516 853 intelligis.
1531 783 1564 838 Et
1583 799 1648 839 reio
1671 784 1749 839 Sabi·

122 844 181 900 torii
192 858 291 900 nomen
303 843 420 906 auditur,
439 843 610 908 suburbanis,
625 843 832 915 Campaniaeque
845 847 911 902 ciii-
960 848 1053 903 nensis
1064 847 1196 904 territorii
1246 865 1275 903 ra
1292 859 1356 919 putri
1375 851 1484 905 donatio
1496 861 1660 909 recensetur.
1679 854 1749 909 smn-

123 912 222 969 ratibus
236 928 290 967 uuo
302 913 416 968 ducatus
429 913 537 967 nominc
551 915 761 982 comprehensis.
777 915 816 970 lta
829 917 910 971 ctiam
960 918 1092 972 troversia
1103 924 1192 972 autem
1214 918 1308 982 mium,
1323 934 1383 988 quae
1392 922 1588 989 possessiouem
1601 923 1647 977 diu
1661 923 1748 978 distu-

122 992 240 1052 tempore
255 981 405 1037 innocentii
418 982 460 1047 lll,
475 997 536 1037 eum
550 983 646 1037 Tuscia
657 992 772 1054 utraque
782 985 911 1054 patrimo-
960 985 1038 1051 lerat,
1053 988 1161 1041 tandein
1182 1002 1216 1042 ue
1227 987 1331 1043 sublata
1344 997 1404 1042 erat
1419 1003 1436 1043 a
1449 993 1530 1059 regiis
1545 992 1636 1047 missis
1650 992 1752 1048 ltbcrio

121 1053 195 1108 nium
218 1052 415 1136 appellabatur,
441 1066 495 1106 uuo
517 1051 631 1107 ducatus
649 1055 756 1111 nomine
775 1069 838 1136 pars
852 1055 911 1123 ejus
960 1062 989 1108 et
1000 1054 1172 1125 blaginarioa
1191 1058 1306 1121 batibus,
1319 1057 1422 1112 siletur.
1436 1057 1500 1113 Eam
1515 1061 1647 1128 siquidem
1660 1061 1750 1117 hudo·

121 1122 293 1186 Cistiberina,
307 1136 356 1177 seu
369 1120 538 1184 suburbanae,
550 1129 578 1176 et
594 1121 747 1192 Campanim
760 1124 883 1181 caritates
895 1140 910 1179 a
960 1125 1012 1180 rici
1025 1140 1092 1189 ero,
1106 1133 1161 1179 tum
1172 1125 1234 1194 quia
1248 1141 1341 1181 recens
1352 1129 1481 1182 memoria
1495 1137 1564 1191 erat,
1577 1136 1633 1185 tum
1642 1131 1705 1200 quia
1715 1131 1750 1186 ob

123 1190 219 1247 'luscio
230 1192 447 1254 secernerentur,
469 1199 499 1245 ut
517 1191 608 1246 ridere
629 1200 672 1246 est
689 1193 759 1262 apud
772 1192 910 1249 baluzium
961 1194 1122 1252 constitutos
1133 1202 1221 1250 certos
1235 1194 1301 1249 lines
1315 1197 1465 1251 necessaria
1479 1200 1536 1254 risa
1556 1198 1616 1262 luit,
1628 1199 1750 1269 religioni

122 1259 202 1331 (θαι.
216 1277 244 1315 n.
257 1259 329 1330 lli).
343 1259 514 1315 innocentius
533 1259 605 1316 enini
619 1279 628 1312 ι
650 1262 684 1315 ad
704 1277 780 1317 suani
794 1278 911 1333 praesen·
960 1264 1160 1320 hahitumesset
1169 1266 1528 1343 nonerprirnere.'lerirpci·e
1538 1276 1626 1323 autem
1633 1267 1750 1331 ottonis,

123 1331 186 1387 tiam
204 1329 365 1387 convocarit
386 1330 535 1399 episcopos,
555 1337 583 1384 et
597 1330 717 1396 abbates,
740 1334 862 1396 comites,
885 1340 911 1389 et
961 1334 1087 1388 diuturna
1108 1333 1285 1402 possessionis
1300 1348 1436 1403 nunquam
1459 1336 1614 1406 interrupte
1627 1338 1752 1408 praescri-

122 1400 246 1464 harones,
261 1407 418 1481 potestates,
429 1407 456 1453 et
471 1399 594 1454 consules
606 1399 745 1481 civitatum
759 1402 792 1456 de
802 1402 909 1469 Tuscia,
961 1401 1028 1527 ptio,
1041 1415 1118 1457 secus
1129 1401 1281 1457 laciendum
1296 1403 1481 1471 persuadebat.
1492 1404 1521 1459 ln
1533 1406 1637 1462 Tusciae
1648 1407 1752 1530 Lango-

123 1469 237 1533 bacatu,
249 1477 276 1524 et
287 1469 415 1534 blacchia,
432 1489 441 1519 ι
457 1478 629 1538 quantumvis
646 1485 680 1526 eo
698 1479 818 1539 tempore
832 1471 912 1528 Cam·
981 1472 1107 1526 ardorum
1131 1472 1285 1526 civitatibus
1298 1473 1487 1528 enumerandis
1509 1481 1583 1529 tanti
1608 1476 1678 1531 inter
1717 1492 1752 1531 uo

122 1539 294 1664 paulalatim
368 1539 912 1609 1extenderetur,achipertitodirisa
962 1541 1109 1610 diplomata
1120 1541 1308 1596 convenientia
1322 1549 1373 1605 est,
1387 1541 1753 1614 utunumlereatqueideui

143 1609 315 1679 amponiaeet
357 1607 470 1663 aritimae
485 1607 637 1664 nominibus
654 1609 727 1664 clara
746 1620 829 1665 esset.
849 1610 912 1667 ileo
962 1625 1024 1665 ese
1038 1619 1182 1679 utrumque
1195 1610 1328 1664 rideatur.
1343 1610 1396 1666 Sed
1407 1621 1467 1681 post
1483 1612 1605 1668 Rosellas
1618 1613 1698 1669 triuni
1712 1613 1754 1668 in·
1794 1618 1797 1625 '

123 1679 265 1734 adnotasse
276 1677 342 1732 satis
357 1677 392 1732 sit
405 1677 437 1731 ad
451 1677 657 1733 illustrationem
671 1678 823 1750 diplomatis
834 1679 912 1736 antiis
963 1679 1083 1734 solarum
1095 1678 1204 1735 donatio
1219 1680 1326 1748 penitus
1345 1681 1475 1736 reticetur
1491 1683 1524 1737 ab
1546 1680 1659 1748 0ttone,
1675 1684 1711 1738 ita
1725 1690 1755 1737 ut

81 1748 84 1755 '
125 1747 175 1801 tt5
193 1762 209 1802 a
227 1747 409 1803 Ludoriciauo
424 1747 558 1803 distantis.
929 1748 1031 1828 priris
1059 1749 1231 1810 doctissimis,
1257 1750 1377 1819 mihique
1403 1750 1558 1820 aliquandiu
1583 1751 1764 1823 interpolatio·

133 1862 136 1867 .
157 1816 204 1872 lli.
224 1816 265 1872 hd
279 1817 447 1872 Exarehatus
466 1817 636 1872 donationem
657 1817 778 1873 omnium
797 1819 913 1887 primam
964 1818 1139 1874 Ludcricirini
1158 1819 1304 1899 apographi
1330 1820 1501 1876 subolererit.
1523 1821 1592 1888 Quid
1609 1822 1696 1877 recol
1714 1820 1754 1877 lix

125 1887 240 1952 renitor,
256 1903 317 1957 quae
329 1894 402 1941 reete
414 1887 556 1941 admodum
577 1885 690 1956 Pippiuo
709 1894 736 1941 et
757 1887 853 1945 Carolo
866 1889 914 1942 tri·
963 1887 1063 1943 Leonis
1077 1887 1333 1959 lllrpistobsesita
1347 1890 1432 1944 erutis
1446 1905 1461 1944 a
1476 1891 1622 1961 Conringio
1638 1890 1755 1948 misire
1780 1925 1784 1933 ·

125 1955 225 2021 buitur,
242 1965 299 2012 tum
318 1955 380 2027 quia
390 1954 518 2011 Carisiaci
541 1965 655 2026 uterque
675 1970 735 2010 cani
753 1956 849 2013 iecisse
865 1973 914 2013 sm
964 1957 1074 2013 donatio
1086 1967 1160 2013 certa
1173 1959 1299 2027 suppetit,
1313 1965 1341 2012 et
1354 1958 1412 2028 ipso
1427 1960 1479 2014 hoc
1490 1959 1517 2014 in
1529 1959 1674 2031 diplomate
1687 1974 1754 2015 oon-

126 2025 185 2095 pins
197 2025 298 2081 dieitur
308 2025 336 2081 iii
349 2024 414 2080 Cod.
425 2023 500 2089 Can,
513 2034 569 2080 tum
580 2027 643 2095 quia
656 2024 769 2082 Carolus
780 2027 912 2092 civitates,
966 2027 1041 2082 tinuo
1051 2029 1173 2096 sequitur
1188 2028 1297 2081 donatio
1312 2027 1364 2081 alia
1376 2042 1425 2097 per
1438 2029 1591 2099 designatos
1606 2029 1682 2095 lines,
1694 2045 1755 2099 qtiae

126 2109 239 2164 quarum
249 2095 448 2175 possessionem
462 2095 531 2150 inire
550 2110 598 2164 per
611 2093 802 2218 Langobardos
820 2113 874 2151 non
886 2096 916 2151 li·
965 2096 1075 2151 chunis
1088 2112 1150 2151 eum
1167 2096 1254 2152 insula
1267 2096 1375 2152 Corsica
1393 2098 1508 2162 orditur,
1527 2107 1556 2153 et
1574 2097 1644 2154 iiilra
1658 2098 1756 2154 contir-

127 2172 229 2230 euerat,
245 2174 345 2220 mactae
356 2165 413 2219 sedi
425 2179 517 2219 omncs
529 2165 653 2219 assernit.
692 2167 916 2235 tperperamim-
965 2176 1056 2221 mator
1074 2166 1182 2221 donatio
1206 2165 1305 2221 Siciliae
1325 2181 1385 2220 cuni
1400 2181 1432 2221 ea
1452 2168 1623 2233 conditione,
1645 2169 1668 2223 si
1687 2166 1757 2222 beas

126 2242 265 2304 penatores
287 2235 368 2290 ambo
386 2249 473 2289 nuncu
493 2242 581 2298 antur,
604 2250 664 2304 qum
685 2250 730 2289 res
753 2236 812 2290 sine
835 2235 916 2292 dubio
966 2237 1062 2290 nostris
1082 2236 1203 2290 manilius
1229 2234 1377 2301 tradiderit,
1398 2235 1462 2305 quia
1484 2237 1609 2293 videlicet
1631 2235 1756 2306 subjugo

128 2303 225 2360 ascribi
248 2305 328 2361 debet
350 2319 447 2359 crasse
464 2250 535 2359 iflins
553 2304 603 2359 aeri
623 2305 793 2375 ignorationi.
814 2304 864 2372 Qui
883 2320 916 2361 ex
967 2305 1163 2360 Saracenorum
1176 2320 1247 2359 anno
1257 2302 1313 2373 jam
1332 2306 1480 2362 centesimo
1502 2307 1641 2363 tricesimo
1663 2307 1758 2376 quinto

128 2371 254 2429 hudcrici
281 2373 387 2429 silentio
410 2373 537 2444 colligunt
562 2374 773 2430 ludovicianum
801 2375 916 2444 diploma
967 2373 1110 2430 infeliciter
1126 2376 1260 2444 gemebat.
1282 2372 1392 2430 Corsica
1412 2376 1492 2430 etiam
1511 2384 1539 2431 et
1560 2375 1685 2431 Sardinia
1703 2374 1758 2430 ior-

128 2444 325 2515 supposititium
349 2457 423 2509 esse,
448 2459 523 2498 suam
549 2444 667 2514 ipsorum
700 2443 917 2500 allucinationem
967 2444 1311 2509 tunaeademutebantur;
1326 2444 1758 2501 hoctamenhiseeeumilladis·

128 2513 309 2583 pateiaciuut:
323 2513 612 2576 inllenriciancenim,
626 2511 916 2585 quia0ttcnumetiam
967 2515 1070 2572 crimen
1104 2514 1251 2568 maximum
1281 2514 1477 2579 intercedebat,
1505 2516 1575 2584 quod
1599 2512 1757 2586 amplissimi

129 2584 237 2639 nomina
250 2582 374 2654 pmlerie
388 2584 476 2648 libuit,
487 2584 652 2640 hadaricum
665 2599 772 2666 quoque
783 2585 917 2640 nominari
969 2584 1071 2640 reditus
1085 2583 1111 2638 in
1122 2598 1222 2655 egenos
1240 2590 1267 2637 et
1285 2582 1467 2640 Ecclesiarum
1488 2585 1612 2640 decorem
1630 2599 1661 2639 er
1697 2583 1758 2641 audi

178 2654 255 2717 rtuit,
272 2669 327 2711 non
339 2654 402 2724 quia
414 2656 446 2709 de
459 2654 610 2708 Exarchatu
633 2656 779 2724 quidquam
792 2655 826 2709 ad
847 2654 919 2710 illius
967 2653 1040 2710 nulla
1051 2669 1169 2723 unquam
1180 2653 1280 2708 oblivio
1289 2652 1405 2708 delesset
1415 2653 1607 2724 patrimonium
1619 2652 1681 2709 Sicu
1713 2668 1756 2717 m;

130 2722 146 2777 ι’
181 2724 318 2779 ralitatem
330 2725 472 2794 pertineat,
491 2724 537 2779 sed
559 2724 622 2794 quia
645 2724 803 2780 donationes
819 2725 918 2780 auitam
969 2722 1102 2778 Sardiniae
1112 2730 1202 2777 autem
1215 2730 1244 2778 et
1255 2721 1373 2778 Corsica
1390 2722 1531 2793 vietigalia
1550 2723 1694 2779 admodum
1710 2738 1759 2777 au·

129 2800 155 2847 et
164 2801 308 2864 paternam
319 2793 495 2856 confirmarit,
508 2801 675 2875 quaspostea
688 2792 800 2849 Ottcnes
810 2803 837 2849 et
848 2794 919 2849 llen-
968 2801 1045 2864 gusta
1059 2792 1132 2847 nullo
1144 2791 1200 2847 lere
1214 2791 1273 2847 loco
1290 2793 1458 2849 habebantur
1480 2808 1496 2847 a
1513 2802 1605 2848 sancta
1619 2793 1698 2857 sede,
1720 2792 1758 2847 ita

130 2861 200 2920 riom
208 2863 337 2919 similiter
354 2865 523 2920 roborarunt.
542 2862 699 2932 llupusmodi
719 2873 810 2918 autem
825 2878 920 2919 censo-
969 2871 1009 2927 ut,
1023 2860 1076 2917 nisi
1090 2860 1200 2917 donatio
1211 2860 1257 2916 illa
1270 2878 1318 2932 per
1336 2862 1491 2933 designatos
1512 2861 1580 2918 lines
1600 2862 1627 2916 in
1648 2862 1759 2917 arehiro

130 2948 187 2989 mm
212 2933 352 2990 solertiam
373 2934 439 2989 satis
459 2933 550 2988 mirari
577 2949 631 2988 non
648 2948 767 3002 possum.
794 2932 822 2988 si
847 2933 920 2989 enlin
971 2939 1174 3002 repertaesset,
1196 2947 1230 2987 ne
1244 2931 1360 2988 Corsicae
1372 2932 1480 3003 quidem
1502 2947 1600 2988 nomen
1614 2929 1760 2989 abdimus

130 3016 242 3073 nsquam
255 3003 383 3058 hudoriei
396 3018 491 3058 nomen
502 3001 708 3058 desiderandum
719 3012 786 3067 erat,
800 3004 825 3057 in
840 3002 920 3059 Urbis
969 3004 1103 3085 prolatum
1119 3001 1151 3055 iri
1165 3001 1328 3057 credendum
1342 3003 1387 3058 sit.
1407 3001 1465 3057 llac
1481 3010 1588 3057 tantum
1602 3001 1629 3056 iri
1646 3015 1676 3057 re
1690 2999 1762 3056 iuter

130 3070 299 3145 Romanique
309 3073 420 3129 ducatus
438 3072 621 3136 concessione,
645 3087 705 3142 quae
718 3088 804 3144 neque
822 3088 839 3126 a
858 3072 920 3142 rip
933 3105 956 3168 c
971 3072 1031 3129 illas
1047 3072 1182 3135 eonrcnit,
1204 3072 1275 3152 quod
1289 3070 1442 3127 Germaniae
1462 3071 1575 3144 hugusti
1591 3070 1691 3125 nullam
1709 3087 1760 3126 un-

129 3143 200 3211 pino‚
212 3156 326 3213 nequea
338 3142 434 3198 Carolo
447 3141 518 3197 lacta
530 3142 652 3197 essenllo
665 3141 693 3197 in
704 3143 763 3198 loco
774 3158 803 3198 re
838 3143 918 3209 ritur,
970 3158 1052 3213 quam
1074 3139 1280 3196 sollicitudinem
1307 3142 1340 3196 de
1365 3142 1399 3197 iis
1423 3142 1595 3204 habuerunt,
1619 3140 1672 3196 nisi
1698 3156 1760 3196 cuin

129 3210 296 3282 probabilius
308 3212 488 3268 desideratum
502 3221 582 3276 esset,
606 3227 661 3266 nou
679 3213 784 3267 veroin
816 3213 921 3267 ouatio
971 3213 1089 3268 alienae
1107 3211 1168 3266 ead
1180 3218 1301 3266 sanctam
1320 3211 1410 3266 sedem
1432 3211 1599 3283 postliminio
1610 3211 1759 3267 redieruut.

131 3281 210 3337 uibus
223 3291 279 3337 tam
294 3296 327 3336 ιι
342 3290 482 3345 ιοιιιιιιιο,
497 3297 577 3352 quarn
590 3291 685 3351 sponte
701 3280 788 3347 lactis,
806 3294 920 3351 quarum
971 3227 1211 3363 Τιιιιιίξιιιιιι
1226 3280 1294 3344 ιιιοι,
1307 3279 1404 3336 Siciliae
1413 3286 1562 3353 presertim
1576 3288 1603 3336 et
1619 3279 1758 3344 Sardiniae,

131 3359 257 3408 auctores
270 3352 371 3407 charte
382 3359 409 3407 ct
424 3360 597 3406 monumenta
610 3351 749 3422 apostolici
760 3351 863 3407 archiri
875 3367 922 3406 ei·
971 3351 1090 3407 inhiasse
1103 3351 1214 3406 historia
1227 3367 1276 3406 iios
1290 3350 1378 3405 docet.
1495 3410 1500 3419 ,

132 3420 271 3477 hihebaut.
285 3420 403 3477 Audacia
422 3423 529 3492 quidem
543 3422 638 3492 ingens
650 3421 744 3476 luisset
762 3422 921 3492 autographi
1006 3421 1051 3476 xl.
1070 3420 1204 3477 Caeterum
1219 3436 1254 3475 ne
1271 3436 1286 3475 a
1300 3419 1424 3475 Sardinia
1437 3421 1581 3492 digrediar,
1595 3435 1655 3489 quae
1668 3419 1694 3474 in
1709 3419 1762 3489 pri-

132 3491 287 3547 rebellia:
310 3509 320 3542 ι
342 3493 413 3547 sieut
428 3508 444 3547 a
461 3491 703 3561 praedecessoribus
722 3491 818 3546 restris
837 3507 922 3615 usqne
972 3491 1069 3561 rilegio
1081 3490 1189 3547 Ottcnis
1199 3489 1377 3554 desideratur,
1393 3491 1426 3543 iis
1438 3492 1546 3559 quidem
1559 3505 1612 3544 non
1626 3488 1760 3552 adhaereo.

133 3576 203 3617 sune
221 3563 251 3617 in
266 3571 356 3616 restra
369 3569 502 3631 potestate
520 3576 552 3616 ac
575 3561 676 3616 ditione
693 3560 816 3616 tenuistis
828 3569 856 3615 et
886 3561 922 3616 is·
971 3561 1017 3631 qui
1031 3561 1195 3630 precipitem
1209 3560 1288 3615 iidem
1308 3560 1435 3615 adhibent
1452 3561 1521 3617 actis
1533 3560 1655 3616 Silrestri
1676 3560 1703 3613 in
1718 3558 1763 3613 hi-

131 3630 281 3701 posuistis:
296 3650 305 3683 i
320 3646 430 3700 prorsus
440 3631 564 3697 abiicere,
576 3646 723 3700 eorumque
736 3632 795 3686 loco
805 3645 920 3701 ponere:
970 3631 1050 3686 hrum
1063 3629 1246 3685 Pontillealem
1259 3629 1360 3693 relatis,
1375 3630 1402 3683 in
1415 3630 1512 3698 quibus
1525 3628 1647 3685 Sardinia
1664 3630 1761 3686 donata

135 3717 145 3750 t
161 3700 227 3767 Qnae
239 3701 291 3770 pte
304 3702 496 3756 recordationis
508 3701 659 3756 hudorieus
674 3701 856 3770 predecessor
874 3714 923 3755 no·
967 3698 1160 3755 -luissedieitur
1172 3698 1293 3754 ecclesiae
1307 3707 1461 3754 sauctorum
1472 3699 1618 3755 blarcellini
1635 3707 1663 3753 et
1676 3699 1760 3755 Petri.

133 3776 188 3825 ster
208 3785 271 3827 exe.
294 3770 359 3840 imp.
380 3769 536 3840 jamdudum
560 3785 609 3840 per
629 3771 780 3826 donationis
798 3770 921 3840 paginam
972 3768 1039 3824 Nam
1056 3770 1170 3838 septimo
1181 3768 1278 3823 sacculo
1296 3768 1526 3824 ineuntosanctus
1542 3768 1687 3838 Gregorius
1704 3767 1761 3821 lla-

133 3839 254 3895 mntulit.
271 3839 331 3894 ibt
344 3857 397 3896 non
416 3842 504 3896 minor
526 3840 635 3896 audacia
650 3848 692 3895 est
712 3841 922 3896 Ludoriciauuin
972 3854 1040 3922 gnus
1048 3840 1106 3910 (lib.
1118 3855 1156 3902 ιι,
1168 3837 1264 3909 ephi)
1276 3837 1356 3893 Vitali
1366 3836 1498 3894 deleusori
1507 3838 1569 3906 jura
1580 3845 1681 3893 sancte
1691 3838 1765 3893 sedis

133 3908 248 3981 diploma
268 3910 481 3966 commentitium
504 3910 653 3973 declarare,
680 3911 743 3980 quia
765 3909 828 3965 Otto
850 3909 922 3964 illius
972 3909 1027 3964 illic
1044 3907 1262 3964 administranti:
1285 3907 1440 3972 «Quoniam
1456 3922 1530 3972 ιιι-ο,
1546 3907 1642 3976 iuquit,
1656 3921 1763 3976 posses-

134 3980 297 4036 mentionem
311 3997 364 4036 non
378 3979 452 4044 lacit,
466 3981 529 4035 dum
542 3980 647 4050 Pippini
661 3988 688 4035 et
701 3981 789 4036 Caroli
801 3979 923 4035 donatio·
972 3994 1047 4034 sores
1065 3976 1258 4033 nosSardiniae
1275 3977 1438 4047 petiverunt,
1453 3986 1482 4032 ut
1518 3977 1763 4038 uiadirersiscue·

133 4063 191 4103 nem
206 4057 341 4106 recenset.
354 4051 483 4121 Equidem
497 4065 547 4119 prc
557 4058 633 4105 certo
643 4050 739 4115 haheo,
753 4066 840 4121 neque
852 4048 923 4104 licii-
972 4050 1047 4105 ribus
1058 4047 1220 4119 affliguntur,
1231 4045 1488 4115 Caristantincpnliiu
1499 3994 1598 4102 debeas
1609 4062 1658 4117 pro
1668 4062 1763 4103 eorum

135 4118 216 4174 ricem
228 4118 397 4189 prolaturam
410 4118 494 4175 luisse
504 4120 576 4175 illius
586 4135 694 4184 nomen,
706 4121 757 4175 nisi
770 4120 922 4176 necessario
973 4120 1092 4177 remedio
1101 4116 1389 4189 prolicisei‚liccritiam
1408 4117 1454 4170 tibi
1468 4117 1547 4172 erindi
1560 4117 1759 4174 concedimusr

135 4189 319 4258 apponendum
331 4189 432 4252 luisset,
444 4196 474 4244 ut
489 4190 547 4259 pari
557 4189 727 4245 allicerentur
739 4191 841 4246 honore
853 4188 922 4245 Ger·
974 4188 1089 4246 bomani
1102 4188 1210 4260 quidem
1227 4185 1382 4243 defensores
1399 4186 1518 4243 Sabinus
1532 4195 1560 4243 et
1573 4187 1677 4251 Vitatis,
1696 4201 1762 4242 iiec·

134 4259 201 4314 mani
209 4258 352 4340 principes
363 4259 469 4315 llenrici
484 4261 711 4328 predecessores:
726 4276 778 4316 non
792 4258 924 4315 euimhu·
974 4277 1027 4317 non
1041 4260 1138 4315 Petms
1160 4256 1281 4313 notarius
1294 4274 1309 4312 a
1324 4257 1439 4321 nunciis,
1458 4256 1586 4327 legatisre
1607 4257 1765 4328 apostolicis
1842 4284 1845 4288 ·

135 4324 217 4384 dorici
231 4344 314 4400 quam
331 4327 458 4384 ottonum
470 4331 559 4384 urinas
572 4329 701 4386 intererat
709 4328 810 4398 jurium
824 4336 923 4384 sauctae
973 4345 1067 4453 parum
1086 4329 1241 4399 discrepare
1260 4328 1385 4383 videntur
1403 4326 1462 4453 gib.
1477 4343 1507 4392 ιι,
1531 4328 1586 4384 ind.
1600 4345 1637 4390 ιι,
1653 4342 1697 4399 ep.
1711 4327 1762 4391 a&

134 4398 202 4454 ictis
211 4398 350 4453 vindicem
362 4399 389 4452 in
403 4399 515 4454 solemni
523 4398 668 4469 diplomate
680 4399 818 4469 appellari,
831 4399 857 4453 in
868 4414 923 4468 quo
985 4439 992 4453 .
1010 4417 1048 4465 ιι,
1062 4400 1094 4466 9;
1121 4400 1139 4454 l.
1153 4415 1201 4464 ιιι,
1216 4397 1264 4462 66;
1289 4398 1309 4464 1,
1333 4413 1371 4463 ιι,
1387 4398 1399 4451 l
1428 4414 1436 4465 ;
1462 4398 1481 4452 l.
1499 4414 1537 4461 ιι,
1553 4397 1598 4463 53,
1614 4397 1670 4470 lib).
1694 4396 1762 4452 Nam

135 4476 175 4548 itit
189 4468 301 4524 silentio
312 4468 443 4538 preteriri
452 4468 574 4532 Ottones,
589 4479 635 4522 aut
644 4468 818 4534 ludovicum,
832 4470 878 4540 qui
894 4471 921 4525 iu
938 4453 1145 4534 Dmonasteria,
1159 4467 1280 4524 ecelesiae
1290 4469 1560 4540 vacantesepisccpi,
1574 4469 1764 4551 etpresbyteri

135 4532 289 4609 lippiniana
301 4546 328 4593 et
337 4538 459 4594 Carolina
473 4539 617 4594 donatione
627 4539 809 4594 consumenda
822 4546 922 4594 utrum·
974 4542 1057 4595 totius
1076 4539 1171 4595 insulae
1190 4539 1224 4593 iis
1236 4539 1451 4595 committuntur.
1468 4538 1502 4594 ht
1515 4541 1549 4594 dc
1564 4537 1703 4608 temporali
1716 4537 1764 4592 do

135 4618 181 4676 que
194 4617 383 4678 precesserat,
402 4608 496 4662 iisdem
514 4608 642 4677 praemitti
657 4609 785 4677 oportuit.
800 4608 922 4663 Notanda
973 4609 1119 4664 minatione
1131 4616 1231 4664 sancte
1245 4609 1316 4665 sedis
1330 4618 1393 4665 aute
1407 4610 1597 4666 iconomachos
1608 4609 1762 4672 mussitare,

135 4674 210 4732 ιιιιιιι
222 4686 267 4733 ιιι
278 4692 329 4733 ιιι
340 4677 384 4732 illa
395 4679 561 4732 restituerunt
572 4678 747 4733 Ludoriciani
759 4679 921 4748 diplomatis
973 4679 1081 4735 mentiri
1092 4688 1143 4736 est.
1156 4677 1240 4734 Sectis
1254 4681 1387 4750 reperitur
1401 4680 1489 4737 Caroli
1509 4679 1595 4751 llagni
1614 4693 1680 4742 acro,
1694 4692 1764 4746 prai-

136 4756 234 4802 motata
249 4748 277 4802 in
290 4747 463 4812 contelerunt,
477 4749 538 4816 quia
553 4749 656 4803 scilicet
669 4765 772 4815 causae,
786 4764 836 4803 cur
854 4749 923 4803 auti·
973 4749 1051 4818 cipue
1074 4758 1136 4818 post
1151 4751 1353 4805 renovationem
1378 4750 1493 4821 imperii.
1512 4749 1580 4804 Cum
1597 4749 1669 4804 enini
1682 4747 1763 4801 Sara-

152 4817 221 4873 uitus
243 4825 302 4873 erat
326 4817 456 4879 alhibita,
486 4819 677 4887 ignorabantur
700 4819 828 4875 Ottonum
853 4833 922 4874 aero.
972 4819 1030 4875 ceni
1044 4819 1180 4891 llispaniae
1198 4819 1254 4875 lere
1268 4820 1412 4890 quotannis
1425 4821 1451 4874 in
1464 4819 1615 4875 Sardiniam
1629 4826 1656 4872 et
1668 4816 1762 4873 Corsi-

156 4894 257 4964 ttamen
274 4887 355 4943 Liber
375 4886 538 4942 Pantiliealis
559 4889 586 4942 in
608 4889 668 4943 b'ita
691 4889 820 4959 Stephani
844 4889 866 4943 ll
890 4888 923 4944 de
972 4905 1032 4944 cam
1046 4897 1229 4953 excurrerent,
1249 4905 1427 4959 magnamque
1442 4889 1476 4944 iis
1492 4888 1586 4943 insulis
1610 4887 1761 4942 molestiam

135 4954 285 5021 donatione,
299 4972 381 5026 quam
396 4973 441 5011 res
457 4957 693 5028 Langobardorum
713 4959 821 5013 eludere
840 4974 922 5015 ausus
973 4959 1113 5023 inferrent,
1136 4974 1207 5013 anno
1227 4958 1279 5014 806
1298 4967 1325 5013 ct
1340 4961 1515 5028 sequentihus
1528 4956 1657 5027 Pippinus
1671 4955 1761 5012 Caroli

136 5024 228 5094 luerat,
251 5026 330 5100 lm
356 5026 481 5081 reddendi
504 5042 536 5083 ac
556 5029 707 5083 restituendi
723 5029 834 5083 roribus
852 5044 922 5098 saepe
973 5030 1045 5083 lilius
1059 5045 1106 5084 ιιι
1123 5029 1207 5083 ltaliae
1223 5029 1408 5098 Burgharduin
1427 5029 1552 5084 comitem
1576 5028 1673 5083 stabuli
1688 5026 1763 5081 misit

135 5100 228 5167 sapius
250 5099 344 5152 utitur.
369 5097 402 5152 lit
416 5097 478 5153 licet
499 5097 639 5167 Pippinuni
655 5097 734 5170 (sect.
749 5096 813 5168 iil)
834 5099 922 5168 legato
973 5100 1000 5153 iu
1013 5098 1150 5154 Corsicam
1168 5113 1229 5153 curii
1247 5100 1343 5164 classe,
1358 5099 1430 5153 illam
1444 5098 1572 5159 tulturus,
1586 5105 1616 5152 ut
1632 5096 1759 5159 arbitror,

136 5166 261 5237 imperiali
274 5176 452 5238 protestatum
466 5166 548 5223 luisse
561 5167 634 5222 dicat
654 5187 664 5218 ι
687 5171 758 5239 quod
773 5168 846 5224 trulla
860 5184 921 5225 eum
973 5178 1073 5224 sanetae
1086 5169 1152 5233 sedi,
1167 5169 1210 5223 cui
1224 5168 1376 5238 parendum
1393 5176 1513 5238 tempora
1528 5168 1552 5224 d:
1564 5175 1655 5222 natam
1678 5165 1762 5219 luisse

135 5235 250 5295 thesauri
261 5238 339 5308 copia
350 5239 463 5294 suadere
477 5238 594 5304 valeret,
610 5247 639 5292 ut
657 5241 728 5309 quod
748 5240 831 5295 semel
844 5240 922 5295 beato
969 5239 1089 5295 vidimus
1100 5243 1172 5309 (pag.
1186 5238 1242 5307 60).
1264 5239 1381 5294 Annales
1401 5239 1548 5294 Fnldenscs
1567 5235 1596 5291 id
1617 5244 1760 5299 testantur,

134 5303 210 5364 Petro
237 5308 347 5375 obtulit,
376 5307 510 5364 aulerret:
541 5310 653 5377 »paulo
677 5320 738 5379 post
765 5310 921 5380 subjungit:
972 5309 1130 5379 quibuscum
1148 5311 1293 5364 concinunt
1313 5309 1465 5378 Eginhardc
1484 5309 1587 5371 tributi,
1600 5306 1760 5371 bertiniani,

135 5394 145 5427 t
164 5378 283 5434 restituit
303 5379 376 5450 ipsas
388 5378 511 5434 civitates
528 5379 673 5449 praelatas,
697 5382 799 5437 addens
823 5389 851 5434 et
874 5395 919 5434 ca·
973 5381 1082 5449 aliique,
1097 5395 1211 5450 qircrum
1228 5379 1310 5434 rerba
1328 5380 1335 5432 i
1400 5376 1631 5434 relerthimoinus
1649 5376 1707 5447 qlih.
1722 5393 1758 5440 ir,

133 5454 236 5514 strum,
258 5449 332 5520 quod
355 5450 559 5520 cognominatur
584 5449 770 5506 comiaclum:
794 5469 804 5503 i
831 5449 922 5520 Usque
972 5466 997 5507 o.
1012 5451 1069 5521 bi),
1084 5465 1143 5520 qum
1162 5465 1224 5503 cnm
1248 5450 1301 5503 sint
1324 5448 1437 5572 aieiq'us
1458 5448 1598 5512 momenti,
1628 5447 1760 5503 audienda

133 5516 303 5574 adcoremm
314 5529 366 5583 est,
379 5529 550 5576 monumenta
561 5528 653 5576 retera
667 5522 849 5594 grammaticis
859 5536 922 5577 een·
972 5528 1035 5577 suut
1049 5538 1055 5574 :
1069 5539 1081 5573 ι
1095 5520 1146 5587 Qui
1159 5519 1235 5589 juxta
1252 5528 1381 5576 consuetu
1400 5521 1471 5574 inem
1490 5533 1566 5574 suam
1582 5520 1615 5574 de
1632 5516 1760 5588 llispiuia

133 5588 304 5646 torihosuon
321 5590 451 5660 indigere.
973 5592 1085 5662 egressi,
1109 5591 1198 5660 primo
1216 5592 1250 5644 ad
1268 5590 1420 5645 Sardiniam
1443 5590 1547 5660 appulsi
1571 5598 1644 5653 sunt,
1670 5587 1761 5657 ibique

164 5657 199 5714 1.
219 5659 391 5730 Deplnrilms
401 5659 488 5715 Caroli
504 5660 584 5716 nnius
596 5661 786 5718 donationibus
800 5660 922 5718 Ottonia·
972 5678 1033 5718 cnm
1060 5661 1153 5717 Sardis
1174 5661 1266 5730 prelio
1293 5659 1455 5725 commisso,
1482 5669 1510 5716 et
1536 5660 1627 5716 multis
1648 5672 1759 5737 suorum

132 5742 194 5786 nain
207 5728 324 5803 diploma
345 5747 360 5786 a
383 5729 564 5788 ludoriciano
585 5733 707 5791 nonnihil
722 5734 864 5798 discrepat,
883 5733 920 5787 ita
972 5733 1087 5795 amissis.
1105 5747 1166 5788 nam
1181 5732 1232 5788 tria
1245 5729 1328 5789 millia
1344 5730 1380 5786 ihi
1392 5730 1521 5790 cecidisse
1534 5731 1718 5802 perhibentur,
1730 5741 1759 5783 ur
