3780 6120
576 333 607 390 B.
626 333 753 392 etuutt
769 328 876 389 rtrum
895 330 970 388 ΟΡΡ.
990 328 1081 387 etas
1097 328 1130 386 ti.
1151 330 1273 388 SECTlO
1290 328 1323 386 il.

1703 332 1777 389 ill?

134 464 212 505 neca
230 447 382 503 virentibus
405 448 503 503 mortui
522 455 623 502 temere
636 448 666 518 iu
677 449 774 504 licandi
794 455 867 511 sunt,
881 447 922 501 di·
937 450 960 508 Α
973 444 1039 507 sint,
1059 452 1114 499 eta
1129 453 1203 501 recto
1220 447 1330 499 tramite
1343 451 1457 512 remota,
1471 453 1555 501 restat
1566 446 1646 503 nobis
1656 456 1686 502 at
1699 448 1775 504 riam

134 541 258 596 sinerum
281 538 483 610 seripturarum
505 541 611 610 paginis
629 541 764 611 prolatum
783 548 834 596 cst.
848 538 925 594 Nilne

134 628 319 685 tnerrtisoculo
331 629 444 686 sollicite
461 631 619 686 intuendum
639 640 681 687 est
694 640 825 702 qnantum
839 632 865 686 in
879 647 924 686 su·

135 732 184 789 pre
200 725 410 773 memoratarum
426 718 572 791 imaginum
592 720 738 775 abolitione
757 719 800 775 rel
814 735 926 775 venera-

136 817 209 864 trone
228 808 344 865 liliorum
364 826 472 866 errora
498 821 640 882 parentum
659 826 752 867 errore
772 813 925 877 dissentiat,

135 912 198 953 eum
213 900 340 969 utrinque
357 900 408 955 sibi
431 908 459 954 et
479 901 592 955 istorum
613 910 642 955 et
663 901 769 956 iliorum
791 916 869 956 error
882 916 925 955 re-

136 1000 257 1056 pugnare
276 1002 330 1041 non
344 986 457 1042 desinat.
477 987 598 1041 lilienim
617 1002 666 1042 eas
678 988 868 1043 conuellendas
887 998 928 1042 at-

136 1092 190 1147 que
201 1081 411 1134 contemnendas
422 1087 657 1134 essecensuernnt
676 1080 711 1134 ab
726 1078 845 1134 Ecclesia
868 1093 928 1148 per-

136 1172 217 1235 petua
238 1168 421 1234 abdicatione,
447 1170 492 1226 isti
515 1184 565 1225 eas
585 1186 639 1226 non
667 1171 753 1225 solum
778 1171 925 1235 lrabcmlas,

138 1271 231 1315 rerum
258 1261 340 1315 etiam
365 1262 534 1317 t'encraudas
558 1263 667 1317 student
693 1261 807 1330 supplici
832 1262 928 1315 adora-

976 535 1077 605 regianr
1099 537 1245 590 securnlnm
1267 533 1426 604 Apostolum
1448 536 1618 607 gradientes,
1635 538 1775 607 nequead

976 625 1114 681 dexteram
1137 641 1225 696 neque
1248 627 1283 682 ad
1307 626 1446 681 sinistram
1471 626 1700 683 declinemustut
1722 644 1774 684 nce

977 715 1104 770 cumillis
1124 730 1235 786 prorsus
1255 714 1402 770 abolendas
1428 713 1616 784 dijudicemus,
1636 730 1687 772 nec
1708 733 1774 773 cum

977 804 1037 861 istis
1055 806 1206 861 adorandas
1228 805 1407 863 decernamus
1425 825 1432 861 :
1447 808 1496 863 sed
1517 807 1604 863 solum
1622 809 1710 864 boum
1726 810 1775 863 ad-

976 905 1096 961 orantes,
1116 906 1144 951 et
1158 896 1216 965 ejus
1230 906 1340 952 sanctos
1354 906 1514 953 venerantes
1527 900 1675 955 secundum
1697 901 1775 954 anti·

976 1003 1057 1058 quam
1082 988 1194 1043 Petrum
1211 996 1239 1044 et
1260 989 1472 1046 ecclesiasticam
1496 990 1669 1047 traditionem
1679 1008 1732 1047 eas
1748 993 1775 1046 in

977 1082 1091 1137 ecclesia
1108 1083 1135 1137 in
1149 1091 1309 1139 ornamento
1322 1091 1349 1139 et
1360 1084 1491 1139 memoria
1504 1100 1595 1140 rernm
1618 1094 1774 1155 gestarum,

977 1174 1089 1238 silibet,
1107 1175 1265 1241 habeamus,
1280 1182 1308 1230 et
1318 1191 1379 1230 eum
1388 1175 1495 1246 institia
1508 1176 1572 1231 binc
1586 1175 1775 1240 severitatem,

978 1265 1052 1321 illinc
1078 1266 1258 1322 adulationem
1288 1274 1509 1331 commanentem
1537 1283 1599 1322 curn
1627 1266 1776 1337 pmdentia

138 1348 221 1407 bene.
248 1353 289 1409 llli
311 1370 358 1410 eas
380 1355 569 1425 mancipavere
590 1355 785 1424 crepitantibus
810 1354 926 1425 ignibus,
977 1357 1040 1413 binc
1062 1358 1227 1421 uersutiam,
1253 1357 1328 1412 illine
1357 1357 1543 1414 hebitudinem
1580 1357 1774 1421 declinantes;

138 1438 185 1499 ini
199 1445 334 1500 bonurant
351 1444 496 1499 odorileris
506 1445 735 1515 thymiamatibus.
753 1445 790 1499 lili
805 1461 852 1500 eas
862 1444 928 1501 elin·
976 1462 1039 1503 cum
1059 1447 1236 1516 temperantia
1258 1447 1320 1503 bine
1349 1447 1497 1515 libidinem,
1526 1448 1600 1503 illine
1627 1447 1776 1503 insensibi-

138 1532 249 1603 giebant
272 1534 354 1589 ctiam
374 1549 495 1599 contere,
513 1535 557 1589 isti
581 1550 636 1589 non
658 1543 767 1590 cessant
792 1534 926 1603 amplecti.
977 1536 1079 1591 litatem
1101 1546 1276 1606 spernentem
1297 1554 1358 1593 cnm
1373 1537 1541 1605 fortitudine,
1559 1538 1623 1593 binc
1643 1537 1776 1592 timidita-

139 1620 179 1677 lili
197 1621 314 1679 ell'odere
340 1622 374 1678 ad
397 1634 587 1680 ornamentum
610 1626 732 1681 eeclesiae
756 1626 791 1681 ab
809 1625 928 1695 antiquis
978 1636 1047 1693 um,
1065 1627 1289 1683 illincandaeiam
1304 1629 1471 1697 abjicientes,
1487 1644 1548 1684 cum
1568 1627 1670 1683 sanetis
1686 1626 1776 1681 Patri·

139 1711 339 1767 constitutasia
355 1713 514 1782 parietibus,
529 1715 572 1770 isti
590 1730 675 1786 nuper
688 1715 810 1771 conditas
830 1714 928 1771 oblatis
977 1718 1086 1788 busqui
1098 1731 1144 1772 eas
1158 1717 1186 1772 in
1206 1727 1366 1775 omameato
1385 1718 1554 1775 solummodo
1566 1733 1628 1773 esse
1649 1717 1777 1773 ecelesia

140 1801 305 1871 perlustrant
321 1803 508 1860 luminaribus.
522 1802 563 1860 liii
587 1821 633 1861 eas
656 1806 800 1861 studebant
818 1822 929 1877 prorsus
945 1795 1110 1876 Belcarum,
1125 1811 1185 1866 istis
1195 1811 1258 1867 binc
1269 1812 1454 1878 adorantibus,
1469 1812 1521 1868 iilis
1537 1813 1601 1867 binc
1613 1811 1777 1867 abominan-

140 1892 300 1957 abunrinari,
321 1892 366 1948 isti
391 1895 514 1951 sanciunt
532 1898 643 1954 omnino
664 1898 791 1953 osculari.
811 1898 849 1953 lili
862 1914 929 1953 ana·
982 1901 1054 1957 tibus
1077 1903 1250 1973 postpositis,
1279 1904 1350 1958 riam
1378 1905 1566 1961 mandatorum
1598 1902 1709 1959 bomini
1737 1912 1778 1957 te-

140 1978 352 2037 tberuatizabant
362 1984 499 2049 trabentes,
511 1986 557 2040 isti
571 2002 587 2041 e
599 1987 735 2041 contrario
747 2002 801 2042 tion
818 1987 930 2042 adoran·
981 2008 1104 2060 nearuus‚
1116 1996 1232 2065 qualiter
1242 1997 1276 2051 ad
1287 2012 1349 2051 enm
1359 1997 1405 2067 qni
1417 2004 1459 2052 est
1469 1997 1522 2064 ria,
1537 1997 1639 2052 veritas
1655 2004 1684 2050 et
1706 1994 1777 2052 sicr.

141 2077 192 2125 tus.
214 2067 279 2137 Quae
293 2072 346 2128 duo
361 2073 431 2128 nrala
454 2090 515 2131 cum
531 2076 691 2131 alterutrum
714 2077 765 2131 sibi
793 2078 928 2133 contraria
983 2084 1041 2155 ipso
1051 2086 1199 2156 opitulante
1212 2087 1353 2158 pertenire
1365 2087 1512 2142 valcamus·

156 2243 1774 2292 Μ·Ν--ι--ι-ι-“

741 2362 893 2438 LiBER
928 2362 1167 2441 TERTIUS.

831 2515 1093 2534 ῃ

441 2587 635 2647 ΡΜΣΡΑΤΙΟ.

159 2758 163 2765 -
178 2725 292 2783 Constm
302 2725 383 2796 buius
392 2728 479 2783 nostri
491 2729 582 2798 operis
593 2729 692 2800 stylum
705 2733 763 2788 sire
774 2733 801 2788 in
815 2734 934 2803 superio

144 2815 220 2874 ribus
237 2816 347 2887 qnijam
362 2818 417 2873 beo
427 2828 564 2875 anrruente
579 2819 678 2888 digesti
695 2830 760 2876 sunt
772 2821 863 2888 libris,
878 2821 935 2876 sire

143 2910 353 2981 inpraesentia
382 2909 459 2981 cuijus
483 2913 643 2984 inceptionis
655 2916 792 2972 adorimur
809 2914 934 2982 artlculo,

143 3000 201 3057 rire
213 3003 294 3057 etiam
308 3003 336 3057 in
346 3018 381 3059 eo
391 3018 470 3074 quem
480 3008 651 3074 postmodum
664 3008 778 3063 bomine
788 3007 936 3077 opitulante

983 2617 1013 2659 sc
1026 2605 1174 2661 domestica
1184 2621 1260 2662 anna
1272 2608 1389 2675 territat,
1409 2616 1437 2664 ot
1451 2610 1616 2680 spiculorum
1635 2613 1708 2669 ictus
1718 2616 1781 2685 qui-

983 2696 1035 2752 bus
1051 2704 1079 2751 ct
1093 2696 1205 2755 libertas
1215 2698 1308 2755 debuit
1322 2701 1392 2757 tueri
1406 2710 1434 2756 et
1447 2702 1539 2758 hostili
1555 2702 1638 2773 globo
1650 2706 1739 2760 obniti
1751 2707 1778 2761 in

986 2788 1134 2860 indigenas,
1148 2791 1314 2861 prolrdolorl
1328 2793 1464 2863 compellit
1476 2794 1638 2863 intorqueri.
1648 2795 1782 2868 Hancigi-

986 2886 1030 2935 tur
1039 2883 1219 2939 nettversutis
1229 2883 1455 2947 cavillationibus,
1468 2884 1632 2941 nonlorensi
1642 2886 1779 2955 facundia,

987 2987 1042 3029 aon
1053 2975 1174 3044 procula
1190 2990 1271 3031 causa
1289 2976 1450 3045 uagantibus
1465 2976 1632 3033 locutionum
1649 2978 1778 3048 phaleris,
1880 3026 1885 3036 .

144 3094 275 3165 digesturi
286 3110 389 3160 sunaus,
403 3097 532 3153 adsersus
544 3114 638 3153 corum
653 3101 786 3155 insaniam
811 3099 933 3170 uigilare,
949 3079 973 3144 C
987 3080 1041 3120 ‘¹⁰¹¹
1063 3065 1154 3136 ¹⁰er
1165 3065 1323 3122 [⁰⁰⁰⁰i'¹¹⁰⁸i
1334 3068 1469 3131 mummi
1487 3083 1540 3122 ⁰⁰¹¹
1550 3068 1657 3123 ΗΜ
1668 3083 1782 3124 ‘mu‘

145 3187 192 3255 qui
212 3200 367 3255 quanquam
386 3186 500 3243 dirersis
518 3189 684 3259 temporibus
706 3190 873 3259 diversisque
891 3204 938 3242 ro-

146 3276 295 3333 iuntatibus
310 3278 429 3347 synodos
453 3284 500 3332 aut
514 3285 545 3332 ut
569 3278 699 3345 abdicari,
725 3288 771 3334 ant
785 3286 814 3333 ut
831 3278 938 3333 adorari

148 3366 280 3438 imagines
295 3368 323 3421 in
339 3366 462 3422 Ecclesia
479 3374 620 3433 censeant,
639 3369 759 3424 assolent
782 3379 938 3439 aggregare.

147 3458 182 3513 Et
194 3458 323 3528 quoniam
334 3457 407 3514 iliius
419 3458 530 3513 insanin
543 3458 694 3528 scriptura,
708 3474 788 3529 qnam
808 3458 881 3514 inani
894 3457 942 3512 de-

148 3547 250 3605 siderio
268 3549 390 3619 septimae
402 3549 497 3620 synodi
522 3550 654 3605 vocabulo
679 3549 784 3606 censeri
808 3548 941 3609 ambiunt,

148 3641 321 3711 propriorum
340 3655 468 3698 sensuum
478 3641 618 3697 erroribus
632 3642 709 3712 quasi
726 3641 856 3696 membris
877 3654 943 3696 con·

150 3740 245 3797 creta,
263 3738 291 3787 et
306 3731 404 3787 diuinae
422 3730 490 3801 legis
502 3731 718 3788 testimoniomm
728 3733 942 3800 incompetenter

150 3828 201 3883 sibi
218 3826 400 3883 adbibitonna
413 3826 592 3882 commatibus
614 3825 691 3896 quasi
710 3824 870 3895 quibusdam
882 3822 942 3892 pin-

151 3920 324 3977 uiscernitnr
335 3934 397 3993 esse
413 3918 521 3975 suffulta
536 3919 637 3975 :libuit
656 3919 735 3976 nobis
748 3919 774 3973 in
786 3917 943 3989 praeceden-

150 4010 226 4068 tibus
239 4011 317 4067 iibris
329 4011 472 4081 pinnarum
486 4011 606 4066 subsidia
631 4010 668 4076 ei,
686 4010 785 4080 quibus
806 4009 941 4063 incassum

152 4098 241 4157 iulciri
258 4101 417 4169 arbitratur,
428 4101 552 4165 demere;
571 4098 786 4169 insequentibus
805 4110 871 4151 sero
883 4109 944 4150 eam

152 4206 284 4248 ranomm
292 4206 423 4262 compage
438 4191 632 4253 membrorum,
648 4188 746 4258 quibus
755 4187 904 4242 subsistere
914 4198 944 4239 se

152 4296 232 4353 posse
252 4283 415 4353 suspicatur,
427 4282 583 4346 destituere,
602 4289 633 4335 ut
649 4278 831 4349 praecedentes
854 4275 888 4329 ab
912 4289 945 4329 ea

153 4374 299 4446 pinnamm
307 4373 420 4444 remigia
433 4371 569 4438 auferant,
584 4378 729 4440 sequentes
739 4366 798 4437 ejus
807 4363 946 4421 artuslru-

988 3153 1070 3208 tionis
1079 3154 1189 3209 nodosis
1200 3156 1490 3225 arguturentationibus,
1501 3155 1640 3225 jactanter
1649 3170 1782 3212 enervare

989 3243 1169 3308 decrevimus,
1183 3246 1231 3300 sed
1243 3260 1318 3315 punc
1328 3261 1362 3302 ae
1374 3245 1506 3315 sinrplieis
1523 3247 1657 3302 orationis
1676 3248 1780 3302 ambitu

990 3331 1142 3387 diuinorum
1153 3333 1321 3402 eloquiorum
1335 3334 1475 3390 tenacibus
1487 3336 1579 3391 nervis
1596 3345 1741 3400 concreto,
1754 3344 1782 3390 et

990 3440 1064 3481 sanae
1083 3427 1233 3496 sobriaque
1254 3428 1384 3484 doctrina
1401 3429 1556 3498 eloquentia
1579 3429 1712 3495 colorato,
1737 3427 1781 3498 qni

990 3514 1116 3571 datioms
1125 3518 1307 3573 ostentatione
1316 3533 1414 3573 carens
1428 3519 1558 3575 Ecclesiae
1571 3529 1674 3575 sanctae
1691 3519 1783 3590 potius

991 3606 1128 3679 proiectus
1142 3616 1258 3673 nautor,
1276 3625 1358 3679 quam
1368 3625 1424 3665 suus
1440 3610 1483 3665 rel
1495 3619 1595 3666 nostrae
1613 3612 1651 3666 sit
1664 3619 1783 3666 renwsae

991 3700 1080 3756 laudis
1100 3707 1228 3756 sectator.
1251 3702 1384 3768 Quoniam
1408 3703 1492 3773 igitur
1518 3703 1546 3757 in
1565 3704 1710 3772 presentis
1721 3702 1784 3759 libri

993 3799 1079 3858 textu,
1091 3793 1118 3848 in
1130 3808 1184 3864 quo
1197 3808 1269 3848 nune
1295 3793 1396 3849 adoriri
1418 3810 1468 3849 nos
1480 3794 1582 3864 liquet,
1602 3794 1712 3851 illoram
1725 3810 1785 3851 setr-

993 3885 1093 3940 tentias
1103 3884 1279 3940 discutientes
1289 3885 1422 3954 quiaiiter
1432 3886 1647 3957 quaedamquam
1658 3901 1674 3941 a
1685 3886 1786 3942 sanctis

993 3975 1120 4031 Patribus
1136 3976 1234 4031 tradita
1250 3975 1354 4031 suntin
1368 3990 1416 4030 sua
1429 3975 1534 4046 synodo
1548 3990 1676 4045 posuere,
1690 3975 1786 4031 deddc

993 4066 1192 4137 quodammodo
1217 4066 1378 4138 disputaturi
1398 4083 1507 4133 saurus,
1525 4067 1595 4123 ordo
1616 4066 1741 4136 exposcit
1756 4072 1786 4120 ut

994 4158 1113 4229 primum
1143 4166 1242 4215 nostrae
1271 4158 1333 4216 ildei
1350 4158 1556 4217 tundamentum
1574 4157 1721 4227 iamamus,
1738 4157 1788 4213 bot

995 4247 1120 4304 videlicet
1138 4248 1172 4304 tle
1183 4264 1237 4320 quo
1251 4249 1289 4306 ait
1313 4249 1466 4319 Apostolus,
1490 4246 1710 4303 Fundamentum
1721 4247 1787 4301 eninr

996 4334 1070 4392 uliud
1082 4354 1178 4409 ponere
1191 4355 1266 4393 neoto
1277 4348 1359 4409 potest
1373 4348 1469 4410 praeter
1479 4338 1507 4392 id
1520 4337 1592 4409 quod
1607 4339 1725 4409 positum
1736 4347 1785 4397 eet,

153 4466 260 4523 stratim
273 4464 418 4528 dirimant;
438 4462 623 4533 precedentes
641 4475 700 4517 eam
713 4458 815 4522 relatu,
833 4469 946 4526 sequen·
959 4427 1067 4507 Dim
1080 4438 1118 4482 “²
1132 4427 1340 4484 Ci'ffl'i'hw'
1351 4428 1377 4501 (¹
1391 4429 1453 4484 επ·
1468 4426 1522 4499 ¹¹¹)·
1534 4425 1788 4497 cummim

154 4564 196 4614 tes
205 4556 313 4627 privent
327 4570 421 4626 gressu
437 4573 445 4612 ι
468 4564 499 4610 ut
512 4554 636 4611 videlicet
651 4552 779 4623 spiritalis
796 4549 947 4620 intelligen-

154 4648 238 4703 ticet
251 4645 334 4701 divini
347 4644 449 4714 eloquii
471 4644 572 4715 pinnis,
599 4645 699 4714 quibus
716 4641 866 4697 enormiter
885 4637 946 4693 sebi

155 4739 310 4809 putabatur,
327 4735 461 4802 abscisis,
486 4744 514 4792 et
532 4736 650 4808 propriis
678 4734 831 4791 sensibasa
851 4730 949 4800 quibus

156 4828 287 4886 uiolenter
295 4828 323 4883 in
333 4828 394 4884 aliis
404 4828 572 4900 peregrinari
581 4826 795 4898 centipellebatur
805 4822 946 4884 restitutis,
989 4868 992 4873 .

155 4931 183 4979 et
197 4921 339 4978 eatbolieau
356 4920 420 4979 lidci
435 4920 514 4978 lortis
533 4930 560 4977 et
575 4917 791 4991 inexpugnabilis
808 4915 891 4988 pugni
909 4915 950 4969 in·

156 5013 297 5085 pulsione,
310 5027 364 5083 qua
390 5011 458 5068 satis
475 5027 622 5068 taenarum
635 5018 663 5066 et
678 5009 783 5065 ratione
799 5005 950 5063 carentium

156 5104 338 5159 assertionum
360 5101 475 5167 acerris,
495 5109 523 5157 et
547 5100 677 5171 congruis
690 5098 826 5163 sensibus,
844 5103 871 5152 et
883 5094 952 5150 diri-

158 5210 255 5251 nomm
270 5194 379 5264 apicum
391 5182 553 5249 testimoniis
567 5206 674 5256 carens,
688 5190 814 5245 omnibus
824 5195 952 5258 appareat

158 5294 307 5355 enervata,
338 5304 399 5360 que
428 5303 483 5343 non
503 5287 538 5343 ab
553 5284 681 5342 omnibus
698 5282 818 5339 ereditur
840 5295 900 5337 esse
912 5278 953 5334 di-

159 5386 235 5449 gesta
248 5397 254 5432 :
269 5379 397 5449 qnoniam
411 5377 519 5450 quidem
531 5377 595 5432 dum
608 5389 719 5430 suorum
731 5373 848 5428 intentat
861 5376 954 5425 auctu-

161 5484 220 5522 rum
233 5469 261 5524 in
273 5470 390 5528 sublime
403 5470 491 5526 laudis
509 5467 615 5538 insigne
627 5462 732 5529 ellerre,
747 5461 953 5534 prosperitatem

161 5574 253 5613 rerum
264 5562 476 5618 domesticarum
488 5560 561 5617 cirili
586 5573 640 5615 non
655 5555 782 5612 lormidat
807 5552 938 5608 certamin

162 5653 338 5720 perturbare,
358 5654 476 5725 dumque
485 5666 595 5723 pessum
611 5649 647 5706 ad
667 5645 844 5717 quarumdam
863 5656 956 5698 rerum

163 5743 337 5805 interdictam
351 5745 424 5803 eires
445 5744 630 5801 adorationem
657 5747 796 5812 proruent,
809 5736 914 5809 ,uirium
928 5734 955 5789 in

996 4518 1059 4575 iidci
1072 4519 1265 4585 sinceritatem,
1281 4535 1345 4575 ntox
1358 4527 1388 4573 ut
1403 4519 1473 4575 sicut
1490 4517 1573 4574 corde
1584 4519 1734 4581 credimus,
1744 4529 1789 4572 ore

996 4612 1207 4683 protulerimus,
1231 4619 1259 4666 et
1280 4611 1348 4667 tami
1369 4609 1535 4666 fundaminis
1561 4608 1693 4663 iirmitate
1709 4604 1789 4661 luituri

997 4706 1088 4776 operis
1113 4705 1260 4774 primordia
1286 4704 1479 4767 munierimus,
1508 4701 1622 4756 liberius
1642 4708 1736 4755 nostra
1754 4696 1799 4771 e,

997 4800 1073 4857 brica
1085 4813 1199 4869 surgens
1211 4797 1310 4853 rectius
1321 4795 1486 4865 solidiusque
1499 4800 1632 4855 stmatur,
1644 4796 1673 4847 et
1686 4790 1789 4845 illorum

999 4894 1085 4951 sicubi
1097 4894 1187 4949 minus
1200 4901 1274 4949 reete
1287 4891 1410 4947 minusve
1419 4889 1505 4945 solide
1514 4885 1676 4953 sarrexerit,
1687 4881 1791 4939 iacilitre

1000 4983 1151 5053 deiiciatur.
1165 4982 1233 5050 Quia
1244 4997 1309 5052 ergo
1322 4980 1440 5051 primum
1455 4992 1506 5033 nos
1526 4976 1634 5031 munire
1647 4980 1793 5041 nostraque

1002 5076 1121 5140 brmare,
1137 5083 1165 5130 et
1178 5082 1240 5144 post
1253 5079 1348 5128 eontra
1363 5071 1476 5126 adversa
1500 5065 1658 5137 confligere,
1671 5073 1700 5121 et
1713 5078 1795 5133 oppa-

1002 5166 1064 5223 sitis
1078 5167 1204 5223 resistcre
1219 5163 1359 5229 debemus,
1372 5177 1427 5217 non
1435 5158 1524 5216 solunt
1537 5170 1680 5213 sacrarum
1693 5153 1796 5207 littera-

1003 5274 1064 5313 rum
1075 5258 1254 5328 perdocemur
1268 5252 1447 5316 documentis,
1469 5249 1612 5307 sedetiam
1637 5246 1725 5316 ipsius
1744 5242 1796 5297 tto

1004 5349 1077 5405 titani
1089 5349 1209 5404 auctoris
1220 5344 1289 5418 (se,
1297 5344 1446 5414 Ciceronis)
1457 5340 1558 5411 eloquii
1569 5352 1714 5395 monemur
1725 5333 1799 5390 insti-

1005 5442 1085 5505 tutis,
1108 5439 1226 5510 quiait,
1259 5434 1534 5508 ‹Argumentandum
1564 5438 1608 5489 est
1637 5430 1676 5483 ita
1692 5434 1723 5484 ut
1740 5423 1797 5494 pri·

939 5566 956 5606 g·
1007 5548 1081 5589 rtrum
1111 5542 1205 5587 nostra
1228 5530 1384 5594 tirmemus,
1414 5524 1512 5581 debinc
1540 5521 1655 5578 adversa
1679 5514 1795 5575 tculriu

1006 5638 1111 5695 gamus.
1127 5643 1136 5675 ι
