3780 6120
181 217 248 274 4591
644 207 691 265 AD
709 209 823 266 DPEM
841 209 872 264 D.
893 209 1019 267 mucci
1038 209 1145 265 usual
1164 209 1347 266 terebelli.
1745 219 1814 277 Ιδθὶ

180 328 218 382 rit
238 321 352 395 (diutili.
375 335 423 385 ιι,
445 316 522 389 ιιι);
548 328 574 374 et
595 333 657 374 eum
681 334 760 387 qiiciii
788 326 899 388 paterna
925 323 1005 380 reg
1021 318 1098 371 tlieus
1111 325 1194 386 spatae
1208 317 1366 383 colligatus,
1384 330 1447 387 quac
1471 326 1548 387 spata
1569 317 1690 388 primurn
1715 325 1814 391 aigina

181 395 313 450 idatioiie
339 391 457 458 seipsum
481 403 642 458 cognoscere
670 388 772 451 uoluit,
793 388 968 457 clavibusque
1017 385 1073 507 [ΑΙ.
1088 388 1183 467 vagina
1197 385 1299 509 sageffl'
1312 387 1718 460 secundoccrioqualicunque.
1734 395 1814 447 tertio

182 461 399 534 regulariorum
412 457 618 522 donavit,Pauli
638 459 797 580 sapientiam
813 458 905 511 mirari
924 472 968 511 io
1028 455 1262 510 inicamineeaiidi
1293 456 1467 536 ssimc,eera
1491 456 1659 512 lucidissima
1686 462 1814 518 roborato

181 533 264 588 luerit
278 529 350 600 (Gal.
365 528 413 597 ii);
432 526 644 595 discipulumque
656 543 673 596 p
683 543 715 582 us
726 527 830 581 ceteris
841 526 967 580 dilectum
1018 525 1054 578 ita
1067 525 1233 593 cingebatur,
1241 535 1271 578 ut
1280 539 1329 593 per
1341 525 1458 578 medium
1470 527 1617 582 ciuicieulis
1629 530 1814 590 eminentibus

181 603 210 657 iii
242 606 344 656 tautam
368 598 464 652 cadere
488 596 693 664 trepidationem
719 596 921 665 permiserit,ut
939 595 967 648 iii
1017 592 1051 647 ad
1084 594 1277 662 eremptionem
1292 593 1434 663 gentilium
1453 594 1599 652 duraretur
1624 596 1681 669 [ΑΙ.
1701 614 1813 656 auram.

182 671 272 725 locum
288 666 403 737 sepulcri
427 664 485 732 eius
508 666 610 734 ingredi
633 681 686 719 non
710 672 894 733 praesumeret,
906 679 967 719 cuin
1017 609 1083 733 turf
1093 662 1220 717 Ultimum
1233 663 1342 717 liabitas
1354 677 1447 718 eorum
1459 674 1520 719 erat
1533 667 1645 734 pallium
1656 683 1758 725 cauum
1770 674 1814 727 iel

182 739 248 794 illud
276 736 421 790 iinb'ccilles
450 733 613 788 muliercula
638 735 736 803 saepius
767 734 967 801 frequentarent
1017 733 1203 800 sapphirinum
1226 734 1454 800 quadrangulum,
1471 734 1580 804 duplex,
1598 737 1638 791 sic
1653 738 1811 806 formatum,

183 809 272 881 (ioca.
287 805 343 926 ”Si
356 804 408 858 Sed
422 803 469 865 illi,
479 803 549 857 sicut
561 803 689 872 scriptum
703 811 754 867 est,
773 802 850 856 Uirri
863 803 967 856 habenti
1018 809 1047 854 ut
1062 815 1124 854 cum
1153 803 1337 871 imponeretur
1358 803 1486 865 iinmeris,
1510 815 1574 859 aiite
1595 814 1623 860 et
1640 816 1717 863 retro
1730 809 1812 879 pedes

181 877 287 930 dabitur
301 877 320 944 (i
342 874 407 926 utili.
420 872 497 941 xxl);
517 874 656 926 scientesa
670 873 873 941 quoliaberent,
886 872 968 927 etiam
1018 878 1150 940 tangeret,
1164 873 1197 925 de
1212 871 1343 925 lateribus
1355 885 1419 926 iero
1432 873 1476 926 i'ii
1488 888 1577 943 genua
1589 885 1731 946 tangeret;
1750 889 1812 935 tune

181 956 242 1014 quac
255 944 342 997 niiniis
360 943 495 1005 imbuere,
511 942 647 997 consecuti
662 950 733 997 sunt.
756 939 808 996 lste
830 956 894 995 rem
916 954 961 995 ne·
1019 937 1073 1010 [ΑΙ.
1089 946 1261 1008 contegeret;
1276 938 1343 1010 tuiti]
1358 941 1515 998 bacalusde
1529 946 1627 999 arbore
1639 947 1811 1013 malo,iiodit

181 1015 269 1069 sciens
294 1011 364 1064 unde
391 1011 514 1074 liaberet,
527 1013 569 1065 iel
594 1013 692 1075 sciens,
709 1012 811 1066 auctori
836 1011 968 1065 donorum
1017 1009 1128 1077 paribus
1141 1009 1318 1072 admirabilis,
1332 1011 1433 1080 rigidus
1445 1021 1473 1066 et
1484 1014 1615 1069 terribilis
1626 1018 1741 1085 cuspide
1756 1033 1811 1073 ma·

181 1083 260 1152 digne
272 1081 374 1149 gratias
388 1094 440 1133 noti
457 1081 522 1148 egit,
535 1088 631 1135 cuncta
655 1082 755 1149 pariter
777 1080 875 1134 amisit.
900 1079 967 1133 Nam
1017 1078 1414 1148 nuali,exauroielargcnto,
1429 1096 1491 1135 caui
1507 1083 1644 1139 caelaturis
1662 1087 1714 1141 insi
1753 1088 1811 1144 ibus

180 1148 895 1220 cumveluitfamiliarissimasjmiagloriosissimum
909 1148 969 1203 Cac-
1017 1147 1128 1216 praedm
1144 1148 1303 1228 portabatur
1321 1149 1348 1229 iii
1374 1150 1495 1205 deutera.
1521 1152 1580 1219 Quo
1599 1155 1696 1210 babitu
1734 1166 1811 1214 entus

180 1234 267 1275 sarem
286 1220 465 1282 constitisset,
479 1220 568 1274 subito
589 1235 642 1272 iioii
665 1221 824 1288 coiiipariiit.
846 1219 968 1286 Cumque
1017 1231 1068 1286 ego
1080 1224 1107 1270 ct
1119 1217 1253 1271 testudine
1264 1218 1375 1280 tardior,
1392 1235 1452 1273 cuin
1464 1221 1491 1274 iii
1508 1221 1653 1278 Franciam
1671 1241 1809 1296 nunquam

180 1291 212 1343 ad
223 1297 277 1343 tam
291 1289 439 1342 inauditam
457 1296 484 1341 et
495 1289 678 1343 incredibilem
692 1304 749 1343 rem
773 1289 968 1343 invictissimus
1018 1287 1150 1350 venirem,
1162 1286 1216 1339 vidi
1227 1295 1308 1355 caput
1323 1287 1488 1343 Francomm
1502 1291 1528 1345 iit
1542 1295 1712 1350 monasterio
1725 1298 1809 1352 sancti

178 1359 325 1428 imperator
336 1358 449 1413 Carolus
459 1359 660 1427 obstupefactus
672 1357 776 1421 luisset,
793 1358 840 1412 sed
859 1357 967 1411 tandem
1017 1353 1085 1409 Galli
1108 1355 1281 1437 praefulgens,
1298 1357 1419 1426 duosque
1443 1358 1523 1414 liores
1535 1363 1693 1420 aumcomos
1705 1381 1740 1421 ex
1753 1367 1809 1436 ejus

178 1428 340 1497 resipiscens
368 1442 397 1481 se
419 1442 499 1481 eruce
527 1429 632 1482 Douiini
660 1428 841 1494 consignaret,
864 1427 968 1481 iuieiiit
1018 1423 1166 1480 lemuribus
1180 1440 1471 1496 progressusquorum
1486 1431 1532 1496 qui
1554 1432 1734 1500 peierantem
1779 1452 1809 1491 ii·

177 1495 206 1550 iii
221 1513 253 1551 eo
267 1497 325 1551 loco
347 1496 374 1550 iii
395 1512 448 1564 quo
466 1505 577 1550 steterat
593 1497 653 1562 illc,
668 1497 746 1567 quasi
759 1498 904 1552 carbonem
921 1496 968 1551 de·
1018 1492 1093 1548 latim
1106 1509 1267 1550 excrescens
1281 1496 1408 1551 verticem
1421 1498 1521 1569 stipitis
1533 1501 1575 1555 siii
1594 1517 1704 1558 summa
1727 1507 1808 1574 goria

178 1568 318 1621 terrimotu
334 1574 361 1618 et
372 1567 449 1620 niodo
460 1567 633 1621 exstinctum.
1018 1563 1166 1628 decoravit,
1180 1573 1207 1619 et
1220 1566 1434 1621 transcendendo
1446 1571 1573 1623 conterit.
1586 1571 1651 1633 Sed,
1664 1582 1695 1627 itt
1708 1590 1738 1628 se
1752 1590 1809 1630 mes

445 1657 559 1713 ΝΜ
578 1651 689 1714 xxm
982 1657 1004 1720 B
1019 1632 1128 1688 humani
1144 1636 1224 1688 babet
1237 1634 1346 1702 ingenii,
1357 1651 1418 1690 cuin
1434 1638 1505 1692 inter
1522 1638 1614 1695 Gallos
1625 1641 1727 1698 Franci
1741 1645 1808 1698 urili-

449 1699 533 1802 γὰρ,
551 1696 688 1802 Gano‘mm
1019 1711 1107 1758 lantes
1117 1704 1143 1758 ii
1177 1705 1229 1758 atis
1240 1718 1288 1759 eos
1304 1705 1403 1787 sagulis
1418 1706 1507 1762 lucere
1520 1711 1721 1780 conspicerent,
1734 1713 1808 1768 nori·

1018 1779 1075 1826 tate
1098 1788 1149 1844 gaii
1169 1780 1261 1838 entes,
1291 1785 1429 1845 antiquam
1453 1781 1677 1834 consuetudinem
1701 1783 1808 1839 dimise·

211 1837 378 1918 Nocturnum
389 1838 622 1919 atquepeiidulum
630 1838 741 1919 Augusti
752 1839 862 1907 pallium
876 1838 965 1896 adbuc
1017 1850 1089 1906 runt,
1104 1850 1132 1897 et
1142 1858 1189 1898 eos
1207 1843 1307 1897 imitari
1322 1855 1469 1914 coeperunt.
1482 1846 1559 1913 Quod
1576 1850 1687 1905 iiiterim
1704 1853 1729 1906 ri
1749 1853 1808 1909 'dis

176 1921 227 1961 nos
253 1923 269 1961 a
296 1907 391 1962 bellico
410 1915 550 1976 procinctu
563 1910 688 1962 retrahit.
704 1909 770 1963 Erat
788 1917 963 1968 aiiticucrum

1017 1911 1102 1966 simiis
1115 1914 1263 1983 imperator
1283 1914 1383 1968 idcireo
1408 1931 1461 1971 uon
1480 1919 1630 1986 proliibuit,
1649 1922 1713 1990 quia
1785 1924 1805 1976 i·

175 1986 287 2030 crnatus
303 1977 344 2029 iel
356 1987 483 2045 paratura
495 1977 671 2041 Francorum,
685 1978 866 2034 calceamenta
880 1978 964 2034 loriii-
1016 1981 1056 2035 cis
1082 1983 1162 2036 rebus
1189 1984 1279 2052 aptior
1300 1983 1438 2039 rideretur
1458 1986 1501 2041 ille
1524 1988 1643 2044 babitus.
1664 1989 1720 2046 Sed
1747 2006 1807 2047 cuni

175 2060 254 2100 secus
281 2056 385 2107 aiirata,
399 2047 523 2113 corrigiis
544 2047 743 2103 tricubitalibus
765 2050 899 2119 insignita,
922 2049 962 2103 la·

1016 2049 1151 2107 Fiesones
1163 2053 1213 2107 liae
1224 2053 1332 2107 licentia
1340 2055 1483 2110 abutentes
1495 2056 1661 2124 adverteret,
1669 2061 1807 2117 cibreiis-

176 2115 266 2170 sciolas
281 2116 402 2170 crurales
416 2116 611 2181 vermiculatae,
623 2126 650 2173 et
671 2120 766 2173 subtus
787 2134 835 2173 eas
859 2119 962 2173 tibialia

1015 2121 1083 2175 sima
1098 2122 1142 2175 illa
1151 2122 1268 2192 palliola,
1284 2124 1354 2177 sicut
1385 2125 1442 2178 rius
1456 2127 1582 2192 maxima,
1597 2130 1718 2185 vendere
1735 2146 1806 2185 coni·

174 2185 216 2239 iel
230 2184 349 2257 [ili.,ac]
366 2185 693 2269 coxalialinea,quamiis
708 2204 740 2242 cii
754 2189 848 2243 codem
862 2189 962 2252 colore,
1013 2192 1137 2259 perisset,
1149 2195 1319 2272 praecepitur
1332 2138 1420 2248 nullm
1434 2195 1518 2250 abeis
1534 2198 1586 2251 nisi
1626 2200 1722 2254 randia
1735 2200 1806 2255 latis·

174 2262 264 2309 tamen
279 2270 359 2325 opere
387 2265 582 2336 pretiosissimo
606 2264 718 2311 variata.
743 2257 831 2328 Super
853 2274 914 2328 qua·
936 2265 964 2314 et

1015 2260 1137 2331 simaque
1148 2261 1192 2316 tila
1207 2260 1361 2331 longissima
1374 2263 1454 2333 pallia
1466 2277 1597 2320 consuetu
1619 2269 1710 2323 iiiario
1723 2272 1806 2340 piatio

175 2322 285 2379 luciolus
302 2327 330 2379 iii
345 2341 435 2380 crucis
456 2326 563 2380 inodum
583 2327 747 2383 intrinsecus
773 2336 836 2383 ante
848 2338 876 2383 et
890 2336 963 2382 retro
1014 2339 1160 2395 coemeret,
1172 2330 1303 2401 adjiciens
1317 2349 1323 2384 τ
1339 2331 1409 2398 Quid
1419 2344 1532 2403 prosunt
1542 2335 1586 2390 illa
1600 2339 1759 2459 putaciola?
1781 2341 1806 2394 iii

175 2392 328 2463 longissime
347 2395 400 2467 [Al.
426 2395 588 2450 intrinsecus
610 2406 638 2451 et
658 2399 836 2461 extrinsecus,
851 2407 914 2453 ante
936 2408 963 2453 et
1015 2400 1084 2455 lecto
1098 2417 1153 2456 noir
1173 2415 1283 2469 possum
1298 2402 1339 2456 eis
1357 2403 1500 2471 cooperiri,
1523 2407 1600 2461 caval
1612 2409 1690 2462 icans
1717 2414 1805 2465 contra

175 2463 435 2537 reiroloigissioie]
457 2465 846 2536 illaecorrigimtendebantur.
862 2469 962 2523 Deinde
1011 2478 1107 2525 ventos
1135 2479 1163 2525 et
1189 2470 1295 2540 pluvias
1322 2486 1427 2541 nequeo
1450 2472 1575 2540 delendi,
1591 2478 1627 2532 ad
1656 2479 1806 2535 necessarie

173 2534 285 2588 cantisia
296 2535 402 2589 cilizina
418 2534 472 2607 [Al.
484 2535 590 2605 glizina,
604 2535 736 2609 glezina];
753 2548 812 2608 post
829 2539 887 2593 baec
906 2537 963 2591 bal·
1011 2547 1115 2595 nature
1131 2541 1261 2596 secedens
1273 2541 1400 2596 tibiamm
1410 2543 1598 2611 congelatione
1610 2546 1720 2604 delicio.

754 2789 903 2867 LIBER
941 2788 1215 2872 SECUNDUS

681 2963 723 3007 DE
745 2961 846 3006 brues
868 2962 1008 3006 batildis
1029 2964 1143 3008 cinon
1165 2965 1278 3010 uiuat.

855 3085 1122 3103 *-

397 3175 522 3229 intimi
535 3174 727 3230 PRAEFATIU.
976 3177 1099 3303 Cbrask
1115 3180 1302 3247 comportavit.
1330 3180 1395 3249 Qute
1416 3181 1568 3251 hujusmodi
1594 3184 1716 3258 luerunt,
1737 3190 1801 3246 sicul

206 3272 234 3328 lii
246 3267 403 3342 prelatione
424 3265 505 3335 hujus
525 3265 644 3335 opusculi
657 3275 711 3321 tres
721 3272 824 3320 tantum
838 3275 962 3324 auctores
1013 3247 1080 3302 Mal
1100 3256 1175 3304 ⁰¹¹¹¹¹⁵
1189 3249 1254 3304 'nihi
1269 3267 1380 3307 'mmm
1392 3263 1578 3310 ⁰⁰⁰⁵¹¹⁰V0ffl¹·

171 3359 216 3398 iiie
238 3349 394 3398 secutiimiii
418 3335 535 3406 spondi:
553 3338 601 3411 sed
622 3336 684 3416 qaia
700 3337 850 3418 praecipuus
867 3352 960 3392 corun,
1325 3363 1437 3421 CAPUT
1453 3365 1485 3421 u·

170 3413 348 3469 Wernbcrtus
360 3408 474 3478 septimo
486 3406 528 3461 die
545 3407 577 3461 dc
589 3407 639 3461 liae
655 3416 711 3459 viia
728 3414 849 3473 recessit,
871 3416 898 3462 et
911 3408 960 3462 de-

168 3483 264 3541 bemus
275 3480 364 3545 hodie,
381 3479 468 3544 idest,
481 3493 510 3531 iii
532 3476 574 3530 die
590 3475 647 3531 iial.
664 3473 746 3541 lunii,
763 3491 958 3533 commemora·

171 3555 272 3609 tionem
296 3551 367 3605 illius
385 3548 444 3602 orbi
458 3547 505 3601 lllii
523 3547 699 3616 discipulique
724 3560 815 3618 agere,
841 3548 891 3602 boc
913 3549 960 3603 liat

169 3624 301 3680 teriiiiuus
324 3618 404 3674 libelli
422 3619 501 3673 istius
526 3617 594 3741 (ιιιιὶΐ
608 3633 640 3671 eii
663 3617 812 3672 sacerdotis
838 3616 959 3685 ejusdcm

168 3710 216 3749 ore
237 3695 270 3748 de
296 3690 472 3760 religiositate
493 3696 520 3743 et
537 3688 720 3743 eccesiastica
745 3686 846 3741 domiui
869 3687 958 3744 Caroli

167 3780 233 3820 cura
245 3762 387 3832 processit.
404 3759 527 3828 Sequens
541 3774 604 3813 iero
618 3759 650 3813 de
665 3757 769 3813 bellicis
782 3759 863 3813 rebus
884 3774 960 3815 acer·

157 3835 229 3890 ⁴iiiiii
253 3831 341 3888 Caroli
360 3846 394 3885 eti
414 3830 568 3884 narratione
580 3827 718 3883 bdalberti
733 3829 819 3898 patris
836 3827 958 3897 ejusdem

157 3903 323 3960 ii'eriiberti
347 3902 459 3956 cudatus
482 3897 628 3971 [cudatur],
644 3899 689 3966 qui
703 3913 764 3952 ciiiii
784 3899 893 3954 domiiio
910 3915 959 3953 suo

167 3973 287 4030 lietardo
301 3981 328 4028 et
343 3970 472 4036 liuiiisco,
490 3978 517 4024 et
536 3967 670 4024 Saioiiico
690 3969 731 4022 rel
751 3967 875 4024 Sclavieo
887 3969 959 4024 bello

166 4042 298 4100 tiiteilou.
323 4042 357 4096 Et
385 4058 447 4096 cuni
470 4039 525 4108 jam
549 4038 728 4094 ialdesenior
746 4040 888 4109 paruulum
914 4055 957 4094 iiie

165 4115 292 4178 nutriret,
305 4114 476 4174 renitentem,
495 4117 524 4165 et
542 4109 640 4180 satpiiis
652 4107 706 4163 eliu
725 4109 835 4176 lentem,
852 4121 881 4165 ut
900 4119 957 4166 tan-

165 4183 228 4239 dem
242 4194 375 4247 mactum,
394 4183 427 4237 de
446 4180 488 4235 bis
505 4184 639 4235 instruere
652 4124 766 4235 reiciat.

423 4268 537 4326 carui
552 4267 696 4325 Putubti.

281 4365 418 4421 Gallorum
431 4381 447 4417 o
463 4361 580 4416 Romanu
596 4362 703 4432 imperio
716 4361 838 4431 desectio.

199 4456 238 4510 Es
256 4455 386 4509 relatione
406 4450 542 4507 secularis
564 4450 682 4505 bominis
705 4459 732 4504 et
757 4451 784 4505 iii
811 4451 953 4520 scripturis

1317 3453 1356 3509 Dc
1376 3455 1492 3510 Uannii.

1016 3554 1019 3561 ·
1047 3541 1141 3610 Terra,
1153 3543 1286 3614 iuquiens,
1299 3544 1457 3601 liunnorum
1469 3561 1496 3600 ιι
1509 3547 1620 3605 circulis
1627 3550 1797 3633 cingebatur:

1011 3618 1039 3668 'et
1056 3628 1116 3667 cuni
1133 3629 1182 3684 cgo
1197 3615 1264 3670 alios
1277 3616 1392 3671 circulos
1406 3617 1457 3671 nisi
1472 3631 1497 3671 vi
1517 3617 1607 3673 ineos
1623 3631 1744 3692 cogitare
1757 3638 1799 3677 ue-

1011 3683 1093 3749 scius,
1111 3683 1330 3756 intemogarenii
1346 3704 1352 3739 :
1370 3685 1439 3753 Quid
1453 3686 1517 3741 illud
1530 3688 1655 3745 miraculi
1671 3691 1731 3756 luit,
1755 3691 1798 3748 do-

1010 3753 1100 3807 mine?
1114 3752 1262 3822 uesponcti
1272 3769 1366 3809 norcm
1377 3756 1456 3826 liegiu
1468 3755 1605 3831 [haganis]
1618 3761 1796 3816 muniebatur.

1010 3820 1131 3892 Cumque
1152 3831 1179 3876 et
1197 3823 1256 3879 illos
1267 3823 1379 3880 alterius
1392 3828 1498 3897 generis
1516 3843 1576 3882 csse
1588 3831 1735 3895 nescirem,
1749 3831 1797 3886 nisi

1009 3900 1141 4019 qnatenus
1153 3895 1289 3964 segetibus
1302 3894 1389 3949 solent
1399 3896 1544 4018 praetendi,
1557 3898 1707 3969 inquisitus
1718 3902 1796 3956 etum

1027 3978 1043 4018 e
1058 3964 1109 4017 boc
1123 3963 1190 4018 dixit
1205 3982 1210 4017 ι
1229 3963 1296 4018 Tam
1312 3965 1383 4020 latus
1410 3966 1447 4020 uit
1462 3982 1533 4021 uirus
1550 3967 1682 4037 circulus,
1696 3971 1748 4025 lice
1758 3979 1797 4026 est

1009 4038 1113 4087 tantum
1125 4033 1196 4087 intra
1211 4048 1240 4088 se
1254 4050 1312 4089 cciii
1324 4035 1467 4096 rehendit,
1482 4045 1616 4106 quantum
1630 4040 1748 4121 spatium
1759 4047 1795 4095 esl

1009 4102 1042 4158 de
1052 4109 1144 4158 castro
1156 4102 1256 4159 Taricc
1267 4104 1301 4159 ad
1309 4051 1506 4172 Sonstaiitiam
1519 4106 1556 4161 ila
1566 4108 1709 4177 stipitibus
1722 4125 1797 4180 quer·

1008 4173 1086 4238 cinis,
1103 4173 1200 4255 laginis
1211 4182 1239 4229 et
1252 4175 1384 4246 abieginis
1395 4183 1559 4241 exstructus,
1575 4186 1607 4231 ut
1631 4180 1665 4234 de
1678 4180 1796 4252 margine

1007 4242 1042 4297 ad
1057 4258 1207 4314 marginem
1226 4259 1260 4298 ιι
1282 4245 1364 4314 pedes
1383 4245 1539 4301 tenderetur
1552 4247 1578 4301 iii
1596 4247 1685 4303 latillu
1696 4260 1725 4304 et
1739 4251 1796 4305 toti·

1008 4313 1068 4368 dciii
1082 4313 1265 4384 subrigeretur
1276 4315 1302 4367 in
1313 4316 1396 4369 altum
1409 4332 1416 4383 ;
1429 4314 1548 4372 ciuitatis
1557 4326 1651 4374 autem
1662 4319 1794 4385 universa,

1007 4392 1054 4436 aut
1079 4384 1230 4439 durissimis
1252 4384 1395 4454 lapidibus,
1411 4396 1457 4440 aut
1469 4394 1544 4440 creta
1564 4389 1795 4444 tenacissimam

1007 4452 1136 4522 pleretur,
1155 4469 1238 4524 porro
1258 4454 1414 4524 superficies
1432 4455 1564 4512 vallorum
1582 4459 1743 4514 eorumdem
1754 4459 1793 4513 in·

163 4527 253 4580 minus
263 4524 361 4579 eruditi
372 4535 525 4578 sermonem
539 4518 645 4585 tacturi,
661 4535 714 4574 non
729 4520 763 4574 ab
776 4536 805 4575 re
817 4523 953 4578 credimus
967 4537 992 4596 ι)
1008 4524 1464 4596 tegerrimiscespitibnstegeretur.
1475 4525 1675 4597 interqiiorain
1682 4528 1794 4584 eculinia

163 4596 187 4650 si
196 4595 273 4663 iuxta
298 4593 378 4647 lideiu
393 4592 553 4660 scriptorum
568 4603 654 4658 pauca
668 4589 701 4644 de
714 4591 897 4715 sagacioribus
917 4592 952 4648 ad

161 4663 322 4718 memoriam
346 4673 514 4715 revocemus.
537 4657 604 4713 Cum
632 4659 686 4715 Deo
701 4660 745 4716 odi
766 4659 808 4716 ilis
828 4659 950 4718 tatianus

162 4733 190 4788 iii
214 4732 286 4788 bello
296 4731 406 4787 Persico
419 4728 526 4785 coelitus
539 4726 633 4784 luisset
650 4737 813 4800 peremptus,
830 4741 884 4787 eta
907 4748 951 4788 ie-

161 4818 215 4875 gno
228 4802 411 4858 Romanorum
427 4814 481 4855 uon
492 4798 579 4855 solum
594 4799 782 4855 transmarine
793 4801 948 4870 provincias,

161 4875 243 4930 sedet
258 4872 381 4944 proxima
399 4870 548 4934 Pannonia,
567 4867 691 4936 Noricus,
718 4869 814 4927 illietia
828 4872 869 4927 iel
882 4873 950 4929 Ger·

159 4945 260 5009 maiiia,
275 4940 474 5011 i'raiiciquei'el
488 4940 558 4996 Galli
571 4939 741 5006 deiecissent,
754 4940 857 5012 ipsique
872 4958 950 5015 reges

159 5013 296 5071 Gallorum
308 5013 350 5068 vel
361 5011 527 5067 Francomiii
539 5019 651 5082 propter
663 5010 875 5069 interiectionem
889 5029 950 5068 sin·

158 5086 195 5140 cti
225 5084 355 5140 Desiderii
387 5081 546 5138 Viennensis
572 5083 690 5153 episcopi
715 5091 742 5136 et
764 5083 948 5152 expulsionem

158 5155 390 5211 sanctissimorum
407 5154 583 5217 advenarum,
601 5152 759 5207 Coluinbaiii
774 5154 900 5208 videlicet
921 5161 949 5208 et

157 5225 238 5290 Galli,
252 5223 379 5281 retrolabi
389 5224 544 5291 coepisseiit,
555 5237 621 5291 gens
636 5222 793 5277 Hunnorum
805 5223 881 5346 ffins
899 5238 948 5292 per

156 5293 299 5348 Franciani
313 5303 341 5349 et
351 5292 535 5362 Aquitaniam,
558 5292 599 5345 iel
619 5290 719 5348 Gallias
741 5294 782 5348 uel
831 5294 947 5362 ispanias

157 5363 312 5418 latmciiiari
324 5364 413 5423 solita,
424 5372 478 5417 tcta
487 5360 566 5418 simul
575 5375 693 5431 egressa,
701 5365 777 5432 quasi
785 5363 947 5419 latissimum

156 5430 310 5489 incendium
324 5443 420 5489 cuncta
437 5434 589 5497 devastatis,
607 5433 733 5502 reliquias
751 5448 811 5502 quac
827 5449 948 5489 rectane-

155 5517 186 5561 rc
197 5512 323 5573 poterant
332 5504 366 5558 ad
378 5503 510 5558 tutissima
522 5503 632 5558 latibula
646 5502 712 5574 [ΑΙ.,
725 5503 873 5559 tutissimas
882 5503 948 5559 latc-

1003 4595 1195 4662 plantabantur
1208 4595 1366 4658 arbusculae,
1383 4610 1452 4665 quie,
1474 4605 1503 4651 ut
1529 4610 1644 4653 cernere
1668 4598 1792 4664 solemus,

1002 4664 1129 4719 abscissae
1144 4672 1225 4733 atque
1238 4662 1470 4733 projectaccomas
1491 4667 1636 4722 caudicum
1657 4666 1793 4726 loliorum-

1002 4748 1055 4805 que
1079 4734 1229 4804 proterunt.
1245 4732 1319 4789 inter
1337 4735 1387 4789 lios
1404 4735 1487 4817 igitur
1503 4749 1617 4858 aggeres
1635 4737 1675 4792 ita
1699 4739 1751 4794 rici
1768 4748 1793 4793 et

1001 4805 1071 4860 uillae
1084 4816 1162 4860 erant
1175 4804 1280 4870 iocata,
1299 4813 1329 4858 ut
1342 4805 1375 4860 de
1392 4803 1454 4860 aliis
1467 4805 1501 4859 ad
1519 4819 1587 4861 aias
1599 4822 1658 4862 vuox
1680 4808 1792 4864 bumana

1000 4881 1092 4958 posset
1117 4874 1213 4930 audiri.
1242 4874 1342 4929 Contra
1369 4875 1464 4930 eadem
1489 4889 1555 4933 uero
1580 4877 1697 4933 edillcia
1725 4879 1793 4933 inter

1000 4944 1222 5016 inexpugnabiles
1232 4944 1292 5001 illos
1303 4958 1396 5000 muros
1405 4953 1491 5016 porta
1502 4960 1557 5001 noir
1567 4946 1636 5002 satis
1646 4947 1792 5004 lataceniit

1001 5015 1162 5078 consumta,
1177 5029 1228 5086 per
1243 5030 1310 5084 quas
1329 5014 1507 5071 latrocinandi
1519 5015 1606 5097 gratia
1630 5032 1686 5072 nori
1709 5017 1792 5074 soliiin

999 5087 1159 5148 citeriores,
1175 5084 1223 5140 scd
1242 5087 1324 5139 etiam
1338 5084 1482 5141 interiores
1494 5098 1569 5140 eiire
1580 5086 1716 5143 solebant.
1728 5089 1792 5143 item

1000 5155 1033 5210 de
1049 5156 1167 5211 secundo
1178 5154 1289 5219 circulo,
1329 5153 1356 5209 ui
1369 5155 1496 5210 similiter
1508 5163 1540 5210 ut
1552 5157 1658 5227 primus
1673 5166 1735 5213 erat
1748 5173 1793 5212 ex-

999 5233 1121 5280 structus
1133 5241 1168 5279 ιι
1180 5225 1307 5280 milliaria
1343 5225 1478 5289 eutonica,
1493 5239 1553 5295 quae
1563 5235 1629 5281 siint
1642 5242 1669 5282 ii
1691 5228 1791 5292 italica,

998 5293 1032 5349 ad
1043 5296 1154 5350 tertium
1172 5310 1257 5363 usque
1268 5295 1438 5350 tendebatur.
1452 5294 1585 5350 Similiter
1597 5311 1685 5366 iisque
1700 5298 1734 5352 ad
1746 5312 1792 5352 uc-

999 5381 1075 5420 num.
1099 5364 1228 5433 Quamuis
1246 5365 1253 5420 i
1274 5365 1297 5420 si
1318 5365 1413 5421 circuli
1432 5365 1502 5420 alius
1516 5366 1570 5422 alic
1583 5367 1670 5421 miiltc
1685 5378 1792 5423 contra·

1000 5435 1100 5491 ctiores
1120 5435 1230 5490 luerint.
1302 5435 1523 5506 circuloquoque
1538 5436 1572 5491 ad
1595 5438 1729 5493 circulum
1754 5438 1790 5491 sic

999 5513 1077 5560 eraut
1102 5506 1286 5576 possessiones
1305 5513 1333 5563 et
1357 5506 1509 5562 habitacula
1538 5507 1659 5578 undique
1686 5522 1790 5563 icrsiiai

189 5623 263 5682 ill..
283 5620 317 5677 Et
329 5638 386 5677 cum
409 5639 455 5694 ego
475 5623 544 5693 quod
565 5623 690 5678 aimiricus
716 5621 829 5678 circulos
841 5623 953 5691 diceret,
972 5632 1104 5695 putorem,
1120 5623 1187 5678 disi.
1214 5664 1216 5669 .
