3780 6120
146 291 178 346 'il
577 281 607 337 Β.
625 276 751 338 CAROLl
770 280 878 339 slsum
895 278 974 340 GPP.
994 280 1085 338 PARS
1097 278 1121 338 ι.
1143 278 1266 340 SEGTlO
1288 277 1331 338 ht.
1747 284 1783 345 ιι

146 414 201 455 aaa
216 391 350 468 gentibus,
374 408 505 476 quassus
518 392 617 476 piemte
639 394 710 450 Deos
726 404 818 450 nomer
840 395 935 516 depe
951 401 974 456 Α
989 393 1251 476 chalcedonensem;
1272 408 1335 449 eum
1359 393 1457 518 quippe
1470 409 1530 450 esse
1546 393 1656 452 tertium
1671 412 1705 453 ea
1718 410 1784 469 pro-

146 476 245 525 testate
267 480 432 538 paganorum
461 463 593 522 liberarit.
619 472 646 518 et
666 464 699 518 nil
725 474 833 519 centum
852 480 889 518 ant
901 464 937 517 lta
988 464 1085 533 posius
1104 478 1121 517 a
1138 462 1291 528 Marciano.
1316 479 1365 532 hro
1385 473 1523 534 atrsquea
1545 467 1660 522 coneha
1680 469 1708 523 in
1731 468 1785 527 line

146 539 254 594 autimas
263 538 291 591 in
309 537 368 590 siau
383 535 477 589 trratris
497 533 624 589 Ecclesiae
637 542 683 588 tuo
695 536 837 589 conamine
849 541 876 587 ct
887 533 958 588 Ga-·
990 533 1106 590 actionis
1123 542 1206 588 sertae
1220 533 1449 603 deprehendisset.

148 608 199 665 roll
222 606 351 677 principis
374 605 538 659 Francorum
563 603 618 674 20
638 618 784 675 aggregare
813 603 939 674 dignatus
1033 603 1099 660 rttt.
1127 602 1168 658 Ad
1189 602 1503 674 Constantinopolitanss
1529 619 1595 659 rere
1620 606 1692 676 qnod
1718 609 1783 663 atti-

148 688 200 735 est.
220 678 280 731 ‚At
302 683 395 732 eontra
418 673 518 728 trullam
546 674 673 729 llorraanae
691 673 817 730 Ecclesiae
841 689 936 743 opeut,
988 681 1045 738 net,
1065 671 1207 728 senebrsG
1256 674 1331 728 orius
1344 672 1444 744 Pelagii
1468 675 1489 728 ll
1510 690 1653 730 successor
1671 676 1786 750 Eulogio

149 758 284 817 simonque
310 745 442 828 legatione
461 753 541 811 atque
557 743 662 799 iteratis
679 744 777 800 litteris
803 752 938 814 rogatum,
989 743 1180 806 Alexandrino,
1192 751 1240 797 et.
1256 744 1375 799 nastaslo
1388 742 1557 800 Antiocheno
1567 745 1662 801 scribit
1674 747 1701 802 in
1716 749 1787 804 iratae

148 819 293 874 allatorum
308 814 391 872 brisso
405 814 518 869 historia
532 814 621 868 omnis
641 813 730 880 docet,
754 813 939 869 adsensere
990 812 1153 869 sententiam
1171 811 1230 884 (lib
1254 828 1293 877 ιι,
1320 828 1363 884 ep.
1390 811 1436 885 bl)
1458 829 1465 867 :
1490 832 1501 865 ι
1526 814 1652 871 Gaoorm
1677 818 1786 887 quidem

148 888 297 945 centiorom
312 885 481 953 conjecturas
496 892 523 937 et
537 892 705 953 argumtmta,
727 883 830 953 quibus
849 881 886 937 nil
901 883 939 936 ln·
989 881 1280 952 constantinopolitani
1304 882 1413 939 eoricilii
1442 884 1616 939 Eudoxianos
1645 887 1785 954 darunant,

148 958 253 1013 tiramus
266 957 294 1010 in
310 956 391 1011 rebus
404 954 487 1009 lacti:
504 953 686 1008 laedereenim
704 968 766 1009 eam
786 953 842 1007 lan
860 954 941 1007 ohar-
990 953 1108 1023 sedquis
1122 951 1204 1006 luerit
1217 965 1313 1008 eorum
1333 963 1429 1007 auctor
1442 953 1587 1020 Eudoxias,
1607 970 1661 1009 oon
1681 957 1786 1012 dieunt.

149 1029 206 1093 dls,
227 1026 417 1147 perpetuisque
427 1022 499 1079 dorrti
512 1038 544 1078 ae
557 1021 623 1077 loris
632 1023 715 1104 bellis
732 970 938 1104 hupedicisatun
992 1024 1112 1079 llomana
1128 1029 1218 1104 autem
1238 1022 1360 1079 llcelesla
1386 1024 1496 1079 eisdem
1520 1039 1638 1080 canones
1649 1026 1692 1081 vel
1711 1036 1788 1097 gesta

148 1098 213 1167 quin
227 1095 276 1150 l'ae'
290 1110 319 1150 es
336 1095 468 1164 preberet
483 1107 563 1148 aurea
579 1091 611 1147 ha
631 1094 709 1148 stanti
726 1092 855 1162 pontiilcr.
869 1091 941 1171 Quin
991 1091 1086 1165 synodi
1101 1091 1173 1148 illins
1188 1091 1320 1149 hactenns
1333 1109 1387 1148 aron
1406 1093 1489 1149 habet
1501 1109 1552 1149 nec
1569 1095 1676 1165 accipit.
1689 1096 1719 1152 ln
1736 1097 1788 1152 boc

148 1167 230 1222 etiam
252 1165 407 1219 uolneribus
435 1163 590 1218 eommdem
613 1110 744 1218 iellormn
775 1177 858 1217 eausa
884 1176 940 1230 pam
992 1162 1217 1219 autemeamdem
1238 1163 1371 1233 synodum
1390 1163 1503 1233 accepit,
1537 1164 1708 1236 uodestpcr
1726 1182 1788 1222 eam

148 1246 227 1292 antea
253 1234 360 1289 inllietis
379 1232 524 1289 Gallicanae
552 1230 689 1296 Ecclesiae,
709 1247 808 1287 norum
832 1231 940 1296 vulnus,
992 1238 1087 1288 contra
1105 1229 1291 1287 llaeedonlnm
1310 1230 1461 1288 definitum.
1485 1179 1689 1304 lleiiquastero
1702 1236 1789 1294 baere-

149 1307 230 1376 idque
241 1306 365 1359 acerbius
377 1301 475 1373 adjecit
486 1301 653 1371 disciplinam
667 1301 856 1373 pervertendo,
869 1302 941 1371 qnod
993 1316 1048 1367 ses,
1063 1316 1124 1371 que
1144 1300 1200 1355 illic
1213 1310 1369 1359 urcrnoratae
1383 1309 1447 1358 sam
1461 1304 1496 1357 ab
1513 1304 1573 1358 aliis
1582 1304 1638 1374 jam
1666 1307 1789 1377 patribus

149 1385 227 1432 sesto
248 1382 309 1443 pust
335 1372 393 1444 ejus
411 1381 525 1428 rarortem
545 1387 617 1426 armo
643 1372 768 1427 maximus
791 1372 941 1426 curationis
993 1371 1136 1427 damnatas
1161 1373 1322 1440 reprobata
1350 1372 1384 1427 Et
1403 1388 1464 1428 cum
1483 1372 1511 1427 in
1535 1374 1662 1445 synodica
1686 1377 1720 1432 ad
1737 1388 1789 1446 pa·

150 1446 205 1502 indi
224 1461 287 1507 ens,
309 1442 463 1513 epistolicae
478 1440 586 1496 tandem
603 1442 660 1496 sedi
674 1442 808 1497 detectum
825 1448 876 1494 est.
993 1440 1128 1497 triarchas
1144 1438 1263 1497 Orientis
1280 1441 1337 1513 (lib.
1354 1458 1378 1502 r.
1401 1455 1445 1511 ep.
1458 1441 1505 1514 st)
1519 1455 1636 1513 quatuor
1655 1460 1684 1500 se
1697 1447 1789 1500 corrm-

185 1463 229 1571 ii.
241 1512 427 1584 Opportunum
439 1527 472 1566 ea
485 1511 593 1582 quidem
606 1512 753 1566 rernetllnm
766 1509 943 1566 attulit.Nam
993 1510 1029 1565 lla
1043 1509 1167 1566 venerari
1189 1511 1242 1590 ait,
1269 1517 1299 1565 ut
1320 1518 1437 1581 quatuor
1458 1512 1666 1583 Evangeliorunr
1694 1515 1786 1581 libros,

145 1584 296 1641 ¹fascinarias
312 1582 477 1638 Francorum
492 1581 684 1636 consultationi
695 1589 798 1650 septem
808 1589 836 1634 et
848 1578 943 1662 rigitrti
993 1581 1122 1637 continuo
1144 1580 1292 1647 sulqnnxit,
1306 1589 1439 1652 quatenus
1463 1582 1583 1638 herens
1600 1585 1763 1640 damnarunt
1779 1602 1787 1639 ε

149 1655 283 1726 capitibus
296 1663 435 1721 conceptae
454 1651 612 1722 singillatim
625 1650 763 1720 respondit
777 1657 941 1705 anctoritate
995 1666 1030 1707 ue
1047 1650 1110 1775 quis
1127 1649 1218 1705 lorsao
1241 1654 1435 1723 suspicaretur,
1450 1651 1627 1709 conciliorum
1637 1663 1699 1710 aeta
1713 1655 1790 1711 illum

150 1740 284 1781 cationum
311 1724 424 1793 prolata.
451 1721 526 1777 Novo
541 1722 584 1785 is,
605 1730 686 1791 atque
713 1728 794 1775 antea
820 1720 942 1775 inaudito
962 1719 1130 1804 „ampecth
1155 1729 1290 1791 materam
1314 1720 1493 1778 eorrdidcrnnt
1516 1738 1634 1779 canones
1648 1726 1789 1781 ambitioni

149 1796 274 1864 exemplo
291 1794 362 1863 apud
376 1801 496 1848 sarnetum
519 1792 622 1862 sedem
640 1790 718 1858 ouius
741 1798 799 1844 erat
822 1790 852 1845 iu
869 1804 945 1845 ruore
997 1790 1142 1860 praesulum
1169 1791 1438 1861 Gorismntinupoleos
1468 1791 1609 1858 iacentes,
1645 1796 1669 1849 le
1703 1796 1791 1865 lisque

150 1867 267 1936 positum
279 1863 387 1929 serinia,
405 1878 454 1917 seu
466 1860 655 1916 bibliothecam
669 1860 808 1924 adire,ubi
837 1860 945 1915 nustio-
998 1868 1098 1917 moetas
1110 1860 1183 1915 sedis
1192 1860 1359 1918 absentibus.
1380 1862 1418 1918 lta
1439 1861 1539 1919 herum
1553 1864 1652 1934 putari
1691 1866 1792 1936 regorii

151 1951 200 1991 nes
217 1934 370 2003 hujusmodi
391 1933 424 1987 ad
436 1933 559 1987 eamdem
572 1931 773 1995 deferebantur,
787 1876 945 1985 mileetione
997 1929 1200 1987 suecessoribus
1217 1945 1285 1999 pene
1299 1932 1429 2003 usquead
1450 1933 1530 1988 linem
1550 1934 1657 2005 septimi
1676 1936 1790 1991 manti:

150 2020 286 2061 cationum
301 2019 367 2058 risus
380 2013 420 2056 est
432 2001 565 2057 versionis
584 2000 765 2072 llionysiauae.
778 1999 838 2055 Nun
852 1999 945 2069 utique
997 2015 1059 2057 eum
1089 1998 1211 2071 religioni
1235 2000 1328 2057 haberi
1355 2011 1472 2072 eoeptum
1495 2011 1537 2058 est
1556 2005 1732 2061 montemnis
1758 2023 1792 2060 cs

150 2074 374 2143 collectiouulpsa
388 2072 559 2155 Dionysiana,
575 2073 624 2127 sed
641 2070 778 2125 breviario
792 2069 942 2136 Gresoonii,
997 2071 1121 2126 conciliis
1148 2071 1285 2141 quidpiam
1309 2087 1447 2142 respuere.
1474 2072 1504 2127 ld
1532 2084 1639 2130 carnemt
1661 2090 1695 2132 ea
1722 2076 1793 2133 libro

151 2145 223 2217 quod
236 2161 271 2200 ex
282 2144 448 2200 collectione
459 2142 504 2197 alla
517 2142 664 2205 coaluerat,
685 2140 851 2210 adrianique
872 2140 946 2196 eodi-
998 2140 1100 2197 binam
1117 2143 1273 2212 pontilieum
1293 2139 1364 2214 (cap.
1376 2142 1404 2207 ι,
1418 2143 1460 2198 ιιι.
1481 2143 1532 2215 bb:
1547 2140 1664 2215 namque
1688 2146 1794 2203 indicn-

150 2218 200 2280 cis,
217 2216 368 2270 acdeorum
384 2212 496 2267 moenis
510 2209 551 2283 (ut
561 2226 695 2266 canorrum
708 2210 836 2266 Ecclesiae
847 2208 946 2264 Rostra·
998 2210 1064 2277 iuro,
1080 2227 1127 2269 seu
1143 2211 1275 2280 professio
1301 2210 1415 2267 llomani
1441 2211 1588 2283 pontilicis,
1611 2223 1674 2285 post
1697 2216 1794 2272 deiram

151 2300 194 2341 aue
212 2284 303 2339 Godea
323 2281 463 2351 audiebat)
483 2282 544 2335 lons
569 2289 598 2336 et
621 2280 698 2349 origo
712 2278 772 2334 luit.
795 2278 888 2347 Qualis
901 2279 945 2334 laic
998 2288 1072 2335 aunt
1095 2280 1301 2337 Goustarrtinnnr
1320 2280 1497 2353 pogonatum,
1525 2285 1581 2340 sive
1605 2294 1666 2355 post
1691 2302 1793 2341 arrarum

151 2371 249 2417 emon,
263 2368 311 2408 seu
328 2352 419 2406 Culex
433 2367 567 2406 cautionum
580 2349 671 2413 luerit,
686 2350 781 2419 quisse
794 2349 853 2419 ejus
868 2364 943 2414 usus,
998 2349 1051 2407 685
1061 2351 1143 2417 edita,
1158 2352 1298 2434 perspicue
1309 2352 1398 2417 docet,
1410 2365 1550 2425 accepturu
1566 2353 1650 2413 luisse
1664 2358 1793 2412 llomauas

151 2425 207 2481 Leo
219 2424 262 2489 ll,
279 2439 328 2479 rios
345 2422 439 2477 edocet
452 2421 555 2546 §.aum
571 2419 652 2476 Gaas.
665 2427 731 2475 toni.
749 2418 822 2484 titt,
846 2434 875 2489 p.
898 2419 945 2493 δι)
998 2420 1055 2477 sedi
1069 2421 1198 2490 quidquid
1221 2438 1248 2477 m
1270 2422 1393 2478 conciliis
1415 2425 1586 2495 generalibus
1599 2434 1688 2482 aetum
1709 2435 1790 2483 erat:

152 2493 302 2566 perspicuis
314 2492 390 2549 bisce
408 2506 456 2546 rer
475 2491 499 2546 is
514 2508 521 2544 :
541 2509 550 2543 ι
577 2490 614 2544 lle
629 2489 728 2546 libellis
740 2499 768 2544 et
779 2497 947 2547 contramuto·
1002 2509 1011 2543 a
1035 2490 1135 2546 Sancta
1149 2506 1204 2561 quo
1223 2507 1257 2547 ue
1271 2493 1500 2566 uniuersalium
1514 2496 1792 2564 conciliallieenum,

152 2566 202 2621 riis
220 2564 334 2619 aliorum
347 2578 400 2617 nun
415 2560 542 2618 conreuit
553 2560 671 2631 aliquem
684 2557 820 2630 judicare,
835 2566 863 2613 et
885 2576 946 2614 san-
998 2506 1338 2634 Goustantlnopoiitannm,
1352 2564 1518 2633 Ephesiorum
1538 2567 1667 2637 prinlum,
1680 2566 1795 2624 chates.

152 2643 258 2691 etorum
280 2633 456 2689 conciliorum
470 2646 589 2687 canones
606 2629 769 2701 relinquere,
784 2629 827 2687 rel
847 2627 947 2684 lbere·
999 2630 1127 2695 dunense,
1143 2640 1171 2688 et
1189 2634 1337 2689 meandum
1354 2635 1699 2709 Constantinopolitaunm,
1722 2639 1795 2708 quod

153 2706 248 2761 uiiuru
267 2702 384 2776 regulas,
400 2703 427 2758 id
439 2710 481 2758 est
493 2718 553 2784 quae
566 2702 700 2782 habentur
713 2701 785 2826 agol
804 2713 854 2755 tros
866 2699 946 2754 simul
998 2698 1142 2757 iustiniani
1163 2702 1214 2772 plae
1225 2703 1363 2760 memoriae
1386 2704 1515 2787 principis
1532 2708 1700 2777 temporibus
1723 2708 1795 2765 cele·

152 2791 215 2831 cum
229 2774 320 2830 illisio
332 2787 445 2836 mnotte,
460 2780 488 2828 et
499 2773 599 2843 quibus
611 2787 638 2825 m
652 2786 725 2826 onam

153 2847 194 2903 cis
205 2844 316 2914 judiciis
328 2845 441 2906 utimur,
456 2843 482 2896 ld
503 2851 545 2897 est
564 2841 758 2924 apostolorum,
772 2839 945 2923 Nieeuorum,
999 2856 1086 2897 rare:
1103 2849 1129 2896 et
1148 2858 1202 2897 una
1216 2859 1278 2898 euru
1302 2843 1342 2899 cis
1364 2843 1423 2914 pari
1445 2845 1548 2902 bonore
1572 2856 1599 2903 et
1622 2848 1796 2905 veneratione

152 2916 211 2971 hare
231 2930 367 2978 ranorum,
385 2912 647 2977 Neocesariensmm,
663 2910 873 2980 Gangrensrum,
892 2909 948 2964 bn·
1000 2920 1125 2967 sanetum
1142 2921 1249 2967 sextum
1264 2912 1408 2970 concilium
1452 2916 1505 2972 uod
1519 2933 1604 2988 nuper
1616 2916 1796 2974 Constantiam

154 2989 209 3041 tioe
245 2985 344 3049 usluto,
359 2983 574 3048 Laodicensium,
598 2980 867 3046 Clraleeduneusinm,
884 2979 949 3034 Sar-
999 2980 1202 3053 piaememoriae
1223 2982 1353 3053 principe,
1373 2985 1441 3111 Atia
1462 3002 1514 3042 oue
1527 2988 1676 3058 apaustulito
1691 2989 1796 3060 praede

746 2768 948 2826 usccclesiasti-
1000 2770 1108 2827 braturn
1127 2784 1267 2844 estusque
1282 2772 1315 2827 ad
1332 2789 1417 2830 unum
1440 2790 1544 2845 apicem
1558 2776 1721 2833 imrnutilata
1735 2794 1795 2834 sce·

154 3054 315 3118 dicensimn,
330 3054 431 3110 Cartha
451 3052 595 3118 'urstisium
608 3051 836 3114 hirieanensium,
847 3058 947 3106 etcum
1001 3067 1109 3109 cessure
1123 3068 1184 3110 ineu
1196 3054 1330 3119 conuenit,
1345 3070 1388 3109 me
1407 3055 1510 3123 uilitas,
1523 3068 1550 3114 et
1567 3058 1797 3128 pleniuscouser·

97 3138 101 3145 “
155 3126 209 3182 illis
227 3125 325 3197 regulae
351 3139 494 3207 praesuunt
515 3123 698 3177 lloamuorum
721 3121 862 3203 Silrcslri,
884 3120 950 3203 Siri-
963 3100 987 3166 0
1002 3138 1104 3178 aare.»

155 3196 201 3260 eii,
213 3194 372 3259 innocentia,
386 3193 497 3258 Zosimi,
515 3191 668 3254 Caelestini,
688 3190 805 3256 Lentus,
835 3190 947 3257 Gelasu,
1035 3191 1082 3249 lx.
1104 3192 1269 3249 inversionis
1282 3209 1371 3249 carneas
1388 3211 1443 3250 non
1458 3195 1537 3269 longe
1560 3197 1691 3268 peteuda.
1708 3198 1796 3255 'latita

155 3266 261 3332 llilarii,
276 3264 449 3338 Symnracbi,
461 3262 603 3333 Simplicii.
617 3263 663 3317 lsti
683 3262 794 3318 castruino
810 3271 883 3342 suat,
902 3278 951 3332 per
1000 3278 1092 3319 rerum
1106 3264 1213 3320 inscitia
1238 3271 1294 3319 turn
1309 3266 1438 3334 temporis
1456 3265 1507 3322 luit
1522 3268 1550 3323 in
1573 3269 1631 3339 ipsa
1652 3269 1741 3333 Urbe,
1767 3280 1797 3325 nt

155 3354 225 3463 qiuos
233 3337 362 3462 ιιἰιιιιὲξιιιιι
373 3334 493 3458 fpisfopi
505 3342 533 3389 et
543 3349 592 3404 per
607 3348 676 3404 qnos
695 3333 813 3403 episcopi
825 3331 907 3388 simrrl
923 3338 951 3387 ct
999 3332 1367 3459 parffiternellffiiffldogffi,
1400 3353 1461 3419 qnae
1491 3337 1610 3462 'materen
1641 3355 1695 3444 non
1719 3351 1797 3409 pop.

156 3425 250 3534 ιιιῃιιιΙ
260 3421 422 3546 Jllllujlrisirliutilri
433 3444 639 3556 canonemcsse
649 3472 799 3553 adhibitum
815 3487 830 3526 a
847 3471 951 3553 Zaclm·
1000 3442 1131 3555 Exemplo
1145 3482 1209 3528 suast
1231 3420 1390 3556 tiareethni
1402 3422 1551 3543 vgilliegiri,
1571 3422 1798 3552 &ingellig-

156 3549 213 3613 “l
229 3545 591 3672 l⁰¹t⁰t¹¹¹hiibttt3
615 3543 949 3670 sterilitati
1000 3540 1239 3684 abitharii
1267 3546 1458 3670 tr¹b⁸r¹⁸isi⁰⁰toe’
1473 3546 1603 3672 '¹⁵t‘²¹¹⁰¹’
1618 3548 1798 3677 {cmiii

155 3634 334 3743 iffiffisu's
344 3633 515 3742 uillectioitis
524 3631 641 3741 releriur
658 3654 801 3755 aceeptus:
808 3629 869 3752 siluae
880 3697 952 3738 nonu
1001 3682 1118 3765 sapiam,
1133 3653 1305 3754 inquiebat}
1324 3619 1748 3765 npnmnfa'nisoiai'aaf'oohint‘s,
1760 3638 1797 3746 suet}

157 3758 267 3813 demum
281 3758 381 3813 seculo
392 3756 419 3811 iu
432 3757 553 3812 codicem
566 3754 641 3810 illurn
650 3769 785 3810 canonum
808 3759 950 3816 mascmt,
1001 3752 1193 3810 euctesustiee
1225 3753 1375 3824 disciplrnae
1403 3756 1526 3813 doctriua
1552 3759 1594 3815 rol
1623 3760 1798 3817 mediocriter

157 3844 239 3899 quem
265 3843 351 3899 nuper
363 3827 528 3897 descriptum
550 3825 677 3881 uidimus.
690 3823 830 3907 ‘struendi
846 3820 953 3894 opinio·
1001 3822 1081 3906 tincti
1099 3823 1246 3907 ittgeninru,
1261 3840 1295 3881 ac
1314 3824 1424 3896 stylum,
1447 3829 1496 3883 sed
1514 3828 1641 3900 neophyti
1655 3829 1796 3913 enjusdam

157 3914 231 3965 rimo,
245 3899 292 3968 qul
310 3912 429 3953 minuties
440 3895 553 3952 loannis
567 3896 598 3962 ll,
615 3894 713 3951 litteris
725 3910 769 3950 an.
784 3894 838 3950 stt
853 3907 952 3962 suppo-
1001 3892 1093 3959 Gotlu,
1106 3909 1154 3963 qur
1174 3911 1253 3951 suum
1267 3895 1295 3950 iu
1308 3896 1483 3966 apostolicam
1508 3900 1600 3954 sedem
1625 3899 1745 3954 studium
1767 3912 1798 3955 nt

157 3969 225 4025 sitos
239 3985 289 4041 pro
300 3969 371 4023 reris
384 3967 488 4032 habuit,
501 3967 622 4023 eruditos
642 3983 675 4020 ue
684 3980 779 4020 omnes
790 3972 952 4047 secumltra·
1001 3962 1162 4046 declararet,
1173 3965 1345 4022 mendacium
1358 3966 1447 4022 dicere
1460 3967 1583 4039 religioni
1596 3985 1649 4024 non
1661 3970 1767 4027 habuit.
1783 3989 1796 4023 ι

157 4039 213 4106 ait;
226 4039 264 4094 ita
286 4047 317 4094 ut
328 4038 428 4107 passim
443 4038 579 4092 tribuatur
590 3983 756 4116 collectionis
781 4035 951 4116 bropysranae
1002 4033 1141 4116 &asmodi
1159 4050 1223 4091 reru
1249 4035 1414 4107 farraginem
1430 4037 1499 4093 tanti
1525 4039 1619 4095 hahuit
1638 4039 1798 4097 Theodorus

158 4124 225 4165 usus
238 4117 339 4165 sanctae
350 4108 407 4163 sedi
418 4109 454 4162 ab
470 4108 528 4176 ipsa
542 4106 662 4174 eiusdem
675 4120 795 4174 ongme;
812 4102 950 4159 Sarrnmidr
1001 4104 1205 4161 Cantuarrensis
1222 4106 1365 4175 episeopus
1379 4108 1425 4177 qni
1446 4108 1497 4164 sub
1515 4107 1598 4165 hnenr
1622 4109 1731 4181 septimi
1747 4126 1799 4166 sae·

157 4179 332 4249 opinionem,
358 4178 486 4246 inquam,
512 4191 600 4244 neque
619 4175 699 4241 liuius
723 4174 870 4242 temporis,
896 4172 951 4243 29
1002 4172 1193 4239 mitteretur,
1222 4182 1252 4229 ut
1272 4177 1395 4244 quadam
1419 4177 1482 4233 inde
1508 4179 1649 4235 traducere
1664 4180 1692 4235 in
1717 4196 1798 4236 suum

158 4264 246 4318 neque
271 4247 352 4317 liujus
373 4246 425 4301 loci
444 4254 486 4301 est
503 4244 625 4313 rejicere.
653 4242 809 4299 Falsitotem
835 4252 953 4298 mutum·
1001 4242 1191 4300 Paenitentiale
1216 4260 1270 4300 non
1294 4246 1444 4313 dubitarit,
1473 4263 1557 4317 quare
1581 4248 1685 4305 Natalis
1717 4251 1798 4307 Beda:

159 4321 241 4374 niodo
253 4318 406 4388 patefacere
420 4332 472 4371 riou
483 4314 625 4386 gravabor,
640 4322 734 4369 saincte
756 4313 859 4369 seilicet
875 4313 954 4370 sedes
1001 4315 1164 4371 auctoritate
1176 4314 1262 4370 betas
1276 4315 1448 4372 Theodorum
1461 4320 1654 4375 commendans
1678 4336 1734 4376 see.
1746 4337 1796 4383 ιιι,

159 4399 223 4444 ante
236 4397 361 4443 uenarum
378 4385 436 4439 lere
458 4384 677 4465 saeeulum,·cum
698 4383 825 4439 muta
849 4391 954 4465 'raserat
1003 4399 1063 4466 cap.
1077 4383 1105 4449 l,
1124 4386 1251 4466 art5lll),
1271 4386 1373 4449 subdit,
1390 4386 1477 4466 alletia
1491 4391 1615 4470 quaedam
1627 4390 1661 4445 ab
1699 4407 1799 4463 range-

159 4458 317 4523 bacbarias,
328 4470 447 4512 canores
460 4462 565 4510 martum
583 4452 707 4509 Nnmnos
729 4461 757 4510 et
778 4453 814 4508 Sa
848 4466 953 4509 reeuses
968 4455 1040 4522 pho
1056 4461 1084 4510 et
1107 4455 1251 4510 traditione
1273 4456 1301 4510 in
1327 4454 1508 4513 Poenrteuhuh
1532 4474 1603 4514 esse.
1619 4459 1800 4517 Nihilominus

160 4529 294 4591 tuebatur,
309 4526 620 4595 Gorrshrutirmpolitanos
638 4533 732 4594 aperte
753 4523 901 4595 rejiciebat,
924 4531 953 4578 et
1006 4532 1106 4581 sanctae
1119 4524 1169 4594 ipsi
1184 4527 1242 4581 sedi
1267 4525 1400 4595 sapiunt:
1426 4527 1463 4582 ita
1478 4534 1508 4583 ut
1525 4537 1636 4585 sanetus
1649 4530 1799 4602 Gregorius

159 4595 954 4725 at⁰raail¹²¹ralh⁵halhlt‘ateihas
1005 4594 1798 4726 bath‘lattiartthhl‘tllthalisii

158 4747 237 4795 erarrt
251 4740 278 4793 iu
300 4682 502 4794 ane'sffsstonis
515 4736 542 4801 6,
567 4736 675 4791 tatuetsi
698 4681 749 4804 ufai
769 4736 851 4790 etiarn
876 4747 954 4803 repe·
1005 4733 1087 4790 Goac.
1105 4737 1219 4802 tonali,
1239 4751 1300 4808 pag.
1320 4735 1438 4809 libid:
1464 4737 1532 4793 aba
1545 4687 1646 4795 astttltisn
1655 4670 1800 4811 urigine?

159 4810 265 4865 riantur
275 4808 347 4864 iuter
363 4807 431 4863 alius
448 4815 501 4863 aet.
518 4806 562 4872 15,
585 4815 684 4876 quarto
699 4806 842 4869 nimirum,
862 4805 952 4868 tertio,
1006 4805 1198 4871 rumtloribus,
1210 4807 1284 4863 etde
1306 4822 1464 4878 magrrorum
1482 4809 1653 4874 tractatibus,
1672 4811 1801 4881 prolatis·

158 4888 187 4935 et
209 4880 339 4935 vicesimo
356 4878 426 4933 loco.
446 4878 484 4932 bc
505 4878 539 4934 iis
564 4877 714 4932 luculenter
744 4874 867 4945 Pelagius
890 4874 911 4928 ll
926 4875 953 4929 io
1005 4890 1058 4956 que
1071 4877 1250 4939 sermonibus,
1264 4876 1374 4933 Petrum
1387 4877 1477 4942 dictis,
1491 4893 1678 4951 canonumque
1690 4890 1801 4938 seratura-

160 4950 274 5020 rpistola
287 4949 321 5005 ad
342 4948 450 5004 llistros
473 4946 584 5018 (labbe
602 4945 683 5002 Gnate.
704 4954 770 5001 tom.
787 4947 819 5011 ι’,
835 4961 862 5013 p.
880 4944 952 5010 stt,
1006 4945 1062 5010 tris,
1082 4944 1110 5001 id
1124 4947 1284 5012 estlsiduri,
1302 4948 1454 5019 Augustini,
1475 4946 1614 5030 Gregorii,
1638 4953 1726 5017 belae,
1747 4952 1800 5007 Ge·

160 5021 222 5083 Gall,
235 5020 305 5090 seq.)
323 5040 333 5071 s
351 5018 517 5100 inustionis,
532 5013 954 5099 lnquit,seataa·tenninumjam
1006 5015 1077 5082 latii,
1100 5017 1259 5081 innocentii,
1289 5017 1432 5083 Thetidorl,
1461 5017 1594 5084 ῦιιιιιιιι,
1621 5019 1741 5090 Egberti,
1757 5023 1801 5076 rel

160 5089 620 5230 titillabattlldiilhha
633 5086 955 5237 ,liitillaittit'aff
1005 5087 1805 5242 aaafflaalathttaalhathalassa:

160 5247 222 5303 qne
236 5232 270 5287 ad
284 5231 415 5287 bonorem
433 5235 530 5284 vestre
549 5228 707 5285 reverentie
721 5229 956 5283 robisreserrarr·
1007 5227 1145 5283 tmtralem
1164 5227 1353 5283 studuimus.»
1379 5227 1560 5294 Quamobrem
1583 5239 1656 5287 reete
1678 5231 1803 5285 aniruad-

161 5317 232 5357 tuus.
323 5300 512 5356 Praelibatione
525 5299 617 5369 itaque
629 5308 713 5354 sextae
734 5299 849 5355 actionis
865 5304 957 5353 osten-
1007 5298 1089 5353 vertit
1114 5296 1235 5353 llorinm
1257 5296 1308 5370 (lle
1320 5300 1409 5366 patuit.
1423 5297 1471 5353 lib.
1491 5315 1539 5361 ru,
1551 5315 1579 5358 e.
1595 5304 1619 5363 l,
1642 5316 1671 5355 n.
1687 5300 1733 5372 ll)
1748 5300 1803 5354 mi·

162 5372 245 5439 ditur,
260 5374 323 5444 quia
340 5370 404 5441 jure
426 5370 634 5427 constitutiones
651 5384 784 5426 canonum
807 5369 913 5424 nonnisi
929 5368 956 5422 in
1008 5368 1081 5424 nime
1095 5368 1247 5424 mirandum
1259 5381 1334 5422 esse:
1344 5386 1353 5419 ι
1363 5367 1386 5421 si
1396 5367 1530 5424 Theodori
1542 5369 1738 5440 arcliiepisoopl
1749 5368 1803 5424 riri

164 5444 277 5510 septima
291 5444 507 5501 continentur...
533 5439 664 5508 Quamvis
683 5440 705 5495 si
720 5441 836 5496 solerter
857 5439 956 5509 aspici·
1008 5454 1058 5494 suo
1075 5437 1175 5494 seculo
1196 5436 1346 5494 doctissimi
1367 5445 1450 5508 atque
1475 5448 1585 5510 propter
1610 5440 1802 5495 auctoritatem

162 5525 235 5576 anus,
258 5529 393 5569 connisum
419 5512 528 5585 regulas
545 5511 648 5582 positas
662 5526 731 5577 non,
745 5512 817 5568 sieut
835 5517 956 5581 putatur,
1008 5509 1107 5565 animi
1179 5507 1268 5574 tidcia,
1291 5523 1308 5562 a
1328 5518 1569 5578 quocouseeratus
1585 5520 1613 5565 et
1631 5510 1660 5565 in
1675 5508 1802 5580 bugliam

165 5579 194 5635 in
213 5583 338 5652 septima,
351 5584 398 5639 sed
411 5583 528 5638 intentas
542 5591 626 5638 sexte
641 5582 741 5638 actioni
764 5583 955 5638 invenimus»
1009 5579 1109 5635 missus
1130 5589 1217 5642 uerat,
1233 5579 1359 5635 annullans
1372 5580 1553 5652 acceptissimi
1575 5581 1645 5636 liber
1667 5583 1803 5650 poeniteu·

164 5650 277 5715 duodo
290 5652 524 5709 anirnadrertisset
535 5653 637 5708 Natalis
647 5653 714 5725 (see.
722 5667 749 5719 a,
762 5653 826 5709 diss
847 5650 892 5716 tt,
903 5655 956 5704 art.
1009 5648 1083 5704 tialia
1106 5649 1180 5705 brevi
1207 5657 1329 5718 tempore
1355 5651 1511 5706 universum
1541 5650 1598 5706 iere
1625 5649 1802 5707 Oceiilentem

166 5720 183 5774 ι
190 5728 214 5789 p,
243 5722 314 5776 haud
338 5723 477 5781 tribuisset
510 5723 619 5779 Gelasio
643 5723 802 5780 aluminum
826 5734 958 5779 canonem
1009 5720 1139 5791 peruasit,
1161 5713 1291 5792 illnnrque
1315 5719 1413 5777 imitati
1432 5722 1485 5777 sint
1509 5721 1585 5777 multi
1610 5721 1655 5776 alii
1681 5721 1802 5791 epicopi
