3780 6120
137 253 194 312 tit
284 253 362 311 cub.
381 250 519 312 alitos.
532 279 568 294 ι-
581 247 729 318 bonus,
748 251 836 318 ETC„
858 251 923 308 SEU
942 250 1019 308 cot).
1040 250 1245 349 annotinus.
1261 285 1293 295 -
1314 253 1389 310 tut.
1411 257 1580 314 sitiebant
1599 258 1632 315 lli
1718 261 1779 320 tat

137 373 305 447 protectoris
313 373 397 429 rostri
408 369 590 442 apostolorum
603 370 741 442 principis,
752 371 798 439 qui
809 368 965 431 rideliroti
1018 364 1216 434 ditast'ustitias
1233 369 1340 453 ‘'iimi-
1356 370 1444 441 (Quod
1463 369 1560 442 probat
1579 378 1659 448 opita
1680 375 1717 432 tt
1732 379 1778 434 tit.

138 467 336 525 solertissimus
360 466 415 532 tir,
441 466 469 520 in
497 465 624 520 omnibus
648 465 796 520 secundum
815 473 934 518 vestram
1020 443 1075 491 ¹³¹⁰
1088 437 1336 495 ⁰³⁸e⁰¹⁰⁰⁸¹d²f¹¹
1351 441 1438 512 ¹¹⁰¹⁰·)

139 566 319 626 nostramque
343 555 494 611 decertarit
517 554 693 620 uoluntatem,
715 555 812 623 suique
834 552 934 609 laboris
1019 549 1400 610 Domnisecxcettentisstrois
1424 553 1487 610 liliis
1503 556 1600 612 Carolo
1620 567 1648 613 ct
1665 557 1779 615 carolo-

140 647 337 710 oonslsntiam,
346 645 425 715 t‘uxta
439 653 497 701 uta
511 645 588 700 robis
605 644 645 700 illi
655 652 819 715 preceptum
837 651 889 709 est,
905 643 934 698 iu
983 658 1083 698 manno
1097 645 1206 716 regibus
1221 645 1388 701 Francorum
1405 655 1433 702 ct
1451 649 1574 717 patriciis
1585 648 1777 717 Romanorum,

139 737 208 810 ipsis
220 735 377 807 apostolicis
389 735 510 791 exldbuit
526 735 699 800 utilitatibus,
711 732 783 789 uude
795 735 876 789 nimis
887 750 935 790 cor
984 729 1139 802 Stephanus
1152 748 1231 803 papo.

139 840 267 885 nostrum
280 828 308 882 in
322 827 554 898 ejrrsdelensioois
565 825 681 899 iloni„
694 822 934 897 indctcssoioeaa·
1018 823 1178 880 Benedictus
1189 825 1317 881 Dominus
1331 826 1402 883 Deus
1414 836 1515 896 noster,
1533 840 1612 901 pater
1622 836 1778 893 misericor-

139 920 216 975 mine
240 926 269 973 et
296 917 375 972 lirina
396 917 563 987 operationis
583 916 785 987 perseverantia
812 915 933 971 lactatum
983 913 1088 968 diarum
1101 922 1130 969 et
1149 915 1221 971 Deus
1235 916 1317 972 totius
1334 918 1536 987 consolationis,
1561 927 1606 994 qui
1625 928 1779 986 consolator

139 1020 193 1076 est,
207 1012 271 1082 quta
283 1010 415 1081 prolecto,
429 1001 577 1065 secuudum
599 1008 671 1079 quod
683 1008 802 1065 caelestis
814 1007 934 1064 muneris
983 1012 1011 1058 et
1023 1006 1185 1075 propitiator
1197 1007 1298 1063 existit
1320 1010 1440 1064 omnium
1460 1011 1642 1071 invocantium
1663 1032 1725 1073 eunt
1751 1020 1779 1074 in

139 1104 240 1174 gratia,
257 1118 362 1174 magnae
384 1101 506 1158 scientiae
529 1100 681 1156 illustratur
703 1099 862 1171 prudentia,
883 1100 934 1170 piis
983 1098 1107 1153 veritate.
1121 1098 1180 1168 lpse
1192 1099 1264 1154 onim
1282 1099 1436 1170 redemptor
1447 1113 1540 1159 noster
1554 1121 1648 1175 preces
1659 1108 1779 1164 claman-

139 1189 699 1263 quoquenertnsatqoctmmutilatotdet
711 1191 855 1246 decoratur
868 1191 935 1245 intc-
984 1188 1052 1242 tium
1070 1189 1104 1244 ad
1127 1203 1157 1244 sc
1169 1190 1316 1245 exaudiens
1340 1194 1514 1248 moercntium
1536 1196 1724 1254 tribulationes
1745 1200 1779 1254 ad

139 1282 251 1353 gnitate,
264 1291 368 1338 tantam
385 1283 413 1338 lu
424 1296 458 1338 eo
469 1283 618 1353 munus
631 1280 788 1337 iidelitatem
800 1281 827 1336 in
843 1289 935 1338 vestro
983 1279 1110 1349 gaudium
1134 1280 1283 1346 consentin
1298 1282 1370 1349 quod
1387 1289 1460 1336 corte
1470 1299 1542 1338 nunc
1556 1285 1582 1339 iu
1602 1287 1680 1341 nobis
1699 1296 1780 1356 atque

139 1381 292 1444 nostroque
313 1373 435 1441 servitio,
458 1381 588 1445 quantam
603 1372 754 1429 diutissime
772 1379 865 1427 nostra
893 1387 935 1427 ar·
983 1370 1110 1424 universo
1123 1369 1253 1439 peculiari
1265 1370 1364 1439 populo
1384 1382 1485 1427 sancta
1498 1373 1546 1428 liei
1571 1374 1698 1431 Ecclesia
1710 1376 1779 1445 etus,

138 1465 254 1522 «leutius
263 1465 296 1522 de
307 1480 341 1522 eo
351 1466 464 1536 optabat
476 1478 622 1537 agnoscere
636 1478 722 1519 mens.
983 1458 1080 1514 divinae
1096 1459 1206 1529 pietatis
1219 1458 1391 1515 clementiam
1409 1470 1436 1516 et
1451 1463 1643 1520 misericordiae
1658 1467 1779 1536 benigni-

182 1556 259 1613 llude
276 1555 410 1614 maximas
435 1563 518 1626 atque
543 1554 756 1611 innumerabiles
784 1552 933 1625 gratiarum
984 1553 1067 1601 tatem
1088 1548 1225 1603 cernituus
1242 1563 1304 1603 csse
1322 1546 1459 1613 diffusam,
1481 1550 1508 1605 iu
1530 1566 1563 1606 eo
1585 1553 1657 1622 quod
1681 1563 1780 1610 anostra

139 1647 266 1702 actiones
293 1646 503 1717 religiosissima
530 1645 672 1702 sobrietati
702 1652 821 1710 restrae,
853 1650 935 1712 atque
981 1638 1114 1694 orationis
1127 1639 1189 1694 rota
1208 1640 1355 1695 exaudiens
1366 1648 1394 1695 et
1409 1642 1533 1698 moeroms
1546 1645 1632 1698 nostri
1649 1645 1780 1700 ementa-

139 1734 245 1808 [quasi]
270 1735 477 1806 presentialiter
499 1734 737 1791 Christianissimae
764 1731 932 1789 excellentie
946 1712 971 1774 Β
986 1728 1085 1785 tionem
1096 1745 1177 1799 quant
1192 1744 1277 1799 usque
1299 1730 1429 1786 hacteuus
1454 1730 1598 1788 babuimus
1616 1748 1649 1787 ex
1669 1735 1727 1803 ipsa
1740 1735 1780 1790 di·

137 1835 196 1882 tnae
209 1824 368 1894 referimust
382 1834 411 1882 et
429 1824 489 1882 ideo
501 1826 600 1882 obnixe
613 1834 741 1896 tanquam
754 1822 932 1896 praesentiali·
980 1819 1085 1876 risione
1101 1820 1252 1885 discordiae,
1273 1835 1356 1890 quam
1379 1822 1508 1890 antiquus
1528 1823 1624 1887 bostis,
1653 1823 1780 1882 inimicus

138 1927 193 1985 ter,
209 1918 407 1990 benignitatem
421 1925 539 1974 vestram
550 1917 677 1987 petimus,
690 1923 721 1972 ut
739 1914 932 1986 amplissimam
980 1913 1066 1983 pacis,
1082 1912 1152 1967 iutra
1164 1920 1283 1968 amttam
1294 1912 1491 1967 fraternitatem
1509 1913 1678 1968 immiserat:
1696 1930 1778 1981 nuno,

136 2009 244 2064 latoris
272 2008 357 2064 vestri
374 2009 491 2080 gratiam
513 2017 595 2078 atque
617 2007 750 2078 largitatis
774 2015 933 2062 muniucen-
981 2000 1037 2058 Deo
1057 2001 1183 2071 propitio,
1203 2001 1298 2056 eodem
1330 2001 1461 2071 pestilera
1482 2002 1580 2057 amulo
1602 2002 1725 2067 coriluso,
1751 2004 1779 2059 in

137 2101 217 2166 tian,
232 2098 381 2170 etdignam
394 2098 606 2154 consolationem
619 2096 706 2154 eidem
721 2097 848 2168 religioso
861 2097 931 2162 riro,
981 2109 1152 2169 cotumunem
1180 2093 1351 2150 dilectionem
1381 2101 1409 2148 et
1433 2094 1627 2160 concordiam,
1657 2103 1688 2149 ut
1715 2110 1779 2154 scre

136 2206 189 2263 pro
202 2191 263 2262 ejus
281 2189 419 2245 laborioso
432 2189 593 2256 certamine,
606 2189 678 2260 quod
691 2190 719 2244 iu
739 2197 831 2244 vestro
852 2197 933 2258 atque
981 2184 1103 2239 uterinos
1123 2191 1152 2238 et
1166 2199 1308 2255 germanos
1329 2183 1443 2249 iratres,
1470 2184 1552 2255 275
1572 2200 1619 2241 ros
1642 2200 1779 2244 connexos

136 2289 290 2347 unstrout
308 2281 411 2338 dictum
433 2291 485 2350 est,
509 2283 655 2352 apostolico
670 2284 782 2339 servitio
799 2281 931 2347 exhibuit,
981 2290 1041 2331 esse
1054 2274 1209 2341 discentes,
1228 2275 1256 2329 iu
1273 2291 1399 2346 magnam
1422 2275 1543 2331 letitiam
1558 2286 1717 2334 convertere
1738 2279 1778 2335 di·

137 2373 281 2442 impertire
297 2372 435 2443 jubeatis3
459 2382 593 2445 quatenus
614 2375 684 2431 sicut
704 2376 739 2431 ab
755 2374 934 2444 omnipotenti
982 2372 1079 2435 utlaius
1092 2371 1134 2419 tsi
1149 2362 1173 2419 d·

137 2464 206 2532 beo,
233 2466 419 2523 intercedente
436 2469 517 2523 netto
534 2468 623 2533 petto,
647 2469 728 2540 273
746 2469 827 2541 digna
844 2468 936 2540 operit
1018 2457 1120 2526 ltaque,
1132 2455 1375 2527 precellentissimi
1387 2457 1445 2524 iiiii,
1457 2459 1776 2529 magnivictoriosissitui

117 2555 628 2630 .eiustnooetosttuusrogotsexarara
641 2558 933 2624 terturmmunerano,
983 2558 1102 2620 receset
1116 2549 1164 2603 bei
1176 2549 1446 2619 pmvtueonanosnt
1459 2549 1643 2604 aomanorum
1657 2551 1778 2622 patriai,

120 2696 124 2702 .
138 2649 178 2705 ita
190 2659 219 2704 et
233 2664 249 2702 a
263 2649 342 2705 robis
355 2649 549 2706 consolationis
561 2659 743 2720 consequatur
756 2665 846 2720 opem.
983 2640 1176 2712 coniungentes
1190 2641 1224 2696 ad
1237 2656 1287 2696 nos
1298 2640 1450 2696 fidelissimi
1468 2656 1500 2696 ac
1511 2641 1683 2696 solertissimi
1696 2643 1778 2698 rostri

174 2738 353 2810 Omnipotens
362 2740 644 2805 autemlieusnoster,
660 2740 744 2795 sacris
753 2739 934 2809 apostolorum
984 2731 1075 2798 missi,
1108 2730 1212 2786 scilicet
1237 2741 1249 2770 ·
1275 2730 1457 2787 Ganzibertus
1484 2730 1726 2787 reverendissimus
1752 2740 1779 2788 et

138 2832 293 2904 principum
319 2831 580 2898 interventionibus,
611 2847 661 2887 sua
686 2847 734 2887 ros
759 2832 936 2901 circumtegat
985 2822 1173 2878 sanctissimus
1186 2820 1271 2877 trater
1282 2830 1376 2877 noster
1399 2809 1561 2892 episcopus,
1592 2832 1674 2891 atque
1691 2821 1779 2877 Fucb-

135 2922 237 2995 gratia,
253 2923 432 2992 etprcsentls
453 2922 515 2979 vite
534 2936 670 2993 prospera,
687 2929 714 2978 et
734 2932 834 2978 aterna
850 2920 934 2977 felici·
984 2915 1080 2972 benus
1091 2913 1251 2985 religiosus,
1282 2922 1310 2970 et
1337 2911 1509 2979 ansfredus,
1542 2931 1589 2971 scu
1608 2914 1779 2985 ilelmgarius

133 3017 205 3069 *tant
224 3013 303 3069 tobis
321 3013 506 3084 multipliciter
526 3014 628 3068 tributa
642 3012 749 3084 gaudio.
771 3013 934 3068 ineolumem
987 3004 1175 3079 gloriosissimi
1186 3005 1282 3069 rostri,
1296 3004 1451 3059 detulerunt
1465 3005 1545 3061 uobis
1559 3006 1732 3062 honorabiles
1750 3017 1779 3063 et
1839 3060 1842 3067 ,

143 3104 346 3174 religiositatem
372 3111 508 3170 rostram,
539 3113 621 3175 atque
652 3102 838 3160 extollentiam
861 3109 936 3158 tuom
986 3093 1069 3149 ulmis
1079 3092 1272 3149 desiderabiles
1288 3093 1405 3164 syllabas
1421 3102 1526 3149 rostras
1546 3094 1631 3151 aliea
1652 3096 1778 3152 instituta

145 3198 226 3270 gratia
239 3211 359 3273 superna
371 3197 507 3254 custodiat
519 3207 545 3250 ⁸.
565 3216 567 3220 ⁷
987 3187 1072 3259 regali
1086 3186 1208 3257 potentia
1219 3186 1353 3251 directas;
1372 3200 1422 3256 pcr
1441 3201 1510 3255 quas
1531 3187 1696 3252 innotuistis,
1711 3204 1778 3244 cou-

985 3281 1117 3338 tentionis
1126 3280 1200 3336 rixas
1214 3295 1246 3335 ac
1258 3280 1342 3351 litigia
1355 3280 1427 3335 inter
1437 3294 1485 3334 sos
1496 3288 1603 3336 versata
1614 3281 1706 3347 luisse,
1719 3283 1778 3348 sed,

484 3351 595 3407 mm·
985 3378 1121 3427 mouente
1143 3370 1267 3435 nomino,
1292 3369 1410 3425 nuucad
1433 3382 1525 3423 veram
1546 3368 1735 3435 dilectionem,
1750 3382 1778 3426 et

201 3460 285 3535 27ss
299 3461 383 3517 ttutt
402 3462 570 3519 nerstein
589 3463 745 3523 tiltlsusstt
763 3466 876 3535 PAPAE,
984 3463 1098 3519 unitatis
1106 3462 1337 3526 concordiam,et
1349 3461 1497 3516 inrtcrnum
1509 3476 1628 3516 amorem
1653 3464 1778 3519 conversi

985 3554 1123 3611 exstitisse
1131 3553 1278 3619 ridemiui3
1294 3568 1348 3623 quo
1357 3552 1460 3617 audito,
1474 3567 1571 3622 magno
1584 3553 1683 3624 gaudio
1695 3561 1777 3623 atque

985 3645 1087 3707 letitia,
1100 3661 1153 3700 una
1168 3660 1230 3699 eum
1244 3643 1371 3699 universo
1390 3642 1489 3713 populo
1509 3651 1603 3698 nostro
1618 3641 1698 3699 istius
1712 3658 1777 3714 pro·

154 3771 180 3829 t„
197 3793 247 3847 Μ
275 3777 444 3832 mmmm
467 3778 606 3834 „gemm
630 3780 818 3838 benedictinam
839 3792 864 3838 a
887 3801 934 3855 pm
988 3738 1080 3793 cinciae
1094 3752 1109 3791 a
1123 3737 1201 3791 robis
1213 3733 1368 3803 redempto,
1388 3733 1482 3803 repleti
1498 3749 1600 3798 sumus,
1624 3743 1652 3789 et
1666 3735 1775 3803 gemina

180 3862 265 3901 ,mm
281 3847 454 3929 [paternam-3
476 3851 617 3904 „omuga
641 3853 786 3921 mmm
809 3855 933 3920 mmm,
985 3827 1142 3884 festivitatis
1152 3827 1249 3898 gaudia
1259 3827 1423 3896 peregimus,
1441 3825 1587 3881 immensas
1601 3826 1656 3881 beo
1679 3834 1775 3882 nostro

179 3926 201 3970 et
220 3916 254 3971 de
271 3917 386 3988 justitiis
405 3920 489 3972 macti
507 3917 577 3974 Petri
590 3919 615 3973 b.
985 3917 1162 3988 omnipotenti
1190 3915 1339 3970 relerentes
1364 3915 1512 3985 gratiarum
1536 3915 1677 3981 actiones,
1694 3925 1777 3987 atque

170 4043 173 4050 .
203 4029 265 4101 μη.
284 4028 363 4083 Dm·
379 4028 440 4095 ΠΟ,
454 4028 520 4085 ⁶⁰4·
538 4022 701 4100 caro-mn,
712 4035 804 4091 dm
817 4034 884 4109 fl.)-
986 4004 1371 4074 victricemeiusclementiam
1382 4002 1701 4069 collaudautcs,consona
1713 4022 1775 4062 cunr

155 4136 340 4197 mmm,
363 4168 400 4180 ...
423 4141 514 4212 Regiis
536 4144 654 4213 ,coeptis
678 4144 776 4200 litteris
798 4146 887 4203 Caroli
908 4155 936 4205 et
984 4098 1220 4172 propheticasoce
1238 4103 1381 4151 cantantes
1405 4103 1486 4165 atque
1507 4095 1627 4151 dicentes
1644 4097 1777 4153 :Benedi-

181 4210 364 4266 gmtomannt
374 4226 423 4281 pe,-
434 4210 625 4269 emmenum
640 4230 655 4269 e
674 4215 805 4286 ΜΡΝ,
818 4216 936 4288 pugw,
984 4197 1046 4248 etus
1053 4206 1091 4254 es,
1099 4190 1211 4244 llomirte
1219 4188 1399 4250 licusnnstcr,
1412 4186 1586 4241 etbenedicta
1596 4187 1686 4241 omnia
1694 4202 1775 4256 opera
1805 4242 1818 4259 ,

181 4290 233 4335 tum
251 4280 634 4350 religiosum,1iuslredumet
669 4286 934 4356 clmgariumcarum
985 4287 1048 4347 tua;
1065 4294 1129 4335 ecce
1139 4279 1211 4334 enim
1224 4292 1296 4333 nunc
1308 4277 1406 4347 gaudet
1419 4276 1491 4331 Beus
1516 4285 1608 4332 noster
1634 4278 1662 4332 in
1687 4278 1775 4345 coelis,

181 4351 283 4414 mimis
297 4351 455 4422 0⁰¹¹¹ll0⁵ii¹⁸
467 4353 537 4407 illel*
553 4369 600 4408 0⁰⁸
614 4355 763 4417 diffidi&
780 4372 813 4412 ²⁰
827 4359 933 4427 llliSiill?
986 4370 1084 4442 gaudet
1106 4378 1134 4425 et
1157 4369 1299 4424 universus
1311 4367 1412 4423 eborus
1427 4367 1594 4438 angelorum,
1609 4375 1635 4422 et
1649 4368 1676 4423 in
1703 4378 1775 4425 terra

179 4436 277 4562 {5¹31}ss
288 4422 934 4562 ffloefflffiffiffifflebffikae'lffiffsffi
984 4461 1066 4516 etiam
1077 4466 1191 4514 cunctus
1202 4456 1320 4512 exsultat
1340 4456 1456 4526 populus
1467 4456 1691 4523 Christianuset
1703 4458 1777 4514 solus

179 4572 296 4631 quantur
305 4570 332 4616 et
341 4560 461 4629 justitias
470 4561 586 4632 plenarie
602 4566 676 4621 rodii
689 4576 793 4622 curent,
806 4567 888 4623 Mutia
899 4572 934 4626 ab
985 4551 1117 4612 diabolus,
1126 4550 1251 4604 inimicus
1260 4548 1336 4618 pacis
1346 4557 1373 4603 et
1384 4548 1525 4603 discordiae
1533 4548 1692 4614 seminator,
1705 4549 1777 4619 luget

178 4646 271 4688 eorum
287 4631 377 4687 missis
390 4633 544 4700 auditumst
559 4634 626 4689 nulli
639 4636 802 4693 credendum
813 4639 860 4708 qn
874 4640 935 4697 red-
985 4645 1048 4699 dum
1062 4643 1165 4697 rictum
1188 4655 1290 4697 seesse
1306 4649 1334 4694 et
1355 4649 1513 4709 superatum
1542 4640 1676 4709 conspicit
1701 4655 1776 4695 :nou

178 4745 301 4802 ⁸liotari
326 4745 407 4800 aelim
433 4747 603 4804 auctoritatis
623 4750 798 4806 consortium.
821 4752 894 4809 ilissi
918 4769 934 4808 s
986 4757 1048 4811 rici.
1062 4756 1188 4810 Attamen
1200 4763 1296 4824 negata
1309 4753 1408 4810 Carolo
1423 4753 1522 4808 auxilia
1541 4754 1575 4808 ad
1588 4752 1737 4809 ll'ascones
1749 4763 1777 4808 ct

147 4817 233 4886 regina
244 4826 332 4896 matre
342 4815 494 4898 caroloque
506 4816 560 4873 lilio
571 4817 652 4902 iegati
667 4821 780 4876 llornarn
793 4822 933 4890 dicuntur;
987 4827 1138 4895 Aquitanos
1158 4826 1185 4879 in
1197 4823 1285 4879 ollicio
1299 4824 1476 4879 continendos
1495 4822 1585 4886 curati,
1612 4822 1776 4893 fratremque

146 4888 176 4941 ab
192 4895 308 4968 utroque
317 4901 385 4954 tussa
398 4888 509 4956 exsequi
520 4886 640 4956 justitias
652 4891 738 4945 sancti
759 4890 846 4959 Petri;
866 4894 936 4948 ltbe·
989 4896 1016 4950 in
1036 4896 1131 4951 itinere
1146 4894 1315 4949 convenienti
1337 4909 1430 4949 earum
1445 4909 1525 4949 causa
1543 4891 1625 4947 lauisse
1638 4893 1774 4947 ridentur.

145 4959 353 5041 rio'prerntuur'
369 4957 404 5011 ab
424 4965 537 5027 utroque
552 4960 670 5029 petitur3
693 4962 808 5044 denique
824 4964 936 5034 epistola
988 4965 1086 5022 Annal.
1104 4965 1235 5020 Francor.
1262 4963 1384 5046 Monacbu.
1405 4962 1708 5044 Engolistn.uduetot·es
1729 4978 1773 5086 og.

143 5026 936 5169 :tibitibilllilffiizblilltlfflffl·
976 5030 1775 5176 *istc,‘stillicidialllllnntitillabit:

177 5168 192 5207 b
210 5173 233 5221 Α
268 5183 324 5220 um.
344 5164 428 5222 Pana.
443 5164 520 5237 (cod.
539 5166 598 5223 Vnt.
610 5171 654 5238 lli:
671 5190 680 5224 a
697 5173 808 5241 insuper
818 5181 846 5229 et
856 5171 936 5228 aliam
989 5176 1067 5231 sicem
1085 5184 1112 5229 et
1125 5174 1261 5228 Romanos
1272 5173 1363 5228 omnia
1383 5188 1463 5227 nosse
1484 5171 1678 5242 intelligimus,
1706 5171 1775 5226 assi

143 5237 215 5293 dedit
232 5184 406 5319 fflCaroluur
421 5248 449 5291 et
462 5237 688 5325 carolomannum
708 5241 817 5324 iratres,
837 5243 864 5298 in
884 5258 937 5313 qua
989 5245 1103 5313 duisque
1113 5243 1146 5298 ad
1159 5243 1244 5298 Mum
1255 5243 1380 5312 precibus
1387 5242 1558 5324 concordiam
1568 5256 1663 5297 eorum
1670 5240 1775 5312 princi-

128 5362 132 5367 ,
191 5309 294 5364 tulatur
305 5323 356 5369 ers,
370 5309 442 5377 quod
457 5317 518 5377 post
530 5309 590 5365 lites
608 5313 659 5368 stin
680 5328 795 5368 rnrrceru
817 5314 937 5370 reconci-
986 5330 1050 5385 pum
1066 5315 1239 5384 impetrasse,
1254 5329 1314 5382 quae
1328 5312 1405 5368 valde
1419 5327 1571 5368 necessaria
1598 5318 1657 5366 erat
1674 5317 1774 5366 mnae

152 5379 200 5432 'ti
212 5386 313 5435 esent.
327 5379 363 5462 lit
378 5379 447 5462 petit
459 5388 489 5434 ut
501 5388 599 5461 cogant
608 5381 803 5465 longobardus
824 5384 937 5440 reddere
987 5384 1044 5441 sedi
1059 5382 1400 5466 aduersuslangobnrdos.
1538 5450 1544 5463 1
1714 5448 1721 5462 .

142 5449 616 5592 quffldgmpintgffinffujsffiigg‘larel
633 5453 936 5580 {tafflgffi‘1tfqlssw
986 5465 1037 5581 uioe
1047 5447 1775 5602 vlidffiilroni'usiswllsspfflfflscffrffiztfflitsumail&

177 5588 191 5630 ⁴
208 5590 246 5648 De
259 5592 280 5647 F
283 5607 428 5649 raucorum
454 5607 547 5663 regunt
575 5593 767 5656 simultatibus,
789 5607 937 5663 earumque
986 5611 1062 5661 κω,
1088 5611 1115 5650 n.
1130 5593 1194 5664 to),
1209 5593 1242 5648 de
1263 5592 1370 5649 arteris
1386 5601 1441 5647 taut
1460 5591 1483 5646 is
1503 5606 1583 5660 quant
1602 5589 1647 5646 alu
1680 5590 1772 5659 silent,

142 5661 376 5730 sritlmobsmrc
387 5662 534 5723 admotum
551 5662 656 5734 antiqtti
681 5663 792 5720 crinales
806 5673 833 5721 et
851 5665 937 5720 bisto—
986 5666 1094 5724 Cointio
1108 5665 1239 5723 duntaxat
1252 5662 1367 5723 iaciente
1381 5662 1542 5720 monachum
1563 5661 1734 5720 fusienum.

179 3610 210 3650 tn
233 3610 344 3651 nosnos
375 3612 499 3653 cosmus
521 3614 556 3654 nr
580 3616 793 3657 cismontanos
817 3618 900 3660 suess

476 3685 599 3738 nauseat,
