3780 6120
151 191 217 244 [115

503 186 590 239 trtttltt
609 185 779 241 tartonam,
795 216 829 225 —·
848 185 993 243 at‘l‘ba'tt
1015 217 1048 226 -
1067 185 1276 244 Ctlatt'a'btt’s
1294 187 1404 243 asnis

1691 191 1773 267 ‚rau

183 300 248 353 ltenr
262 298 318 366 ipse
333 297 360 350 in
371 296 440 350 libro
454 309 501 348 rur
515 295 549 348 de
561 294 676 350 Ciuitate
691 296 758 351 uei:
778 316 787 347 r
802 297 873 352 Sane
884 311 933 350 nce
948 303 971 359 Α
986 297 1151 351 Testamenti
1167 315 1173 349 :
1193 314 1202 346 ι
1219 297 1419 362 irrationabile,
1436 298 1532 368 inquit,
1548 300 1652 370 rugus,
1666 312 1712 356 aut
1724 318 1774 372 ap·

143 369 313 438 ‘martyribus
338 366 444 435 templa.
469 364 629 429 sacerdotia,
654 381 729 420 saera
748 376 775 419 et
802 365 933 420 saerilleia

147 437 352 498 constituimus,
373 435 498 502 quorriam
523 449 575 487 uon
600 434 660 504 ipsi,
684 437 731 490 sed
753 436 823 489 licus
842 449 934 488 eorum

120 506 124 531 ¹
148 507 228 563 nobis
242 515 283 561 est
298 506 385 567 lieus;
403 504 565 557 honoramus
589 519 653 558 sane
678 506 822 558 memorias
843 518 935 559 eorum

150 587 277 647 tanquam
289 583 442 628 sanctorum
453 572 590 626 hominum
602 573 658 631 Dei,
668 575 712 641 qrri
726 589 810 642 usque
822 573 854 626 ad
866 586 938 626 mor·

150 657 204 702 tem
220 658 363 712 corporum
376 658 484 695 suorum
500 656 548 709 pro
560 643 672 695 veritate
687 650 834 704 certarunt,
850 649 880 694 ut
895 643 937 695 in-

134 723 303 770 'uoteseeret
321 727 384 765 rera
410 710 517 779 religio,
545 710 618 763 salsis
643 711 764 780 detisque
790 710 936 769 eorrrictis,

135 785 222 856 quoti
233 782 340 837 etiamsi
354 782 399 849 qui
420 792 497 833 antea
511 781 661 832 sentiebant
672 780 791 833 timenda
806 780 937 848 repriore-

135 864 139 871 '
152 856 227 911 liant.
240 852 306 918 Quis
321 861 410 903 autem
425 849 527 902 audivit
538 849 681 917 atiqrtanrlo
693 850 808 903 tlrleliurn
822 858 938 903 stantem

152 925 319 978 sacerdototii
334 922 367 972 ad
392 920 486 980 altare,
504 916 596 982 etjam
612 932 693 987 snper
709 930 831 972 sarri-tum
843 934 941 988 corpus

153 992 282 1048 marteris
304 989 338 1043 ad
354 988 400 1042 liei
424 989 552 1041 honorent
579 987 690 1040 cultrum
701 1002 733 1041 ue
757 995 939 1042 constructum

135 1088 138 1092 ·
154 1050 242 1116 disere
256 1060 283 1114 in
296 1058 421 1129 precibus
435 1075 441 1109 ι
459 1055 547 1111 Offero
558 1055 604 1109 tilri
618 1004 790 1121 sacriircium,
801 1056 891 1121 Petne,
900 1057 940 1109 rel

154 1131 244 1186 l‘..ule.
258 1132 299 1183 rel
314 1129 456 1198 Cypriane,
467 1141 526 1180 rum
539 1128 608 1195 apud
621 1142 713 1180 eorurn
726 1128 870 1181 memorias
880 1127 943 1181 olle-

135 1211 232 1255 ratur
245 1201 309 1260 Dur,
334 1198 378 1265 qui
395 1211 442 1250 eos
456 1205 482 1249 et
500 1197 621 1249 lrnarines
639 1205 665 1249 et
681 1207 812 1266 rnrrrtqres
824 1195 897 1260 ierit,
916 1206 943 1249 et

155 1271 256 1325 sanetis
266 1269 322 1323 suis
332 1265 434 1334 angelis
444 1265 548 1321 eoeiesti
559 1266 660 1318 honore
673 1265 801 1321 sociarit?
814 1276 841 1320 ut
856 1281 886 1319 ea
899 1281 943 1319 re-

156 1340 282 1394 lebritate
295 1350 322 1390 et
335 1337 390 1390 lieo
400 1350 464 1391 uero
478 1336 510 1388 de
522 1335 626 1387 illorum
638 1335 759 1389 uictoriis
769 1336 869 1405 gratias
880 1351 943 1405 aga·

156 1424 226 1469 naurs,
244 1417 271 1462 et
283 1421 332 1460 uos
346 1406 379 1458 ad
390 1404 566 1458 imitationem
581 1403 673 1457 talium
687 1420 847 1459 ortronarnru
863 1414 944 1475 atque

131 1489 134 1495 ·
155 1478 307 1549 pulmarum
324 1473 418 1529 eodem
444 1475 566 1528 inuocato
592 1473 618 1526 iu
636 1473 766 1527 auxilium
786 1475 942 1529 ceillerum

157 1547 294 1602 rrrernoriae
308 1544 479 1599 renovatione
490 1544 673 1597 adhortemur.
685 1542 853 1615 Quaecunque
863 1545 944 1614 igitur·

139 1646 142 1650 ·
156 1617 320 1671 adhibentur
332 1613 517 1682 religiosorum
528 1613 655 1682 obsequia
669 1614 695 1666 in
710 1625 857 1684 trrartyrum
866 1614 942 1676 loeis,

155 1693 315 1740 ernarnerrta
332 1695 394 1737 suut
408 1685 607 1745 memoriarum,
621 1698 673 1736 nrrn
691 1697 767 1737 sacra
782 1684 823 1739 rel
839 1684 943 1739 sacriti-

135 1772 140 1781 ·
156 1756 199 1810 cia
215 1764 380 1808 mortuorum
397 1762 523 1820 tatrquarn
539 1754 681 1806 deorum.»

195 1824 372 1895 llieronymus
384 1821 417 1874 ad
431 1822 568 1891 iliparinm
581 1824 765 1892 presbyterum
779 1841 806 1876 :r
820 1821 945 1893 Acceptis

157 1894 274 1967 primum
297 1892 394 1946 litteris
409 1892 471 1954 tois,
492 1908 545 1945 non
566 1895 727 1961 respondere
748 1894 879 1976 superbie·
893 1900 944 1954 est,

157 1965 321 2033 respondere
330 1961 499 2016 temeritatis.
513 1963 550 2015 De
562 1961 604 2013 lris
614 1963 684 2014 enirn
695 1964 773 2017 rebus
784 1972 945 2029 interrogas,

157 2048 219 2103 que
232 2038 259 2086 et
275 2031 395 2102 prolerre
408 2039 436 2083 et
458 2033 550 2085 audire
566 2031 734 2099 saerilegium
747 2043 798 2086 et.
816 2033 863 2085 his
876 2033 947 2103 Vigi-

159 2102 283 2165 lantium,
292 2101 337 2171 qni
349 2102 403 2156 κατ’
413 2103 560 2176 ἁντῐφρασιν
574 2101 624 2154 boe
635 2112 746 2153 rrrcatur
754 2103 870 2167 ruunioe,
884 2116 945 2155 narn

160 2172 355 2227 Bermittrntius
381 2173 480 2224 rectius
501 2173 645 2232 dicoretur,
669 2185 700 2224 os
723 2173 834 2226 fetidum
855 2187 948 2225 rursus

160 2241 276 2311 aperire,
290 2248 316 2293 et
329 2251 450 2308 putorem
465 2239 666 2310 spurcissimum
684 2250 777 2294 eontra
793 2251 946 2296 sanctorum

161 2320 311 2381 martyrum
325 2309 447 2377 prolerre
462 2310 598 2378 reliquias,
607 2318 634 2363 et
645 2323 702 2373 nos,
711 2311 755 2379 qui
768 2327 814 2365 eas
827 2312 947 2381 suscepi·

160 2394 232 2443 mtto,
248 2380 380 2450 appellare
392 2381 538 2434 cinerarios
551 2389 577 2433 et
590 2379 757 2445 idololatras,
769 2382 815 2450 qui
830 2391 948 2435 mortuo·

138 2479 141 2485 ·
161 2464 222 2504 rum
250 2449 386 2504 honriaum
410 2464 470 2503 ossa
497 2464 666 2503 rerreramur.
680 2449 702 2505 t)
715 2450 848 2505 infelicem
863 2451 949 2506 bomi-

145 2514 233 2579 nem,
242 2519 347 2573 etomni
361 2519 539 2589 lacrymarum
552 2517 625 2573 iente
638 2520 878 2602 plangendumqrrt
891 2522 948 2575 haec

162 2589 256 2643 dieens
271 2604 324 2642 non
339 2603 368 2642 se
386 2588 509 2660 iutelligit
532 2604 591 2642 esse
603 2587 765 2644 sarnanum
778 2602 803 2644 et
816 2589 947 2652 iudaeum,

158 2659 209 2727 tpai
224 2673 334 2729 corpora
356 2668 521 2712 rrrortuorum
543 2673 593 2727 pro
618 2659 762 2714 immundis
790 2661 904 2724 habent,
924 2670 950 2713 et

161 2729 246 2782 etiam
257 2743 319 2781 rasa
332 2742 391 2796 quau
408 2728 434 2781 in
446 2744 478 2782 ea
490 2731 540 2782 leur
556 2730 634 2782 domo
650 2728 749 2783 luerint
765 2730 847 2799 pollui
861 2732 948 2798 suspi-

162 2806 269 2859 eentur,
284 2805 426 2865 sequentes
442 2799 609 2852 occidentem
624 2796 748 2862 litteram,
765 2808 791 2853 et
805 2816 857 2854 non
869 2801 949 2868 spiri·

163 2875 221 2921 tum
233 2867 422 2932 ritjilicautenr.
438 2869 491 2921 b'os
501 2875 590 2920 antem
604 2881 656 2920 non
669 2869 729 2922 dico
741 2878 891 2939 martyrum
911 2885 951 2922 re-

164 2936 272 3005 liquias,
287 2937 333 2989 sed
346 2951 379 2989 ne
391 2939 474 2991 solem
488 2938 595 3006 quidem
609 2947 636 2990 et
648 2938 749 3001 lunam,
763 2954 815 2992 non
830 2939 948 3007 angelos,

164 3021 220 3059 nou
244 3006 426 3072 archangelus.
449 3024 501 3060 non
525 3005 669 3074 seraphim,
686 3022 737 3061 non
753 3008 902 3074 cherubim,
924 2995 987 3061 etC

163 3089 245 3130 omne
261 3091 357 3130 nornen
372 3078 442 3144 quod
453 3077 616 3138 tronritratur,
630 3085 657 3128 et
671 3078 697 3130 in
716 3079 840 3146 praesenti
853 3080 956 3132 saeculo·

164 3154 193 3199 et
205 3145 231 3199 in
242 3142 331 3199 futuro
341 3146 454 3201 colimus
468 3155 495 3200 et
507 3147 659 3209 adoraruros,
676 3163 707 3199 oe
720 3149 868 3202 sartianrus
880 3162 953 3202 crea·

165 3222 234 3268 turre
257 3214 347 3284 potius
373 3231 452 3284 quam
475 3217 609 3277 creatori,
627 3216 672 3283 qui
691 3217 905 3272 estbenedictus
924 3219 951 3273 io

165 3283 274 3339 secula.
296 3283 464 3339 Hortorautus
484 3295 573 3339 autern
594 3284 721 3354 reliquias
744 3298 903 3358 rrrartyrurn,
923 3297 952 3342 ut

165 3352 318 3421 eumenius
332 3364 394 3408 suut
407 3364 537 3424 nrartyrcs
551 3354 709 3420 adorerrrus;
723 3356 886 3410 honoramus
898 3374 953 3410 ser-

166 3437 225 3486 vos,
240 3431 270 3476 ut
282 3426 367 3478 bonor
380 3440 518 3479 serrorum
534 3424 664 3478 redundet
679 3427 712 3479 ad
723 3424 874 3490 Dourinum,
890 3427 954 3495 quia

186 3494 212 3546 ui
222 3507 267 3546 uos
277 3493 393 3564 suscipit,
408 3510 448 3548 me
463 3494 580 3563 suscipit.
600 3513 610 3545 ι
624 3523 658 3532 --
673 3493 745 3547 licor
759 3494 816 3564 ipse
826 3497 954 3549 aduersus

166 3509 353 3632 zigilantium.
366 3584 374 3613 r
387 3563 453 3631 Quis
463 3564 546 3626 enirn,
555 3580 571 3616 o
580 3563 702 3616 insanum
713 3574 803 3632 eaput,
812 3564 954 3633 aliquando

166 3639 301 3701 martyres
316 3633 455 3688 adorauit?
479 3632 544 3699 Qtris
566 3633 701 3686 hominem
725 3635 827 3702 putarit
853 3635 955 3687 lteuur?

167 3715 258 3757 nunrre
271 3700 371 3758 Paulus
383 3713 410 3757 et
423 3703 569 3765 liarrurtras,
584 3718 645 3756 euru
666 3702 835 3772 Lyeaouihus
851 3704 955 3773 Jupiter

167 3778 196 3825 et
209 3769 359 3826 llercurius
369 3780 573 3843 putareuttrr,et
583 3773 623 3825 eis
635 3772 731 3826 uellent
745 3774 848 3828 hostias
861 3775 957 3827 iurnro-

167 3839 227 3896 tare
238 3839 306 3912 (Act.
322 3848 388 3912 ιιι),
402 3841 542 3896 sciderunt
554 3842 711 3896 uestimenta
725 3858 782 3906 sua,
794 3854 820 3896 et
830 3859 858 3897 se
872 3844 957 3896 honri·

169 3922 219 3964 nes
229 3914 291 3964 esse
304 3908 439 3974 dixerunt,
455 3927 507 3965 non
522 3927 574 3981 quo
589 3911 713 3965 meliores
724 3929 776 3965 non
789 3921 880 3968 esseut
893 3912 956 3966 olim

169 3979 285 4033 mortuis
302 3979 454 4036 hominihus
469 3981 534 4034 Jore
556 3991 637 4049 atque
659 3981 804 4043 hlercurio,
821 3983 867 4037 scd
887 3982 957 4050 quod

169 4050 221 4102 sub
232 4047 391 4119 gentilitatis
404 4067 495 4105 errore
509 4051 594 4105 honor
607 4051 647 4104 eis
659 4050 713 4106 [teo
723 4053 828 4107 debitus
841 4051 958 4107 deferre-

170 4127 226 4181 tur,
242 4119 313 4187 quod
327 4123 397 4175 etde
412 4119 491 4175 Petro
502 4121 629 4189 legimus,
642 4121 687 4188 qui
699 4122 851 4175 llorueliuur
865 4138 894 4176 se
914 4123 959 4176 ad-

170 4201 250 4242 erare
267 4191 429 4259 cupientem,
440 4207 520 4244 tuarru
542 4189 689 4244 subleuauit
709 4200 736 4244 et
753 4192 820 4245 dixit
839 4206 846 4245 :
863 4193 957 4262 Surge,

171 4273 234 4312 nuru
248 4269 271 4309 et
286 4274 333 4327 ege
345 4259 422 4313 botua
433 4277 501 4313 surra.
517 4282 526 4311 r
545 4263 613 4332 (Act.
629 4259 670 4329 a.)

206 4326 373 4396 Augustinus
386 4330 412 4383 in
430 4330 499 4384 libro
512 4329 545 4384 de
558 4329 695 4383 Solutique
708 4330 900 4399 quaestionum,
912 4346 958 4384 ea·
976 4348 997 4411 q)
1010 4333 1117 4395 pentem
1138 4338 1186 4394 pro

171 4397 253 4465 pileis
268 4413 274 4449 :
290 4416 299 4448 r
315 4396 429 4453 Proinde
442 4398 511 4453 sicut
524 4400 604 4468 impia
617 4401 740 4468 superbia
755 4401 810 4453 sire
822 4401 958 4454 hominum

172 4466 231 4520 sire
240 4466 402 4532 demonum,
418 4467 468 4523 sibi
481 4468 531 4523 hos
540 4468 645 4523 diuinos
658 4471 772 4524 bonores
783 4470 906 4524 eritiheri
918 4470 960 4521 rel

171 4533 248 4605 jubet
264 4536 306 4591 rel
319 4537 402 4606 eupit,
425 4539 461 4591 ita
482 4538 527 4606 pia
543 4538 679 4592 humilitas
696 4539 737 4593 rel
757 4538 895 4592 hominum
919 4539 961 4592 rel

173 4620 208 4658 sn
227 4602 331 4660 ciorum
347 4614 511 4670 sanctorum,
531 4608 588 4662 haee
604 4608 655 4662 sibi
669 4608 760 4662 oblata
777 4609 919 4672 reeusarit,
935 4617 963 4662 et

174 4619 535 4732 wideherenturostendit.
558 4697 567 4729 r

210 4741 241 4796 ln
253 4744 322 4798 libro
336 4758 381 4800 ιιι
393 4745 548 4801 decivitate
560 4747 606 4802 [tei
620 4747 685 4803 dicit
695 4745 874 4818 Augustinus:
889 4765 898 4796 r
911 4745 963 4801 Sed

174 4813 248 4868 uera
271 4813 316 4868 ille
333 4827 412 4881 quem
430 4817 571 4870 coluerunt
585 4819 719 4886 sapientes
734 4817 916 4877 ltebrreorurn,
936 4823 963 4869 et

172 4883 231 4954 jam
244 4884 399 4939 celestibus
410 4886 510 4939 sanctis
521 4888 622 4956 angelis
632 4900 659 4940 et
670 4888 813 4942 virtutihus
826 4886 883 4946 liei,
897 4900 965 4954 quos

176 4951 348 5007 enauimus
364 4961 493 5024 tanquam
509 4956 581 5010 eires
594 4957 622 5011 in
637 4959 688 5013 hac
701 4965 791 5012 nostra
847 4957 954 5024 regrina

148 5051 152 5057 -
177 5021 253 5076 hone
264 5022 372 5076 munuli
383 5038 542 5078 veneramur
551 5033 578 5080 et
591 5040 722 5088 amamus,
734 5024 803 5080 sacri
824 5024 881 5076 cari
894 5032 966 5077 uetat

175 5090 279 5215 aeoli,
294 5091 420 5149 intonans
433 5094 460 5148 itt
475 5094 532 5164 lege
549 5110 607 5160 stra,
622 5096 775 5164 aucupemus
785 5093 836 5146 utu
848 5092 966 5148 erudica-

162 5196 165 5201 -
215 5177 260 5215 atr.
278 5178 290 5212 ι

471 5252 585 5308 CAPUT
605 5253 645 5308 l'l.

215 5360 279 5417 lure
293 5371 386 5417 eontra
399 5379 446 5418 eos
459 5366 506 5435 qui
520 5380 650 5419 armorum
671 5380 783 5420 numero
797 5368 967 5435 superstitio

180 5445 242 5484 nem
255 5433 400 5501 imaginum
422 5436 557 5489 rirrdieare
570 5436 671 5492 rolant.
686 5440 906 5490 consuetudinem
925 5454 968 5491 se-

179 5500 227 5571 qui
242 5503 353 5572 eupiunt
367 5505 456 5574 patius
469 5520 549 5575 quarn
568 5505 687 5559 ueritatis
699 5507 894 5560 auctoritatem.

215 5574 381 5643 Augustinus
401 5575 427 5627 in
450 5575 518 5629 libro
530 5575 712 5640 Quaestionum
730 5576 834 5630 l'eteris
852 5585 877 5630 et
901 5575 967 5632 h'ori

985 375 1109 436 parentes
1121 367 1246 429 umbras,
1265 375 1311 420 aut
1325 367 1472 431 maronia,
1488 378 1534 423 aut
1546 369 1688 425 simulacra
1704 386 1775 426 mor-

986 441 1103 497 trromm,
1114 443 1142 487 ut
1153 435 1218 489 deos
1231 436 1320 490 colere
1333 446 1482 505 ceperunt.
1495 436 1560 505 Quae
1571 438 1648 494 resin
1660 452 1775 495 eonsue-

986 503 1078 558 tudine
1102 503 1243 557 vetustatis
1267 504 1380 559 deducta
1406 505 1554 560 arbitratur
1582 508 1694 562 rationis
1723 510 1774 564 sibi

988 572 1127 626 ueritatem
1142 587 1219 640 posse
1235 570 1356 635 delendi,
1376 589 1437 627 eum
1451 575 1572 630 ueritatis
1585 578 1653 631 ratio
1677 592 1728 632 uon
1743 594 1776 631 ex

987 642 1180 695 eousuctruline
1191 652 1271 710 atque
1284 656 1316 695 er
1330 650 1473 703 rettrstate.
1490 645 1536 698 sed
1548 659 1581 699 er
1592 645 1646 699 lieo
1656 645 1701 710 sit,
1712 648 1776 716 qnia

988 724 1042 763 non
1058 718 1188 764 retostate
1203 711 1274 764 Deus
1286 712 1424 779 probatur,
1442 713 1488 767 scd
1501 715 1650 768 aeternitate
1662 731 1669 768 ε
1683 731 1777 785 quarn·

989 780 1080 833 obrem
1109 779 1176 833 ihtes
1200 796 1252 833 non
1278 794 1365 849 crepa
1392 795 1445 845 res,
1458 783 1504 836 sed
1517 782 1573 837 sine
1596 783 1672 841 initio
1683 793 1733 839 est.
1748 785 1777 840 lu

989 847 1072 901 hortun
1086 849 1157 901 enirn
1169 850 1278 904 eredere
1291 859 1411 904 nostrum
1424 851 1542 920 incipere
1553 861 1595 906 est
1610 869 1617 906 :
1631 869 1693 907 nam
1705 855 1777 922 quod

990 919 1109 970 creditur
1132 927 1261 971 aeternum
1284 926 1335 972 est.
1355 939 1412 969 r-
1424 920 1457 973 Et
1469 929 1530 989 post
1546 936 1629 991 pauca
1647 936 1680 975 :r
1700 921 1777 991 Quod

990 986 1081 1040 eobmt
1094 989 1188 1057 pagani
1203 994 1262 1056 post
1274 987 1357 1041 heum
1369 997 1495 1112 canopus
1509 999 1569 1059 post
1583 991 1705 1060 opillcem
1718 1002 1776 1057 est,

990 1056 1086 1125 pagani
1110 1056 1200 1110 colunt
1220 1071 1383 1124 opera,nos
1400 1059 1443 1127 opi
1465 1074 1540 1124 cem,
1556 1058 1594 1114 illi
1616 1072 1776 1125 ereaturam,

992 1141 1042 1179 nos
1056 1134 1214 1180 erratorem.
1232 1125 1329 1180 Factus
1346 1127 1425 1182 lrorrro
1448 1128 1529 1197 eoepit
1553 1130 1676 1184 remeari
1700 1147 1779 1186 suunt

992 1195 1174 1259 conditorem,
1192 1197 1254 1263 qnia
1272 1205 1299 1249 et
1313 1195 1422 1264 dignum
1436 1206 1492 1262 est,
1510 1205 1537 1251 et
1551 1213 1630 1252 causa
1647 1200 1699 1256 hoe
1714 1216 1779 1257 erc·

1012 1264 1042 1316 it.
1061 1285 1069 1315 ι

993 1277 1010 1332 g
1029 1332 1159 1386 Jererrrias
1174 1335 1302 1403 propheta
1317 1351 1323 1386 ι
1339 1333 1400 1387 Post
1412 1334 1525 1400 Brutum,
1541 1337 1567 1391 in
1589 1337 1636 1399 nit,
1650 1338 1780 1405 abierunt,

992 1419 1057 1473 qaroa
1071 1403 1215 1455 didicerunt
1235 1404 1385 1472 apartibus
1405 1405 1469 1457 suis.
1487 1405 1561 1460 Unde
1570 1353 1757 1476 ‘hieronymus
1772 1428 1778 1462 :

997 1491 1006 1521 ι
1023 1472 1092 1541 Ergo
1106 1485 1155 1525 nee
1165 1480 1317 1539 parentum,
1332 1487 1381 1526 nee
1396 1471 1527 1540 rrurjorum
1541 1491 1618 1529 error
1629 1480 1781 1549 sequendus

994 1551 1045 1604 est,
1060 1543 1107 1594 sed
1119 1542 1265 1595 auctoritas
1276 1540 1485 1611 Scripturatunr,
1499 1553 1527 1599 et
1542 1545 1589 1599 Dei
1602 1546 1723 1601 docentis
1735 1548 1782 1602 irrr-

1014 1625 1135 1664 ertttttt.r

994 1626 1012 1680 p
1029 1680 1195 1750 Augustinus
1217 1680 1244 1733 in
1268 1682 1401 1750 psalmum
1416 1697 1480 1736 catu
1495 1699 1502 1734 :
1519 1701 1528 1732 r
1544 1683 1676 1740 Videntur
1693 1696 1782 1741 autem

994 1751 1045 1805 sibi
1059 1750 1223 1818 purgatioris
1237 1764 1295 1804 esse
1306 1751 1452 1820 religionis,
1467 1753 1512 1821 qui
1525 1754 1625 1820 dieunt,
1638 1771 1687 1810 nec
1700 1756 1784 1817 simu·

995 1820 1107 1880 lacrum,
1122 1834 1171 1872 nee
1181 1819 1341 1874 demonium
1353 1820 1422 1883 eolo,
1436 1830 1482 1875 sed
1495 1822 1607 1893 ctttgiem
1619 1826 1784 1894 corporalem

995 1892 1054 1953 e'gus
1075 1889 1113 1941 rei
1137 1890 1242 1956 signum
1266 1891 1373 1944 intucor
1396 1905 1476 1961 quarn
1503 1892 1591 1946 colere
1614 1895 1709 1949 debeo.
1727 1916 1785 1948 r·-

995 1960 1060 2014 ltem
1078 1968 1138 2028 post
1152 1973 1236 2028 pauca
1251 1974 1258 2011 ι
1273 1979 1283 2009 ι
1297 1961 1403 2013 Audeat
1416 1964 1649 2028 respondereque
1662 1965 1717 2035 ipsa
1729 1981 1785 2020 eor·

995 2045 1061 2112 pora
1082 2028 1181 2093 colere,
1207 2030 1253 2082 scd
1274 2044 1335 2099 quie
1357 2029 1410 2083 illis
1432 2030 1556 2098 regendis
1579 2034 1721 2101 president
1738 2051 1786 2089 nu-

997 2114 1108 2153 initia.»

1033 2169 1061 2222 si
1073 2169 1153 2229 enim,
1173 2168 1243 2222 sient
1263 2169 1401 2236 praemissa
1415 2176 1568 2224 sanctorum
1581 2180 1687 2240 patrum
1703 2174 1785 2228 doeu·

997 2247 1087 2293 menta
1096 2238 1242 2300 declarant,
1256 2239 1342 2292 saneti
1356 2237 1442 2309 angeli
1460 2248 1485 2292 et
1498 2242 1582 2294 sarrcti
1598 2242 1645 2295 riri
1660 2257 1712 2297 non
1724 2252 1787 2298 sunt

997 2308 1102 2361 colendi
1117 2322 1168 2361 nee
1192 2306 1332 2371 adorandi,
1359 2309 1409 2363 ltoc
1433 2307 1505 2363 enim
1530 2318 1557 2363 et
1571 2311 1621 2379 ipsi
1643 2311 1786 2382 refugiunt,

998 2378 1045 2432 sed
1068 2376 1124 2430 sola
1141 2377 1283 2440 charitate,
1300 2393 1352 2431 non
1377 2386 1465 2431 autem
1484 2379 1611 2435 servitute
1627 2381 1786 2445 honorandi,

997 2461 1049 2501 nee
1073 2447 1173 2502 sanetis
1195 2448 1361 2521 martyribus
1383 2447 1488 2517 templa,
1503 2463 1579 2503 saera
1602 2460 1628 2504 et
1645 2453 1786 2515 sacrilieia,

998 2519 1045 2573 sed
1065 2517 1115 2572 soll
1139 2518 1195 2573 Deo
1220 2519 1420 2578 cotrstituenda,
1448 2520 1597 2587 presertim
1623 2535 1683 2575 curn
1706 2521 1789 2577 hono·

1000 2586 1076 2641 randi
1091 2592 1270 2656 stntpropter
1286 2589 1471 2651 imitationem,
1494 2603 1547 2642 non
1573 2589 1701 2645 adorandi
1725 2606 1790 2672 pro·

999 2666 1060 2727 pter
1090 2656 1255 2725 religionem,
1275 2671 1326 2726 qua
1355 2658 1458 2711 ratione
1490 2657 1598 2728 antiqua
1629 2669 1790 2717 auctorrtate

1000 2727 1141 2785 adoratio,
1171 2727 1325 2789 incensum,
1352 2725 1510 2791 luminaria,
1537 2737 1563 2783 et
1586 2738 1697 2793 catera,
1728 2745 1789 2801 qttae

1001 2796 1151 2865 inepistola
1175 2797 1330 2850 Graecorum
1348 2805 1559 2852 annrrmerantor
1579 2798 1619 2853 eis
1640 2799 1789 2855 exbibenda

1000 2867 1081 2920 sunt?
1095 2866 1261 2935 Quapropter
1270 2866 1369 2921 omissa
1381 2866 1453 2921 omni
1467 2868 1656 2936 superstitione
1666 2871 1791 2926 conuenit

1002 2945 1101 2990 sanctae
1124 2937 1263 2992 catholicae
1288 2944 1316 2990 et
1337 2936 1490 3005 apostoticae
1515 2937 1641 2995 Ecclesiae
1667 2939 1791 3009 religioni

1002 3021 1064 3075 erga
1086 3013 1240 3060 sauctorum
1259 3007 1390 3076 imagines
1404 3007 1474 3061 harre
1488 3007 1676 3064 discretionem
1689 3018 1789 3073 tenere,

1002 3075 1072 3130 sieut
1082 3075 1197 3130 eximius
1206 3074 1301 3130 doctor
1312 3077 1407 3131 beatus
1419 3090 1486 3146 papa
1496 3075 1641 3147 Gregorius
1655 3079 1754 3142 docuit,
1765 3089 1793 3133 et

1002 3145 1791 3219 insuisscriptisnobistcuendumsequendumquereliquit.

1299 3258 1413 3315 CAPUT
1433 3260 1487 3314 t'tt.

1039 3349 1078 3402 Ne
1089 3349 1171 3419 igitur
1188 3365 1219 3404 er
1235 3352 1424 3420 superstitione
1436 3358 1482 3405 aut
1499 3366 1530 3406 ear
1543 3352 1662 3421 qualibet
1680 3352 1733 3407 alia
1745 3369 1793 3409 oe·

1004 3421 1113 3474 easione
1135 3421 1261 3474 scaudala
1285 3420 1478 3475 infirmioribus
1501 3419 1629 3476 iratribus
1652 3424 1794 3491 provenire

1004 3497 1122 3556 possent,
1141 3489 1192 3543 hoc
1207 3503 1376 3557 summopere
1389 3490 1473 3543 saneti
1487 3490 1536 3542 riri
1549 3493 1659 3558 prouida
1672 3492 1796 3548 couside-

1005 3561 1110 3612 ratione
1134 3558 1219 3612 riurre
1244 3560 1413 3621 studuerunt,
1431 3567 1458 3611 et
1482 3559 1561 3613 diets
1585 3558 1715 3630 laetisque
1738 3566 1796 3617 suis

1004 3629 1083 3681 nobis
1096 3626 1232 3679 vitandum
1247 3642 1438 3697 usquequaque
1453 3628 1592 3682 euidenter
1604 3632 1758 3684 ostendunt.

1042 3696 1109 3750 lliue
1121 3697 1192 3749 euim
1211 3697 1306 3750 tretus
1319 3697 1483 3766 Augustinus
1501 3699 1527 3751 in
1545 3697 1614 3752 libro
1628 3715 1654 3752 rr
1671 3701 1704 3754 de
1724 3698 1796 3754 cirt-

1008 3774 1061 3819 tate
1076 3767 1120 3819 liei
1137 3784 1143 3816 ι
1162 3783 1171 3813 r
1189 3765 1312 3832 hlajores,
1327 3767 1425 3836 inquit,
1440 3767 1535 3832 nostri,
1550 3769 1767 3837 superstitionem
1780 3788 1795 3824 a

1007 3836 1137 3905 religione
1146 3845 1351 3903 separarerrrrrt.
1373 3856 1382 3888 ι

1042 3906 1108 3959 ltem
1123 3906 1192 3958 idern
1209 3906 1235 3958 in
1248 3905 1317 3960 libro
1334 3922 1350 3959 rt
1363 3906 1397 3961 de
1409 3905 1524 3960 Ciuitate
1537 3906 1583 3961 Dei
1598 3904 1717 3961 e'usdem
1730 3923 1795 3978 ope·

1008 3976 1047 4029 ris
1059 3993 1065 4028 :
1084 3993 1093 4024 r
1109 3974 1235 4043 Legimus
1246 3984 1399 4044 serpentum
1411 3991 1516 4031 morsus
1526 3977 1605 4032 morti
1617 3992 1678 4032 eros
1688 3992 1795 4047 paenam

1005 4045 1181 4115 jeszissimam
1198 4054 1369 4113 peccatorum
1385 4048 1410 4100 in
1424 4046 1496 4118 ligno
1510 4046 1627 4102 exaltato
1642 4055 1721 4117 atque
1733 4062 1799 4118 pro-

1009 4122 1101 4185 specto
1115 4127 1189 4168 enee
1202 4124 1326 4183 serpente
1340 4125 1457 4180 sanatos,
1477 4124 1504 4170 ut
1518 4123 1545 4170 et
1558 4117 1656 4187 populo
1672 4118 1798 4172 subreni-

1010 4192 1084 4239 retur
1095 4184 1202 4245 alllieto,
1217 4193 1244 4238 et
1258 4201 1330 4240 rnors
1344 4195 1429 4239 morte
1443 4188 1589 4251 destructa,
1612 4186 1654 4241 rel
1669 4196 1698 4241 ut
1710 4189 1798 4243 cruci-

1010 4255 1070 4309 llrae
1084 4256 1179 4309 mortis
1192 4254 1366 4309 similitudine
1379 4257 1539 4326 signaretur.
1558 4255 1641 4322 Quem
1661 4271 1726 4311 sane
1741 4273 1800 4327 ser-

1187 4333 1248 4445 pter
1272 4323 1335 4379 laeti
1357 4326 1515 4382 memoriam
1540 4335 1715 4392 reseratum,
1736 4342 1798 4383 cum

1011 4403 1103 4463 postca
1117 4408 1186 4463 popu
1201 4409 1230 4447 as
1244 4410 1337 4449 errans
1351 4403 1476 4464 tanquam
1489 4395 1588 4451 idolum
1603 4396 1691 4451 colere
1702 4397 1799 4466 ooepis·

1011 4473 1061 4522 set,
1074 4463 1202 4518 Erecbias
1215 4478 1259 4517 res
1272 4465 1394 4536 religiosa
1402 4473 1534 4534 potestate
1543 4466 1599 4520 Deo
1607 4480 1727 4523 servreus
1737 4482 1798 4522 cum

1012 4551 1055 4588 rua
1075 4547 1108 4586 na
1123 4534 1231 4603 pietatis
1244 4533 1320 4588 laude
1333 4535 1468 4588 cotttririt.
1487 4556 1496 4586 r

1048 4550 1113 4656 pale
1123 4603 1187 4671 quil
1200 4612 1227 4656 et
1239 4603 1347 4657 beatum
1366 4602 1541 4674 Epiphaniam
1556 4605 1644 4660 rtrum
1658 4606 1799 4663 sanctissi-

1013 4688 1086 4727 mum
1103 4680 1129 4724 et
1142 4671 1324 4726 doctissimum
1339 4676 1396 4727 zelo
1408 4674 1498 4730 «lirino
1511 4689 1678 4738 succensum,
1697 4677 1724 4732 iu
1741 4678 1800 4748 epi-

1013 4745 1082 4797 stola
1095 4755 1174 4809 quam
1193 4743 1225 4795 art
1249 4740 1380 4796 ioannem
1395 4742 1718 4816 constantinopolitannm
1741 4747 1801 4816 epi-

1015 4824 1126 4879 scopum
1139 4811 1243 4876 scribit,
1263 4819 1289 4864 et
1308 4812 1403 4866 heatus
1423 4813 1645 4936 llieronpnusde
1666 4815 1760 4871 Greeo
1772 4815 1800 4869 in

1016 4881 1141 4936 Latinum
1156 4895 1308 4935 sermonem
1328 4882 1515 4946 transtulerat,
1537 4884 1641 4951 egimus
1653 4882 1769 4940 iecisse:

1057 4969 1067 5000 r
1082 4949 1187 5011 Audiri,
1202 4951 1297 5021 inquit,
1311 4954 1441 5020 quosdam
1454 4967 1622 5008 murmurare
1636 4963 1729 5010 eontra
1747 4969 1802 5021 me,

1017 5019 1124 5089 quando
1134 5018 1213 5073 simul
1224 5021 1399 5090 pergebamus
1412 5021 1445 5076 ad
1457 5031 1579 5078 sanetum
1598 5022 1687 5078 locum
1698 5024 1743 5093 qui
1756 5037 1804 5080 ro·

1017 5097 1095 5144 eatur
1112 5089 1212 5147 Bethel,
1229 5099 1258 5143 ut
1270 5089 1306 5143 iri
1324 5090 1463 5144 oolleetam
1478 5100 1566 5147 teeum
1579 5107 1612 5147 ex
1625 5108 1699 5148 more
1715 5091 1803 5149 eccle

1019 5160 1129 5214 siastico
1139 5158 1265 5223 lacerem,
1283 5169 1310 5214 et
1321 5161 1452 5215 venissem
1470 5162 1503 5216 ad
1519 5161 1608 5216 rillam
1630 5177 1690 5231 qrrae
1705 5162 1805 5219 dicitur

1019 5228 1161 5290 Anablata,
1181 5229 1361 5299 vidissemque
1376 5230 1411 5284 ibi
1435 5232 1592 5302 preteriens
1610 5232 1746 5287 hicemam
1761 5248 1805 5288 ar·

1019 5299 1137 5359 derrteur,
1151 5309 1175 5350 et
1188 5299 1337 5369 interrogas
1346 5315 1393 5353 ‘ern
1407 5300 1451 5369 qui
1466 5302 1539 5356 loeus
1549 5310 1630 5365 esset,
1641 5302 1806 5358 didicissent-

1019 5383 1071 5436 que
1092 5381 1151 5421 csse
1163 5369 1314 5431 eeclesiam,
1329 5378 1355 5423 et
1370 5370 1511 5424 intrassem
1536 5379 1566 5425 ut
1585 5386 1700 5429 orarem.
1716 5372 1806 5428 inueni

1020 5439 1056 5491 ibi
1070 5438 1156 5491 relum
1179 5443 1297 5506 pendens
1310 5441 1337 5492 in
1359 5439 1462 5493 loribus
1474 5439 1592 5506 ejusdem
1608 5442 1737 5506 ecclesie,
1754 5443 1807 5496 tin-

1019 5517 1091 5561 ctum
1113 5515 1193 5577 atque
1221 5511 1365 5577 depictum,
1390 5518 1417 5562 et
1441 5510 1543 5564 babens
1566 5511 1707 5580 imaginent
1730 5511 1806 5582 quasi

1019 5576 1130 5643 Christi,
1144 5578 1184 5631 rel
1199 5581 1283 5633 sancti
1296 5578 1444 5647 errjrtsiam.
1459 5579 1516 5636 b'eu
1529 5581 1600 5637 eniut
1621 5583 1687 5638 satis
1698 5583 1806 5638 mennrti
